2888 4824
367 274 530 322 eunomcon
551 275 782 323 unruonnrunsa.
1071 251 1145 320 409

23 413 180 500 Virginis,
213 419 322 501 preter
346 412 554 482 Lambertum
582 413 732 482 eiusdem
757 413 901 483 ecclesie
927 417 1142 507 prepositum,
1164 441 1230 498 ¹250

23 513 68 579 oui
85 513 193 579 clerus
212 511 435 580 liriordiensis
463 531 502 579 ac
530 514 638 582 tocius
668 515 879 602 prepositure
904 513 1031 582 iecerat
1058 515 1146 583 obe-

23 610 181 700 dientiam,
201 629 299 698 quem
315 612 471 696 preterito
490 630 597 701 anno,
617 611 773 680 defuncto
793 612 915 680 Silrido
933 613 1146 704 llloguntino,
1222 654 1226 662 -

24 710 166 776 dominus
185 729 274 798 papa
291 710 409 779 eodem
426 711 644 778 investiverat
661 711 835 780 beneficio.
862 711 1011 780 Tandem
1029 713 1147 780 buius-

23 807 100 876 modi
114 811 344 877 controversia
359 811 479 897 sopita,
497 809 604 877 dictus
622 811 735 898 presul
752 810 941 878 Heinricum
959 813 1065 878 sanoti
1082 811 1147 879 Pe-

23 909 54 974 tri
70 907 222 975 abbatem
239 909 303 975 iam
322 907 595 976 valetudinarium
614 908 767 997 absolvit,
786 909 976 976 Volmamm
995 909 1146 979 eiusdem

25 1007 153 1074 ecclesie
183 1005 350 1093 quondam
383 1007 580 1076 monachum
607 1007 669 1076 sed
696 1027 785 1075 nunc
807 1008 1054 1076 Rursi'eldonsis
1080 1008 1146 1076 ab·

24 1106 117 1171 batem
136 1105 328 1191 subrogans
348 1105 464 1174 eidem.
498 1107 578 1174 Post
603 1107 666 1174 hec
690 1106 802 1174 divina
819 1107 952 1175 laurente
972 1108 1147 1177 clementia

26 1203 167 1271 dominici
194 1207 342 1292 eorporis
361 1210 619 1295 sacramentum,
651 1205 741 1292 quod
759 1207 792 1272 in
811 1208 889 1274 anni
913 1208 1057 1294 preteriti
1083 1225 1145 1275 au-

26 1309 123 1369 tumno
141 1303 175 1368 in
195 1305 340 1372 eeclesia
364 1304 452 1372 beati
469 1303 604 1371 Martini
628 1304 802 1392 hospitalis
828 1324 846 1372 a
872 1305 1015 1393 quodam
1040 1306 1145 1372 male-

27 1401 78 1468 ioo
95 1398 180 1468 iurto
207 1402 372 1469 sublatum
392 1402 507 1492 luerat,
535 1420 574 1471 ac
597 1405 630 1469 in
648 1405 778 1491 piscina
804 1403 947 1491 quodam
977 1404 1144 1472 diabolico

26 1501 167 1567 instirrotn
187 1501 406 1591 submersum,
426 1501 544 1570 eodem
557 1502 708 1570 molesmo
723 1521 783 1590 per
800 1503 1048 1571 confessionem
1066 1521 1146 1592 pro-

28 1597 126 1687 dente,
146 1605 313 1687 repertum
332 1606 393 1668 est.
429 1598 637 1689 Quapropter
659 1601 766 1670 dietus
785 1601 938 1689 pontilex
956 1608 1145 1671 convocato
1174 1635 1175 1638 ¹

27 1704 83 1765 toto
100 1699 242 1766 civitatis
262 1700 352 1767 clero
371 1697 413 1766 ad
430 1700 540 1767 locum
557 1701 614 1767 ubi
628 1699 693 1768 boc
710 1701 887 1768 terrificum
903 1707 1146 1769 sacramentum

29 1795 217 1864 reconditum
237 1797 344 1866 luerat
360 1799 519 1888 perrexit,
539 1818 579 1867 ao
595 1799 674 1866 inde
693 1805 856 1887 sumptum
876 1800 1052 1888 sollempni
1070 1819 1144 1868 cum

29 1899 283 1982 processionem
302 1897 448 1965 ccclesia
466 1897 563 1966 beate
581 1897 686 1966 llario
705 1897 827 1966 devote
847 1898 1032 1966 collocavit.

88 1993 156 2062 lloo
185 1997 292 2064 eciam
311 2013 398 2064 anno
417 1997 449 2064 ii.
474 1997 538 2064 kal.
566 1999 670 2064 martii
693 1994 776 2086 [leb.
800 1995 865 2088 28]
891 1998 1036 2066 marchio
1055 1997 1144 2066 Mis-

31 2095 126 2161 nensis
151 2095 185 2161 in
203 2089 408 2162 Mnlbusen1
425 2097 621 2183 provinciali
644 2097 793 2184 presedit
819 2095 951 2164 iudicio.
985 2096 1048 2164 Ubi
1066 2115 1144 2184 pre-

32 2191 161 2260 sentibus
180 2195 290 2262 multis
311 2200 394 2262 terre
409 2195 590 2262 baronibus
608 2213 724 2283 paoem
743 2195 873 2262 firmiter
897 2199 995 2282 atque
1014 2194 1144 2264 stabili·
1165 2191 1169 2198 ’

31 2294 68 2355 ter
82 2291 259 2361 iuramento
278 2293 492 2362 confirmavit.
510 2294 632 2381 Sicque
650 2301 735 2362 terre
754 2293 903 2362 eiusdem
917 2295 1144 2384 principatum,

31 2386 93 2456 licet
109 2408 127 2456 a
142 2391 309 2461 Friderico
334 2392 500 2480 quondam
525 2395 723 2480 imperatore
748 2410 837 2460 nuno
861 2400 970 2460 autem
988 2393 1144 2481 deposito

33 2483 133 2555 festiva
149 2492 347 2559 vexillorum
365 2491 571 2559 exhibitione
590 2491 653 2560 sibi
672 2491 902 2581 contraditum,
920 2492 1084 2562 violenter
1105 2509 1145 2559 ac

33 2585 133 2654 iniuste
150 2591 335 2678 occupavit.
361 2589 448 2658 Dein
475 2592 577 2659 tercia
595 2589 648 2659 die
670 2593 811 2658 veniens
830 2591 1020 2658 Ysenacum
1039 2609 1059 2657 a
1077 2590 1144 2657 du-

34 2684 106 2751 cissa
120 2687 307 2778 Brabantie,
327 2689 389 2756 sub
403 2691 536 2757 nomine
554 2691 674 2756 tutoris
699 2691 807 2777 ipsius
831 2689 906 2779 dlii,
933 2689 1045 2756 nobile
1063 2688 1144 2758 illud

34 2789 155 2852 castrum
172 2787 349 2856 Wartbero
376 2805 449 2855 oum
475 2793 545 2860 tota
567 2787 687 2857 Hassie
712 2795 798 2856 terra
823 2787 866 2855 ad
892 2805 999 2856 annos
1025 2787 1143 2856 decem

35 2883 251 2954 commodatum
271 2888 431 2975 suscepit.

91 2978 156 3050 Hoc
174 3003 263 3053 anno
281 3003 405 3054 novum
424 2985 502 3054 belli
522 3003 631 3072 genus
655 2987 720 3056 imo
739 2985 859 3054 dolose
878 2986 1062 3054 traditionis
1081 3004 1143 3053 au-

36 3075 116 3146 ditum
139 3089 197 3151 est.
230 3083 314 3151 Nam
339 3101 412 3151 oum
431 3084 621 3153 Rremensis
645 3085 760 3172 presul
787 3091 820 3153 et
845 3104 959 3154 comes
983 3085 1143 3154 Holsacie

38 3184 130 3246 contra
152 3201 266 3268 regem
290 3182 393 3250 Dacia
418 3183 506 3250 bella
531 3171 719 3273 moverent,
744 3186 849 3272 ipsius
868 3203 1060 3270 germanum
1079 3201 1143 3252 no-

37 3275 104 3343 mine
120 3277 217 3371 Abel,
245 3281 362 3349 ducem
388 3281 544 3350 videlicet
568 3282 709 3371 luscio,
730 3283 793 3350 sibi
813 3283 1065 3370 quoquomodo
1085 3300 1143 3350 as-

38 3376 232 3449 sociaverunt.
266 3377 330 3460 Qui
353 3379 442 3448 fratri
472 3398 535 3449 suo
559 3383 593 3448 in
617 3381 696 3449 dolo
724 3381 960 3450 confederatus
969 3434 979 3471 ,
1007 3381 1084 3449 dum
1108 3381 1142 3446 in

38 3473 111 3555 regia
133 3478 206 3545 villa
233 3478 364 3548 Slesvio
388 3479 528 3568 pacifice
560 3480 819 3568 convenissent,
851 3497 918 3548 non
947 3481 1032 3548 sicut
1057 3477 1143 3546 Abel

41 3569 87 3635 sed
107 3575 183 3642 sicut
207 3576 404 3646 maledictus
430 3578 511 3646 Cain
538 3577 720 3667 fratricida,
743 3578 865 3646 dictum
884 3597 998 3664 regem
1015 3580 1048 3644 in
1067 3577 1150 3648 vin-1

41 3668 97 3735 cula
110 3673 197 3763 iecit,
224 3693 264 3744 ac
288 3678 365 3744 navi
391 3677 580 3765 impositum
599 3683 699 3765 atque
719 3677 897 3746 deductum
916 3695 984 3745 non
1001 3677 1103 3762 longe
1124 3694 1144 3743 a

43 3764 147 3838 civitate
163 3773 195 3841 in
214 3774 356 3860 quodam
368 3775 444 3843 loco
463 3775 622 3844 decollari
636 3777 794 3864 precepit.
814 3773 876 3855 Qui
890 3774 1020 3844 fratrem
1035 3792 1143 3862 quen-

42 3859 98 3931 dam
113 3869 226 3940 ordinis
244 3873 489 3943 Predicatorum
507 3873 689 3963 advocans,
708 3867 783 3942 ubi²
800 3875 916 3942 melius
934 3875 1043 3963 potuit
1061 3891 1144 3942 oon-

44 3957 147 4056 iessus,
170 3969 290 4040 deinde
315 3973 464 4041 lictorem
490 3975 641 4062 rogavit,
666 3980 702 4040 ut
730 3991 767 4041 se
785 3974 922 4061 primum
940 3974 1144 4042 membratim

45 4061 196 4158 tnrnoaret,
214 4088 253 4138 ac
272 4072 322 4138 sio
341 4070 534 4140 decollaret.
561 4070 659 4152 Quod
676 4071 797 4140 iactum
818 4081 879 4141 est.
895 4073 1024 4160 Corpus
1038 4073 1143 4160 ipsius

45 4163 120 4227 ornis
147 4167 322 4237 involutum
349 4171 449 4240 iluvio
474 4172 704 4239 immerserunt
737 4191 766 4238 v.
785 4169 862 4238 idus
892 4173 1037 4258 augusti.
1063 4170 1143 4238 Post

71 4266 94 4332 l)
109 4269 266 4334 blittelbusen
283 4277 352 4332 wird
370 4295 400 4333 es
418 4279 514 4335 helsen
533 4277 629 4334 sollen.
666 4280 697 4347 2]
716 4278 773 4332 ulii
