2886 4834
267 212 311 280 96
638 241 802 288 canonicor
825 243 1032 290 ccuurnrursr.

267 381 437 468 superiore
456 397 544 446 anno
563 378 604 446 ad
624 397 742 467 papam
752 377 888 448 Romam
902 382 1046 472 miserat,
1057 397 1175 468 nempe
1194 380 1258 450 duo
1276 382 1402 448 milites

266 485 299 546 et
323 479 446 546 tercius
472 479 566 546 miles
593 478 733 546 clericus
758 480 790 546 in
816 481 885 547 iure
910 481 1082 568 plurimum
1108 487 1281 568 versatus,
1312 482 1400 548 circa

265 577 528 667 purificationem
554 576 722 645 redierunt
746 585 779 645 et
805 578 846 646 ad
871 581 987 664 regine
1012 581 1213 668 presentiam
1231 596 1402 666 pervene-

265 682 350 744 runt.
375 675 505 762 Regina
521 693 601 744 vero
621 695 720 743 unum
740 695 782 745 err
800 679 848 745 eis
858 677 1060 747 Monachum
1077 679 1209 746 militem
1228 677 1402 745 testinan-

266 783 315 843 ter
333 775 375 842 ad
402 793 515 860 regem
538 777 734 863 transmisit,
755 795 878 862 rogans
897 778 1091 865 suppliciter
1109 779 1267 866 quatinus
1286 777 1402 844 subito

266 874 458 961 dignaretur
475 873 518 941 ad
536 875 608 942 eius
626 877 826 962 presentiam
845 878 968 944 venire.
1002 875 1074 946 Hoc
1092 883 1203 944 autem
1219 895 1281 944 rex
1300 876 1403 943 velo-

267 975 348 1040 citer
365 972 566 1061 adimplevit.

340 1073 511 1140 Venerunt
529 1073 633 1139 nuntii
651 1073 740 1158 regis
759 1072 979 1141 Romanorum
998 1073 1082 1140 inira
1099 1079 1253 1141 octavam
1267 1072 1401 1141 dohan-

266 1172 319 1238 nis
337 1171 480 1259 baptiste
498 1172 531 1237 in
551 1169 809 1261 Columbariam‚
830 1172 979 1241 dicentes
998 1171 1088 1260 quod
1106 1189 1194 1260 papa
1212 1175 1246 1240 in
1265 1174 1404 1240 consis-

266 1271 349 1338 torio
376 1287 486 1338 coram
512 1268 658 1358 pluribus
683 1270 826 1338 millibus
852 1271 1020 1340 hominum
1045 1271 1206 1362 dixisset,
1233 1271 1330 1358 quod
1349 1289 1404 1338 ren

266 1367 486 1438 Romanorum
513 1377 606 1436 esset
630 1386 731 1436 verus
756 1375 790 1437 et
813 1372 848 1438 in
874 1371 981 1457 gratia
999 1387 1077 1460 sua,
1097 1376 1130 1438 et
1148 1369 1286 1458 quando
1307 1371 1404 1436 veni-

267 1473 333 1556 ret,
353 1469 440 1536 sicut
462 1487 521 1601 1reu
543 1472 675 1535 tenetur
697 1470 828 1560 venire,
855 1469 957 1538 vellet
974 1487 1049 1537 eum
1068 1487 1266 1538 consecrare
1285 1471 1323 1535 in
1343 1470 1403 1535 im-

266 1571 452 1656 peratorem
476 1619 483 1634 .

374 2159 576 2230 nunnius
602 2159 968 2230 nncunrruousns.
1023 2141 1088 2228 aar
1115 2201 1158 2208 -
1181 2163 1289 2229 1272.

181 2538 185 2546 -
204 2505 252 2560 cat
340 2463 461 2566 Auno
480 2497 521 2566 55
539 2499 766 2568 incarnatione
785 2498 908 2568 domini
926 2497 1077 2566 dcxxxi.
1104 2497 1323 2586 Dogobertus
1350 2516 1401 2565 rer

269 2598 492 2669 monarchiam
525 2600 559 2666 in
592 2597 695 2666 tribus
722 2601 835 2684 regnis
860 2596 1131 2684 Burgundionum
1155 2597 1399 2666 Austrasicrum

270 2698 477 2788 superiorum
501 2697 701 2767 Francorum
726 2699 893 2784 sagaciter
917 2697 1060 2787 recepit,
1094 2696 1221 2786 luitque
1249 2715 1311 2764 rex
1336 2695 1398 2765 lor·
1441 2689 1442 2698 ’

270 2800 416 2867 tissimus
436 2802 497 2864 etc.

343 2894 441 2964 Anno
457 2894 579 2963 domini
590 2895 754 2963 dclxxiii.
773 2948 780 2961 .
800 2948 806 2961 .
825 2947 834 2964 .
860 2893 985 2963 Eodem
1000 2901 1147 2982 tempore
1162 2894 1282 2962 beatus
1297 2891 1399 2960 Arbo-

270 3001 389 3082 gastus
408 2995 523 3084 extitit,
542 2995 597 3080 qui
617 2995 717 3062 filium
734 2993 919 3080 Dagoberti
935 3011 954 3061 a
968 2999 1072 3061 morte
1088 2987 1399 3083 suscitavit,'etllo-

271 3093 407 3182 rentius,
431 3093 486 3178 qui
504 3091 601 3160 iliam
618 3093 767 3162 eiusdem
787 3093 876 3179 regis
895 3112 915 3160 a
933 3091 1088 3160 demonio
1106 3093 1261 3160 vexatam
1278 3092 1398 3160 libera·
1440 3093 1441 3098 ’

270 3193 326 3281 vit,
345 3189 530 3277 Argentine
548 3193 695 3261 vicissim
714 3191 936 3261 succedentes
956 3193 1107 3280 episcopi
1125 3191 1327 3258 claruerunt.
1346 3243 1352 3256 .
1370 3241 1397 3254 ..

261 3315 263 3320 ·
343 3266 532 3359 Leudesius
567 3309 709 3379 namque
736 3309 808 3359 curn
840 3293 943 3358 maior
975 3289 1093 3358 dornus
1124 3295 1234 3379 esset,
1267 3287 1399 3357 duxerat
1439 3287 1440 3378 ξ

270 3407 407 3458 uxorem
425 3388 467 3456 de
485 3393 643 3479 prosapia
661 3391 768 3458 sancti
788 3387 991 3476 sigismundi
1011 3390 1099 3474 regis
1117 3387 1325 3478 Burgundio,
1343 3404 1397 3474 ge-

271 3490 408 3576 nuitque
427 3505 470 3555 ex
488 3506 528 3556 ea
545 3485 696 3556 Athicum
717 3507 779 3556 seu
796 3486 994 3556 uldalricum
1023 3485 1086 3567 Qui
1104 3494 1161 3574 pat
1163 3505 1197 3554 re
1148 3485 1329 3554 tadhue
1345 3503 1396 3552 su-

271 3589 407 3702 perstite
432 3593 464 3654 et
483 3585 648 3655 Hildericc
676 3594 839 3673 regnante
857 3604 993 3654 uxorem
1014 3585 1155 3653 duxerat
1172 3583 1439 3656 Berswiadan

270 3689 420 3776 nomine,
449 3685 547 3754 filiam
574 3688 700 3755 sororis
725 3688 833 3755 sancti
851 3684 1062 3772 Lecdegarii,
1081 3702 1230 3752 sororem
1250 3673 1439 3751 videlieet

167 3831 170 3838 ,
272 3787 397 3870 regine.
441 3777 492 3851 05
519 3785 605 3852 5555
635 3801 770 3853 causam
802 3785 1102 3870 consanguinitatis
1129 3801 1148 3852 a
1172 3782 1303 3896 prelato
1326 3797 1394 3866 rege

272 3881 426 3950 ducatum
447 3881 621 3952 Germanic
648 3884 790 3998 adeptos
822 3892 889 3972 est,
921 3882 1100 3970 habuitque
1129 3880 1279 3948 sedem
1271 3899 1303 3948 m
1330 3879 1395 3948 villa

273 3983 365 4067 regio
396 3981 577 4049 Ehenheim
604 3985 668 4050 et
659 4001 692 4049 nr
720 3989 830 4051 castro
858 3981 948 4069 quod
978 3981 1187 4066 Hohenburg
1210 3981 1438 4084 nominatur.

275 4079 461 4166 Genuitque
486 4079 582 4148 iliam
608 4099 626 4148 5
646 4083 816 4151 nativitate
835 4099 948 4150 cecam
966 4082 1098 4150 nomine
1117 4075 1278 4169 odiliam,
1306 4091 1393 4165 quea

310 4245 342 4308 l)
360 4258 391 4296 so
410 4249 494 4298 saluta
512 4244 556 4298 ielr
574 4251 638 4298 statt
656 4257 784 4298 cesarem.
