2886 4834
293 194 337 262 38
666 223 793 269 nmnurs
813 223 1041 268 couunmrmsrs.

211 367 276 423 nasa
294 377 369 428 nem
396 377 497 448 super
520 359 674 431 homines
700 361 735 427 in
760 359 908 428 Rubiaca
933 361 1062 452 posuit,
1089 365 1123 427 et
1148 359 1204 446 qui
1228 360 1398 447 precedenti

292 476 381 527 anno
399 457 514 526 libram
532 459 641 551 dedit,
659 461 725 528 isto
744 477 833 528 auno
860 459 1002 528 maroam
1028 477 1091 527 suo
1118 457 1251 526 donnino
1276 477 1398 547 prescn-
1432 525 1433 544 2

291 559 385 648 tavit,
405 563 438 626 et
456 565 538 645 quot
554 557 655 627 libras
674 557 812 646 quilibet
828 575 918 626 anno
935 557 1130 647 precedenti
1148 555 1249 649 dedit,
1267 563 1314 626 tot
1328 577 1399 625 mar·

292 675 350 724 cas
370 657 502 726 sclvcre
528 657 728 746 cogebatur3
754 659 892 745 insuper
908 657 1075 728 dominum
1094 655 1280 725 Conradum
1297 657 1401 726 Wern·
1432 665 1433 706 ³

292 757 406 824 hcmm
424 755 465 824 dc
483 756 637 825 Hadistat
662 755 807 844 cogebat
824 755 979 825 Hadistnt
1005 761 1038 824 ot
1064 757 1147 824 alias
1172 773 1226 824 res
1253 773 1328 823 suas
1352 755 1401 824 sibi

292 856 479 923 voluntarie
505 861 709 944 presentare.
750 854 874 937 Quarto
900 855 976 924 idus
1000 856 1113 944 aprilis
1138 853 1312 923 interdictu
1339 863 1401 923 sunt

293 953 406 1022 divina
432 953 758 1024 Columbariensibus
785 953 876 1042 quod
900 955 1077 1024 noluemnt
1099 953 1338 1022 Basiliensibus
1360 956 1401 1020 iu-

283 1051 423 1121 dicibus
451 1053 596 1122 obedire.
648 1054 749 1122 Filius
773 1055 863 1140 regis
889 1050 1000 1122 Adolli
1028 1054 1187 1142 opposuit
1221 1071 1260 1122 so
1287 1053 1402 1121 domino

293 1152 547 1242 archiepiscopo
561 1152 772 1242 ltlaguntino,
788 1151 917 1221 babens
935 1153 1104 1221 adiutores
1123 1152 1240 1221 decem
1257 1153 1403 1240 prinsipes
1434 1192 1435 1236 p

293 1253 424 1320 vicinos
452 1271 553 1343 sum,
579 1258 665 1321 terre
684 1252 839 1320 dominos
864 1254 1022 1340 potiores.
1059 1251 1179 1320 Comes
1205 1251 1404 1320 Phirretarum
1434 1243 1435 1290 l

294 1369 315 1418 a
333 1350 466 1418 dominc
485 1350 527 1419 dc
544 1351 730 1420 lldtcllneim
748 1351 942 1440 captivatur.
975 1350 1046 1419 llcrr
1062 1350 1286 1420 Romanorum
1302 1349 1404 1418 Alben-
1434 1345 1435 1352 ’

294 1456 348 1516 tus
374 1449 511 1517 abstulit
537 1451 725 1518 civitatibus
751 1451 876 1538 imperii
908 1449 1093 1519 libertatem
1126 1459 1224 1538 quam
1255 1449 1405 1516 habebant
1433 1447 1435 1460 '

295 1549 387 1616 cives
406 1548 592 1617 residentes
611 1551 769 1638 invidis,
796 1551 874 1637 quia
892 1549 1034 1618 dominis
1054 1551 1125 1640 suis
1143 1550 1276 1617 minime
1295 1549 1405 1616 servic-

295 1646 384 1714 bant.
410 1647 448 1714 ln
465 1647 554 1717 lesto
574 1651 679 1716 sancti
697 1649 861 1717 lobannis
880 1648 1024 1736 baptiste
1043 1648 1332 1716 Columbaricnses
1349 1665 1406 1713 cum
1435 1646 1436 1668 ¹

295 1745 485 1814 civitatibus
510 1749 635 1836 imperii
662 1749 839 1836 cupientes
863 1747 1031 1816 dominum
1057 1747 1099 1815 de
1116 1747 1269 1816 Horburc
1286 1746 1407 1814 concul-

296 1863 372 1913 care
390 1899 397 1912 .
416 1898 423 1912 .
442 1898 476 1914 .,
496 1901 503 1913 .
546 1847 708 1915 Dominus
744 1846 786 1915 de
813 1847 970 1936 Girsperg
1003 1848 1139 1935 capitur.
1190 1847 1274 1914 Post
1304 1845 1407 1913 lestmn

298 1950 497 2012 sanotcmm-
514 1947 669 2014 Processi
697 1953 730 2014 et
762 1946 951 2014 Martiniani
987 1944 1280 2014 Columbaricnscs
1313 1944 1407 2012 armati

296 2063 370 2112 cum
387 2045 513 2132 imperii
530 2045 718 2113 civitatibus
738 2047 911 2114 exiverunt
935 2051 972 2114 ut
997 2063 1050 2113 res
1065 2044 1337 2131 llriburgeusium
1360 2041 1407 2109 dc-

294 2149 476 2213 vustarent.
500 2143 628 2213 Bellum
644 2146 730 2212 inter
747 2146 899 2212 comitem
915 2143 1170 2231 Friburgcnscm
1194 2150 1229 2212 et
1246 2145 1340 2211 cives
1356 2141 1409 2208 lri-

297 2241 495 2336 burgenses.
521 2243 720 2312 Interiectus
738 2243 799 2310 luit
816 2245 872 2331 qui
889 2245 960 2329 regi
978 2240 1153 2332 pecuniam
1170 2242 1351 2310 deferebat.

369 2340 486 2409 Mcoc.
511 2340 668 2410 Albcrtus
686 2361 744 2410 rex
761 2341 981 2411 Romancmm
998 2343 1085 2410 misit
1110 2341 1281 2410 dominum
1297 2341 1409 2409 Petrum

297 2439 493 2527 episcopum
505 2441 725 2510 basiliensem
743 2442 905 2509 medicum
920 2441 1057 2509 Romam
1074 2447 1111 2508 ut
1128 2441 1268 2527 negotia
1286 2438 1410 2528 quedam
1437 2445 1438 2486 l

297 2540 490 2607 necessaria
507 2545 707 2627 procuraret.
741 2541 976 2608 decimosexto
994 2541 1059 2608 lal.
1077 2539 1229 2608 iebruarii
1257 2538 1339 2608 obiit
1361 2536 1410 2604 dc-

297 2639 385 2704 mina
410 2637 452 2706 dc
470 2638 619 2709 Horburc
646 2657 741 2708 soror
765 2641 894 2708 comitis
918 2639 1159 2727 Friburgcnsis.
1185 2636 1344 2707 olbertus
1366 2653 1412 2702 ren

297 2739 449 2806 venitin
475 2737 716 2808 Columbariam
743 2741 884 2828 septimo
913 2738 977 2806 lral.
997 2739 1108 2826 aprilis
1134 2734 1238 2828 [mdrz
1259 2733 1345 2828 2o],
1370 2751 1412 2801 re-

299 2843 417 2924 ceptus
435 2835 496 2904 luit
521 2840 747 2927 sollempniter
774 2857 847 2907 oum
872 2838 1039 2924 religiosis
1065 2843 1099 2905 et
1122 2838 1211 2905 clero
1236 2842 1271 2904 ct
1299 2834 1412 2903 civibus

298 2935 474 3002 universis.
499 2935 661 3005 Dominus
680 2936 721 3004 de
740 2935 938 3023 llagiueclre
961 2942 1104 3005 castmm
1122 2935 1320 3022 Hagincclrc
1338 2929 1414 3020 quod

300 3039 536 3102 antecessores
563 3038 614 3104 sui
633 3042 906 3124 construxemnt‚
931 3051 991 3124 pro
1010 3089 1017 3102 .
1036 3088 1043 3102 .
1063 3089 1069 3102 .
1089 3089 1096 3102 .
1129 3036 1247 3103 marcis
1266 3031 1414 3116 vendidit,

300 3137 334 3199 ct
360 3129 555 3218 dignitatem
580 3153 674 3203 suam
698 3137 733 3203 in
757 3133 937 3203 cr‘rtrancos
962 3133 1192 3203 transferebat.
1233 3131 1414 3202 bonifacius

299 3247 389 3318 papa
405 3233 532 3300 ratione
550 3233 665 3302 iubilei
688 3233 840 3302 omnibus
858 3233 1069 3302 venientibus
1087 3233 1223 3301 llomam
1246 3237 1341 3300 tanta
1364 3228 1414 3296 ab·

301 3331 479 3400 solutionis
497 3331 662 3401 bcnelicia
688 3334 844 3424 contulit,
871 3332 962 3421 quod
986 3338 1099 3401 tantus
1124 3331 1234 3400 lactus
1258 3330 1321 3399 luit
1344 3345 1415 3397 con-

300 3447 419 3499 cursus
444 3432 478 3498 in
505 3431 640 3500 Romam
665 3439 702 3499 ut
734 3434 849 3520 sepius
873 3451 940 3499 una
964 3431 1018 3500 dic
1045 3433 1112 3499 sint
1138 3431 1269 3517 egressi
1293 3430 1416 3514 triginta

300 3531 399 3598 millia
416 3530 583 3599 hominum
600 3533 787 3619 pariterque
804 3532 960 3622 ingressi,
978 3535 1015 3599 ut
1032 3531 1247 3598 communiter
1262 3542 1417 3618 pauperes

299 3631 489 3698 retulerunt.

374 3727 511 3796 Macci.
539 3729 632 3798 Circa
650 3730 714 3796 kal.
732 3731 811 3798 iunii
831 3727 915 3820 [iun.
936 3726 974 3820 l]
994 3729 1083 3817 cepit
1101 3727 1254 3796 dominus
1272 3723 1417 3795 ilbertus

301 3843 360 3892 rcx
376 3824 597 3896 Romanomm
614 3828 773 3897 inlcstare
793 3828 960 3897 domiuum
978 3827 1265 3916 archiepiscopum
1282 3825 1417 3910 Magon·

301 3919 403 3991 tinum
430 3924 665 3995 Colonicnscm
699 3929 929 3997 Trevircnsom
963 3926 1200 4014 adiutcrcsquo
1228 3941 1359 4010 corum,
1391 3923 1418 3984 et

303 4020 466 4091 destmxlt
481 4025 579 4093 villas
598 4027 738 4094 castclla
756 4045 795 4094 ac
814 4032 922 4095 castra
941 4041 1053 4094 comm
1073 4027 1145 4094 sinc
1165 4022 1418 4093 contradictione

302 4123 447 4189 omnium
472 4141 605 4191 suorum
628 4126 849 4212 inimicorum3
877 4127 1044 4194 civitatem
1060 4125 1182 4210 Bingin
1208 4121 1342 4192 obsedit
1363 4135 1417 4206 po·

301 4227 410 4289 tentor
426 4221 575 4310 pluribus
589 4224 802 4314 septimanis,
821 4231 854 4292 et
867 4242 975 4310 usquc
989 4224 1031 4292 ad
1046 4223 1166 4292 tostum
1180 4223 1287 4291 sancti
1301 4218 1419 4288 Micha-
