2878 4834
270 227 340 297 256
633 255 824 305 cnnrsrmrus
845 257 1035 306 accurrmoa.

269 397 351 466 teris
372 394 487 463 Grecis
511 394 685 464 ambiebat.
720 395 758 463 ln
782 394 890 465 fronte
912 395 1010 466 buius
1035 415 1170 488 aoerre,
1200 398 1277 486 quia
1300 405 1393 486 caput

270 493 415 564 babebat
440 493 546 564 simile
573 496 674 564 vermi
696 501 904 585 monstroso,
930 503 1002 564 erat
1024 497 1108 586 lupis
1131 499 1283 586 topazius
1302 497 1393 566 valde

269 596 460 685 preciosuS,
479 593 740 681 magnitudinem
756 595 885 663 babens
902 594 1026 664 dimidii
1047 597 1149 665 vitelli
1167 598 1240 684 ovi;
1259 597 1292 664 in
1313 615 1391 665 cou-

270 695 313 764 lis
340 691 490 762 eiusdem
523 711 635 762 aoerre
667 693 734 762 duo
761 693 886 785 robini,
912 713 997 782 quos
1022 695 1244 764 carbunculos
1268 703 1393 764 vocant.

271 791 392 863 Adbuc
411 790 527 862 cadem
543 810 657 861 acerra
678 793 818 861 babetur
836 794 908 884 bic,
929 793 991 862 sed
1011 813 1142 882 gemme
1161 814 1239 864 non.

347 892 428 960 item
450 899 544 960 erant
564 891 631 960 duc
659 911 761 980 gmas
788 900 950 980 argentee
974 912 1139 985 concavo,
1159 913 1223 982 que
1248 894 1394 963 solebam

270 993 351 1082 poni
372 992 463 1060 iuxta
481 991 585 1060 altare
602 991 678 1060 bino
697 999 731 1060 et
747 992 823 1060 binc
833 1045 842 1082 ‚
863 998 896 1061 et
915 991 1017 1062 dorso
1041 993 1215 1084 patebant,
1241 995 1394 1082 impositis

271 1090 474 1162 carbonibus
491 1096 524 1158 et
539 1090 634 1159 tbure
654 1091 709 1160 vel
728 1092 939 1180 thymiamate
957 1092 1036 1161 boni
1060 1093 1174 1162 odoris
1200 1092 1324 1161 iumum
1345 1111 1396 1182 prr

272 1191 782 1278 gutturaetrostraemittebant
807 1189 910 1260 Erant
923 1196 1032 1261 autem
1045 1211 1146 1280 gmes
1162 1199 1253 1261 tante
1272 1194 1395 1280 magni-

271 1290 395 1375 tudinis
412 1291 506 1358 cuius
523 1291 609 1359 vive.

345 1389 448 1458 Erant
472 1387 545 1456 libri
572 1389 628 1477 qui
649 1407 710 1478 pro
732 1395 850 1459 ornatu
871 1409 973 1479 super
992 1392 1097 1460 altare
1114 1389 1342 1480 ponebantur,
1366 1396 1397 1456 ut

273 1489 524 1582 evangeliorum
551 1489 765 1577 epistolarum
791 1489 1014 1579 plenariomm
1053 1496 1133 1580 etc,
1165 1490 1270 1577 aliqui
1292 1490 1396 1558 vestiti

273 1588 375 1658 ebore
394 1588 543 1677 sculpto,
564 1588 619 1656 alii
639 1595 797 1678 argento,
816 1589 872 1657 alii
889 1607 969 1658 auro
986 1595 1019 1658 et
1039 1591 1189 1677 gemmis.

345 1686 448 1756 lirant
464 1687 582 1775 pelves
601 1694 743 1774 quatuor
763 1695 933 1778 argentee,
952 1693 986 1756 et
1002 1691 1093 1758 urcei
1112 1689 1318 1757 diversarum
1335 1685 1396 1754 ior·
1436 1717 1437 1728 2

273 1805 412 1876 marum,
438 1802 524 1874 quos
551 1787 684 1854 munilia
712 1793 854 1878 vocant,
885 1805 926 1856 eo
955 1788 1046 1874 quod
1078 1807 1165 1876 aqua
1191 1785 1396 1855 sacerdotum

254 1881 426 1954 ¹manibus
441 1884 632 1954 funderetur
649 1903 692 1954 ex
707 1887 768 1976 eis,
787 1893 981 1974 argenteam
994 1887 1137 1980 quedam
1154 1886 1321 1954 habentes
1334 1885 1395 1954 lor·
1430 1952 1434 1961 ,

273 2003 358 2054 mam
373 1985 525 2075 leonum,
544 1984 685 2073 quedam
705 1983 886 2054 draconum
907 1987 1017 2073 avium
1035 1986 1089 2056 vel
1112 1986 1325 2076 gryphonum
1348 1984 1396 2053 vel
1430 2012 1434 2023 ·

274 2086 412 2154 aliomm
431 2085 617 2152 animalium
636 2101 919 2173 quorumcunque.
1428 2086 1433 2167 ζ

346 2184 450 2252 Erant
466 2183 665 2252 candelabra
687 2202 809 2270 magna
824 2183 891 2254 duo
911 2203 977 2273 que
994 2185 1087 2252 iuxta
1104 2184 1206 2252 altare
1228 2181 1396 2272 poneban-
1428 2244 1437 2261 ,ι

273 2289 326 2351 tur
344 2289 524 2373 argentea,
549 2289 582 2351 et
607 2283 672 2352 alia
695 2284 823 2354 minora
847 2303 912 2372 que
934 2301 1036 2372 super
1058 2284 1161 2351 altare
1183 2282 1396 2370 ponebantur,
1430 2304 1433 2313 ·

275 2382 397 2470 quibus
424 2387 495 2450 rote
518 2382 793 2470 supponebantur
811 2383 878 2452 late
897 2390 1031 2472 propter
1055 2381 1222 2450 stillicidia
1244 2380 1395 2450 candela-

273 2501 360 2571 rum,
379 2482 496 2549 nescio
514 2486 604 2569 quot.
869 2513 874 2518 ·

347 2580 425 2648 Erat
445 2597 570 2649 corona
593 2599 716 2668 magna
732 2580 885 2670 pendens
906 2581 939 2648 in
966 2579 1068 2649 choro
1092 2578 1135 2648 ad
1159 2577 1395 2648 similitudinem

275 2680 348 2749 eius
365 2698 431 2768 que
447 2672 557 2749 adhuc
573 2679 701 2768 pendet
717 2680 759 2749 ad
776 2687 928 2749 sanctum
944 2676 1125 2770 Albanum,
1145 2684 1179 2748 et
1192 2697 1261 2748 una
1277 2680 1311 2746 in
1329 2695 1396 2745 me-

276 2778 332 2849 dio
352 2779 483 2870 templi,
502 2785 602 2866 utque
622 2779 687 2848 alie
706 2785 772 2848 tres
788 2782 935 2848 minores
958 2785 1034 2847 ante
1054 2779 1158 2846 altare
1177 2779 1288 2848 sancti
1309 2777 1394 2846 blar-

207 2900 209 2904 ’
275 2880 350 2969 tini,
370 2897 486 2948 omnes
508 2897 550 2948 ex
571 2885 712 2965 argento
729 2878 923 2966 diligentius
941 2877 1108 2946 fabricate.

349 2977 452 3046 Erant
479 2995 595 3046 cruces
626 2985 786 3064 argentee
813 2977 987 3068 portatiles
1000 3030 1010 3068 ‚
1040 2979 1119 3045 mire
1142 2975 1394 3065 pulchritudinis,

278 3094 416 3164 quarum
438 3075 503 3145 due
519 3079 553 3145 in
568 3077 704 3167 palmiS,
724 3077 789 3146 due
806 3080 840 3146 in
860 3077 1039 3167 paschate,
1058 3075 1123 3145 duo
1146 3077 1181 3143 in
1197 3073 1394 3144 bebdomada

276 3175 421 3265 pasobe,
440 3175 505 3244 due
521 3177 555 3244 in
574 3178 822 3268 rogationibus,
841 3177 907 3246 due
925 3181 959 3244 in
981 3175 1034 3244 die
1053 3177 1266 3244 ascensionis
1282 3173 1393 3242 domini

276 3273 483 3362 terebantur3
504 3275 620 3344 decem
643 3295 704 3365 per
725 3283 837 3344 totum.
865 3277 944 3344 Erat
962 3281 996 3343 ot
1021 3293 1087 3344 una
1109 3293 1197 3342 crux
1220 3279 1309 3343 tante
1328 3273 1394 3342 lon-

276 3373 455 3462 gitudinis,
473 3381 510 3443 ut
524 3381 626 3444 totum
645 3376 813 3444 brachium
831 3377 943 3462 magni
961 3375 1038 3464 viri,
1056 3375 1090 3442 in
1105 3393 1170 3461 qua
1187 3379 1283 3441 erant
1302 3389 1394 3440 sanc-

277 3481 384 3542 torum
402 3475 541 3561 reliquie
557 3474 657 3543 multe
674 3481 708 3543 et
723 3493 853 3562 magne.
879 3474 918 3542 ln
935 3473 1044 3542 medio
1060 3491 1139 3541 vero
1156 3471 1345 3542 continebat
1357 3469 1392 3538 de

277 3573 371 3660 ligno
385 3572 550 3642 dominice
567 3575 675 3657 erucis
693 3574 736 3642 ad
752 3574 967 3662 quantitatem
984 3571 1089 3662 digiti,
1108 3571 1150 3640 ad
1163 3569 1392 3658 longitudinem

278 3691 359 3742 vero
374 3672 482 3761 palme
504 3673 618 3742 virilis,
645 3673 774 3742 Vestita
789 3677 858 3741 erat
880 3672 943 3742 bec
966 3691 1047 3741 crux
1068 3689 1150 3739 auro
1167 3671 1350 3760 purissimo,
1366 3673 1394 3734 et

279 3773 418 3856 gemmis
437 3772 600 3859 preciosis
619 3777 652 3840 et
667 3773 787 3840 multis.
805 3772 883 3840 Erat
899 3777 933 3840 et
945 3773 1008 3839 alia
1024 3789 1102 3839 crux
1116 3769 1232 3856 lignea
1250 3787 1327 3836 auro
1340 3785 1393 3855 op-

279 3871 358 3938 timo
375 3872 513 3960 vestita,
532 3873 566 3939 in
585 3890 649 3959 qua
674 3873 785 3958 imago
805 3877 874 3940 erat
892 3889 992 3938 aurea
1010 3869 1133 3938 domiui
1152 3867 1315 3955 crucifixi,
1339 3881 1393 3952 que

279 3969 390 4054 imago
410 3971 587 4039 cuiuslibet
612 3973 795 4040 communis
825 3969 967 4038 bominis
985 3967 1246 4064 magnitudinem
1264 3964 1395 4035 excede-

281 4067 355 4157 bat,
383 4085 532 4136 concava
557 4069 617 4138 sed
638 4071 774 4138 multum
799 4071 928 4159 spissa,
952 4069 1047 4138 euius
1065 4073 1185 4136 venter
1201 4066 1319 4156 plenus
1336 4067 1395 4131 erat

281 4166 429 4254 reliquiis
448 4172 481 4234 et
498 4170 636 4252 gemmis
654 4169 923 4256 preciosissimis.
942 4167 1122 4236 Dicebatur
1140 4172 1252 4234 autem
1269 4161 1394 4234 naollo-

283 4283 414 4334 manum
431 4268 601 4354 imperium
619 4269 774 4337 meliores
792 4268 926 4338 babere.
943 4267 1015 4336 Hoc
1029 4285 1110 4336 crux
1124 4269 1258 4354 poterat
1270 4259 1394 4332 dissolri
