2888 4824
426 227 589 274 canonicos
612 227 838 273 rnrrroarurnsr.
1121 198 1192 269 dni

47 381 129 450 garn
155 363 394 433 cumulandam
418 365 636 454 particulares
655 365 822 434 discordie
841 373 918 434 sunt
935 368 970 434 in
987 369 1062 455 ipsa
1078 368 1191 436 multi·
1211 383 1277 438 tara

46 463 179 550 plicata
189 515 201 554 ‚
223 463 308 532 adeo
326 470 364 531 ut
379 465 612 534 ministeriales
639 467 709 532 suis
729 467 834 533 eciam
854 465 996 534 dominis
1019 472 1053 534 ct
1068 467 1194 536 nobili-

46 561 111 629 bus
130 564 380 631 contumaciter
395 564 559 631 rebellare
577 568 850 652 presumpserint.
878 564 959 632 Nam
983 567 1194 652 berengerus

48 661 90 728 de
119 660 328 748 Meldingen
354 661 511 730 adiuncto
544 663 609 730 sibi
633 663 809 732 Giselbero
834 663 876 730 de
909 665 1090 732 Tullcstete
1121 682 1195 732 cum

48 763 279 848 septuaginta
305 763 439 829 armatis
465 762 677 847 burgravium
694 761 739 830 de
755 761 933 830 llircbberc
951 769 985 830 et
1002 763 1078 830 illos
1097 763 1195 831 ncbi-
1213 802 1216 806 Α

48 860 100 926 les
128 858 177 926 de
206 859 346 930 Lobcde
368 861 569 948 impugnans
577 913 586 950 ‚
613 860 691 928 dum
716 878 870 956 magnam
896 877 1036 948 gregum
1059 862 1195 949 predam

49 957 165 1046 vlial.
178 959 331 1028 octobris
349 961 441 1027 iuxta
457 959 569 1028 villam
583 959 674 1028 Gene
690 959 811 1028 dictam
827 960 993 1028 violenter
1010 960 1194 1050 abegisset,

51 1055 166 1125 dictus
187 1057 389 1144 burgravius
407 1059 441 1125 in
459 1058 602 1128 Domino
627 1058 774 1127 confisus
794 1077 867 1126 cum
885 1060 1002 1147 paucis
1020 1061 1193 1128 insecutus

52 1161 104 1225 est
120 1157 223 1224 illum
248 1159 340 1226 iuxta
361 1157 473 1226 villam
496 1157 641 1226 Madala.
659 1157 722 1225 Ubi
739 1159 874 1226 viriliter
891 1175 963 1227 cum
983 1176 1024 1226 eo
1042 1161 1195 1226 commit-

52 1263 127 1323 tens
137 1307 148 1344 ‚
169 1257 347 1324 vintoniam
364 1256 507 1344 adeptus
526 1263 588 1347 est,
608 1256 756 1345 pluribus
775 1256 897 1325 ibidem
919 1258 1119 1346 vulneratis,
1138 1259 1195 1345 ip·-

55 1371 202 1442 sumque
222 1354 300 1422 belli
319 1361 489 1424 auctorem
507 1357 654 1442 graviter
671 1356 879 1424 vulneratum
899 1373 972 1423 cum
990 1357 1064 1424 aliis
1079 1357 1196 1444 viginti

54 1455 252 1541 captivavit.
284 1452 357 1522 Hoc
380 1472 468 1522 anne
492 1457 557 1524 viii.
586 1455 650 1522 lal.
678 1456 783 1522 martii
809 1455 891 1523 obiit
915 1453 1071 1524 albertus
1100 1456 1196 1524 miles

56 1551 181 1620 nobilis
202 1551 248 1620 de
266 1551 422 1642 Vipperb.

127 1651 210 1719 lluc
236 1653 342 1720 eciam
366 1668 454 1720 anno
479 1651 523 1718 iii.
546 1650 620 1719 idus
644 1649 800 1719 februarii
830 1647 908 1718 dum
932 1653 1093 1740 pincerna
1110 1703 1117 1720 .
1137 1707 1144 1720 .
1164 1706 1197 1719 ..

60 1750 324 1839 cooperantibus
344 1751 407 1820 sibi
429 1750 628 1820 marchionis
646 1749 801 1817 militibus
819 1749 931 1836 plures
950 1751 1047 1819 villas
1075 1752 1197 1819 inccn-

60 1847 112 1916 dio
129 1855 318 1920 vastasset.
337 1903 344 1916 .
363 1903 370 1917 .
390 1901 397 1917 .
423 1867 536 1918 comes
562 1849 604 1917 de
623 1849 772 1937 Glychen
791 1847 955 1917 adiunctis
974 1850 1037 1918 sibi
1056 1851 1198 1935 quibus-

62 1947 133 2015 dam
159 1949 339 2016 comitibus
365 1951 459 2017 iuxta
483 1949 594 2024 villam
617 1949 821 2016 Muhlbusen
855 1965 928 2016 cum
955 1966 996 2016 ec
1022 1947 1198 2017 infeliciter

61 2046 221 2115 condixit.
248 2049 311 2116 Ubi
338 2047 414 2116 dum
440 2049 503 2116 iam
522 2047 632 2115 dictus
649 2046 826 2115 Heinricus
846 2064 960 2116 comes
978 2065 1065 2135 pene
1085 2049 1197 2116 victo-

64 2147 139 2213 riam
156 2145 304 2236 adeptus
323 2146 459 2236 luisset,
485 2147 702 2232 burcgravius
721 2149 963 2232 superveniens
981 2147 1087 2234 ipsius
1106 2165 1197 2233 gau-

64 2243 148 2311 dium
169 2248 338 2314 convertit
355 2249 389 2314 in
406 2247 538 2314 luctum.
564 2245 647 2313 Nem
667 2245 799 2314 occulto
825 2245 973 2314 sednon
998 2247 1121 2314 iniusto
1141 2245 1197 2313 dei

65 2343 184 2412 iudicio
203 2351 346 2430 quatuor
362 2345 407 2412 ibi
427 2346 564 2414 comites
584 2345 619 2411 G.
638 2344 796 2411 videlicet
819 2343 861 2411 de
887 2344 1099 2412 llevcrnbcre
1124 2361 1198 2412 cum

64 2441 96 2508 B.
122 2442 190 2511 lilio
220 2461 283 2511 suc
309 2449 344 2512 et
371 2444 406 2511 G.
432 2443 474 2512 de
496 2443 748 2512 Blanclrenberc
774 2443 970 2512 cumfratre
998 2461 1060 2511 suo
1090 2443 1129 2510 H.
1156 2441 1223 2510 de·

68 2539 283 2609 Swarzeberc
300 2560 372 2611 cum
391 2543 464 2610 aliis
482 2544 600 2628 viginti
618 2541 774 2609 militibus
794 2548 827 2608 et
845 2543 914 2609 suis
930 2543 1050 2630 captivi
1064 2540 1199 2610 deducti

68 2645 149 2706 sunt.
176 2639 275 2709 Hanc
292 2643 405 2729 itaque
431 2641 610 2710 vindictam
633 2643 689 2709 ille
716 2639 758 2708 de
776 2640 959 2726 llirchberg
984 2659 1053 2708 non
1077 2643 1198 2708 imme-

68 2739 124 2806 rito
148 2757 275 2827 passus
303 2739 459 2830 creditur,
504 2741 559 2828 qui
583 2758 668 2808 ausu
691 2741 863 2808 temerario
881 2739 1198 2826 Babenbergensem

69 2837 260 2926 episcopum
279 2841 446 2928 captivare
465 2857 533 2906 nen
551 2839 736 2906 verebatur.

135 2933 210 3005 Hoc
227 2955 317 3006 annc
335 2939 532 3006 auctoritate
550 2937 652 3023 legati
670 2941 827 3004 mutatum
846 2941 899 3005 est
915 2935 1037 3004 festum
1055 2935 1198 3005 dedica-

72 3035 162 3103 tionis
198 3037 344 3105 eeclesie
383 3035 516 3104 fratrum
548 3036 790 3104 Predicatorum
820 3035 1129 3125 Euphordiensium,
1166 3041 1200 3102 et

75 3137 303 3222 transpositum
337 3138 371 3203 in
405 3137 586 3224 proximam
621 3135 819 3202 dominicam
849 3141 927 3223 post
953 3137 1197 3203 ascensionem.

76 3229 190 3300 Eodem
209 3251 299 3302 anno
325 3239 357 3302 et
380 3234 433 3302 die
452 3233 637 3302 dedicatum
657 3241 709 3302 est
725 3232 847 3300 ibidem
871 3235 972 3301 altare
999 3235 1098 3302 beate
1122 3234 1199 3300 Vir-

78 3330 154 3412 ginis
173 3350 192 3400 a
209 3333 248 3400 L.
265 3333 543 3419 Nuvenbergensi
559 3333 730 3420 episcopo.

141 3427 213 3498 Hoc
237 3449 325 3500 anno
343 3433 388 3501 vii
413 3432 475 3499 kal.
493 3431 648 3499 februarii
675 3432 753 3498 villa
770 3429 1041 3499 Novum-Forum
1062 3429 1150 3497 dieta
1179 3449 1200 3498 a

77 3522 249 3598 lanionibus
277 3531 475 3598 marchionis
502 3536 597 3618 capla
623 3535 674 3597 est
697 3536 730 3598 et
752 3530 901 3596 incensa.
937 3527 999 3617 Qui
1022 3530 1123 3596 tercia
1144 3528 1198 3596 die

76 3621 180 3695 iterum
201 3630 328 3697 reversi
351 3629 474 3698 ibidem
493 3629 670 3698 ecclesiam
696 3628 859 3696 violenter
879 3622 1040 3694 intrantes
1070 3627 1199 3716 spolia-

79 3732 200 3814 verunt,
231 3745 271 3794 ac
296 3729 404 3815 ipsum
430 3727 627 3817 plebanum,
659 3727 858 3794 dominicum
879 3744 1000 3814 corpus
1025 3725 1197 3816 serentem,

81 3825 211 3902 graviter
233 3827 500 3894 vulneraverunt.
535 3827 676 3913 Insuper
699 3825 787 3893 idem
821 3823 1031 3912 supradictus
1062 3827 1105 3893 xi.
1137 3826 1200 3893 lral.

81 3923 169 3990 martii
185 3923 355 3992 castellum
370 3925 584 3994 Eclenstede
600 3924 723 3992 dictum
740 3929 908 4012 ceperunt.

143 4017 236 4091 Anno
265 4023 387 4091 domini
413 4025 628 4091 m.cc.xl.viiii.
665 4023 805 4091 Silridus
825 4023 1099 4111 archiepiscopus
1123 4021 1200 4088 lllc-

83 4121 241 4210 guntinus,
266 4129 445 4210 postquam
465 4140 524 4210 per
550 4124 738 4190 universam
769 4122 931 4190 diocesim
956 4140 1049 4190 suem
1083 4138 1200 4188 omncs

83 4221 288 4303 preposituras
320 4239 361 4288 ac
385 4222 538 4290 meliores
557 4221 783 4309 parrochiales
815 4227 975 4289 vacantes
1005 4219 1200 4286 anctoritate
