2884 4834
412 196 574 244 oorrnmuo
595 198 631 243 nn
652 199 819 246 susurrem.
1113 173 1181 242 rur

63 336 186 424 ipsomm
211 353 390 407 consensu
408 335 510 406 multo
528 337 619 406 bona
639 342 763 406 statuta
787 339 918 428 statuit,
937 356 996 428 per
1018 337 1180 410 Alsatiam
1199 352 1266 408 ¹298

64 433 210 503 Suevium
238 443 400 505 ettotam
429 443 549 504 terram
577 433 751 506 Alemanie
782 437 943 524 publicari
972 440 1087 530 iussit,
1115 459 1181 530 que

63 536 150 603 onnia
165 536 267 604 utilia
284 542 317 604 et
338 537 532 604 necessaria
552 534 694 604 inerunt.
721 535 932 606 Confirmuvit
945 540 1046 607 etiam
1058 536 1181 608 Alber-

63 641 100 701 as
114 632 340 704 Romanorum
358 653 416 703 rex
433 633 602 722 prediotus
621 635 731 703 omnia
752 636 928 723 privilegia
948 639 1091 707 civitatis
1116 637 1181 708 Ar-

61 734 270 819 gentinensis

117 832 273 902 Tandem
290 831 451 902 Albertus
473 849 533 900 rex
557 831 728 920 prediatus
746 833 949 922 colloquium
968 835 1084 905 habuit
1105 856 1179 906 oum
1199 834 1265 891 ¹299

59 931 251 1020 prineipibus
269 931 358 1021 apud
374 929 592 1000 Frankeniurt
605 939 637 1000 et
651 933 787 1000 miserat
802 951 861 1021 pro
883 933 1182 1006 dominoConrado

76 1030 335 1118 eLiehtenberg
353 1032 515 1119 episeopo
531 1029 788 1122 Argentinensi,
817 1050 881 1101 suo
897 1033 1092 1121 predileoto.
1119 1034 1183 1116 Qui

59 1131 115 1198 eius
139 1130 311 1199 mandatis
335 1130 442 1198 voluit
460 1129 619 1198 obaudire
635 1136 668 1198 et
686 1129 729 1198 ad
753 1147 828 1200 eum
850 1134 941 1200 venit
955 1133 1182 1224 Frankenturt,

58 1231 127 1296 siout
146 1228 260 1299 suerat
273 1230 316 1298 ab
332 1247 373 1297 eo
390 1235 542 1319 rogatus,
561 1236 594 1296 et
608 1229 755 1316 benigne
775 1230 818 1298 ab
837 1248 878 1299 eo
897 1230 1004 1300 iuerat
1017 1240 1182 1321 receptus.

56 1327 171 1415 Regina
199 1347 281 1398 vero
304 1330 524 1397 existentem
547 1328 775 1396 Ulmenmisit
799 1328 925 1398 litteras
956 1331 1090 1401 domino
1117 1329 1182 1399 Al·-

57 1428 135 1497 berto
167 1431 245 1515 regi
276 1427 497 1497 Romanorum
525 1427 692 1517 predicto,
719 1428 871 1516 rogando
897 1430 988 1516 quod
1014 1430 1182 1500 dominum

16 1593 17 1620 ,
58 1526 235 1597 Conradum
255 1523 739 1616 episeopumArgentinensem
757 1545 870 1596 seeum
886 1529 976 1616 apud
984 1529 1102 1598 Ulmerr
1118 1530 1181 1599 du·

57 1633 153 1717 ceret,
174 1625 418 1696 adridendum
437 1632 470 1694 et
488 1625 727 1714 speculandum
745 1643 922 1713 personam
939 1627 1064 1697 domini
1083 1631 1180 1698 eius-

57 1723 135 1816 dem,
155 1727 213 1814 qui
239 1744 277 1794 se
304 1732 338 1793 et
364 1743 427 1793 sua
450 1743 510 1813 pro
529 1724 663 1792 domino
681 1743 744 1792 suo
765 1725 914 1813 predicto
938 1730 1059 1795 eteius
1081 1727 1181 1796 adiu-

56 1825 171 1894 toribus
204 1825 285 1893 totis
318 1824 444 1892 viribus
466 1825 639 1912 exposuit,
668 1825 753 1892 siout
778 1832 832 1892 est
857 1824 1079 1894 manifestum.
1117 1825 1181 1908 Qui

56 1924 230 2014 episeopus
251 1942 325 1992 oum
341 1924 417 2012 ipso
435 1940 516 2009 rege
532 1924 623 1990 venit
635 1923 753 1991 Ulmen
771 1922 813 1991 ad
831 1926 986 2009 reginam.
1013 1927 1180 2012 Ernntque

55 2041 161 2092 omnes
179 2041 300 2111 guerre
324 2024 433 2110 sopite
457 2028 491 2089 ot
508 2023 636 2090 vixerat
650 2027 720 2090 tota
737 2027 824 2090 terra
837 2023 870 2090 in
887 2040 982 2110 paee.

119 2122 189 2190 ileo
204 2123 403 2208 procuravit
423 2120 523 2188 scribi
551 2119 694 2206 Magnos
710 2119 931 2189 Ellenirardoa
955 2123 1036 2189 civis
1051 2120 1180 2205 Arpan-

53 2223 195 2305 ramnus,
213 2223 279 2307 ipsi
295 2221 401 2289 irorror
417 2224 450 2286 et
465 2220 577 2305 pierio
593 2237 667 2286 cum
683 2219 800 2288 seluto.
889 2225 892 2231 '

5 2543 7 2696 t

219 2835 421 2907 ANNALES
450 2835 688 2908 SPIRENSES.
742 2837 813 2905 920
833 2877 876 2885 -
900 2837 1004 2904 1272.

459 3037 757 3046 *m

112 3161 306 3266 Heinrieus
324 3212 382 3264 rex
400 3194 442 3264 ab
459 3193 595 3281 imperio
620 3192 754 3278 augusti
773 3194 898 3262 oesaris
927 3193 1176 3280 octogesimus-

54 3297 165 3363 teraius
184 3311 273 3364 anno
292 3293 334 3362 ab
352 3293 578 3362 inoamatione
597 3290 721 3360 domini
740 3291 917 3360 doooenx.
936 3295 1176 3380 regnavitglo·
1213 3307 1217 3321 ’

54 3394 143 3484 noso,
161 3399 195 3463 et
211 3399 290 3482 post
303 3391 422 3462 multas
438 3392 596 3459 vietorias
610 3391 705 3477 regni
719 3391 771 3459 sui
785 3408 874 3459 anno
891 3389 1174 3480 decimoseptimo,

55 3489 122 3560 dum
139 3492 180 3562 ad
198 3492 413 3562 obtinendam
427 3508 583 3560 eoronam
597 3491 721 3578 imperii
733 3487 869 3559 Romam
882 3487 1045 3578 tenderet,
1060 3489 1173 3558 morbo
1220 3519 1227 3534 =
1256 3533 1260 3541 ι

54 3599 211 3680 ooneptus
231 3591 319 3660 obiit.

119 3687 194 3759 Otto
210 3688 357 3760 Heinrioi
373 3689 459 3758 titius
477 3705 565 3758 anno
583 3686 707 3756 donini
721 3686 972 3756 doneexxxnii.
989 3685 1073 3773 patri
1089 3703 1171 3753 suo·
1230 3718 1234 3728 ·

56 3787 167 3860 cedens
191 3795 271 3877 post
290 3790 391 3859 multa
406 3795 440 3858 et
464 3788 611 3875 gloriosa
627 3805 731 3875 opera
747 3803 835 3855 anno
856 3785 951 3872 regni
967 3785 1019 3854 sui
1035 3785 1171 3854 trioesi-
1242 3807 1255 3822 '¹

55 3889 256 3979 moseptimo‚
280 3889 407 3978 imperii
432 3904 513 3957 vero
534 3885 784 3975 deoimotoroio,
804 3884 890 3953 diem
908 3883 1053 3952 ultimum
1077 3884 1170 3952 olau-

56 3986 100 4052 sit.
124 3985 183 4054 Hie
199 3989 530 4076 magdeburgensem
547 3985 741 4073 eeclesiam,
759 3984 815 4053 ubi
833 3984 926 4070 regio
943 3983 1031 4052 oultu
1049 3981 1170 4052 huma·
1212 4009 1217 4025 ¹

56 4086 102 4152 tus
118 4088 271 4178 aernitur,
290 4087 436 4176 plurimis
453 4087 653 4154 ornamentis
670 4084 848 4153 deooravit.
1025 4079 1031 4090 '

118 4185 214 4254 Anno
232 4185 355 4256 domini
374 4185 594 4255 d.oeoo.lxx.v.
609 4182 688 4252 Otto
703 4182 891 4269 secundus,
907 4181 1018 4266 magni
1036 4177 1168 4248 Ottonis
1260 4208 1264 4223 ·

912 4288 968 4342 ror
