2886 4834
405 216 566 264 cnaonrcon
589 217 799 264 connumeror.
844 242 848 247 ·
1117 191 1159 256 75

46 376 104 426 oum
122 357 288 424 conclusis
307 373 427 443 panem
442 355 550 428 album
569 373 628 444 pro
646 371 708 424 sex
724 354 870 424 denariis
887 355 930 422 ad
944 355 1052 422 minus
1070 373 1157 442 quo·
1178 364 1243 418 taos

47 457 110 524 tidie
133 455 345 524 ministrabat.
373 453 475 522 Costa
497 461 607 522 autam
629 452 890 522 circumferentia
911 454 997 522 bano
1010 454 1163 542 longitu-

44 555 137 623 dinem
155 551 439 642 comprehenditz¹

106 653 184 720 Tres
219 655 309 721 cives
341 667 507 740 pauperes
534 649 699 720 desectum
723 649 847 720 diutius
878 650 965 720 serre
996 651 1162 740 nolentes,

48 751 201 820 eliserunt:
219 751 362 838 Propter
378 752 475 820 deren
497 753 530 818 et
551 751 717 818 trutinum
728 751 880 835 periculo
896 768 959 818 nos
975 753 1163 819 committu-

48 868 119 939 nu,
145 853 178 918 et
200 851 364 918 nodatam
384 851 432 917 ud
446 865 556 916 oenum
573 849 737 916 donduun
752 849 1003 934 transferuntur.
1037 849 1164 920 Consi-

47 950 109 1016 lium
136 951 224 1016 caris
259 955 293 1016 et
323 947 397 1018 lidis
429 947 633 1036 indicarunt,
662 948 718 1034 qui
744 965 861 1016 omnes
888 947 1164 1037 approbaverunt.

49 1047 232 1132 Significant
247 1048 313 1116 boc
337 1049 428 1136 regi,
454 1047 509 1134 qrri
527 1047 667 1132 gavisus
685 1046 841 1114 auxilium
860 1049 1019 1135 promisit
1044 1048 1094 1116 ltu
1113 1049 1163 1115 oi-

48 1145 126 1214 ribus
143 1145 321 1215 ditioribus
347 1146 438 1214 multi
461 1145 663 1233 pauperibus
688 1152 941 1214 consenserunt.
968 1145 1022 1214 llil
1047 1164 1164 1214 omnes

49 1247 104 1330 regi
120 1245 326 1331 significant:
343 1248 380 1312 ut
390 1261 453 1330 per
467 1243 659 1312 balistarios
670 1261 750 1312 suos
765 1248 867 1330 copul
879 1246 971 1312 entre
988 1244 1164 1312 Coletndo-

50 1345 154 1410 n'eruee
165 1345 395 1430 provocando.
405 1344 485 1412 Cum
493 1347 601 1410 cutem
610 1344 730 1410 domin
739 1344 880 1412 cettan
895 1343 1018 1428 seruet
1028 1345 1164 1429 eqrcsai,

51 1443 221 1510 clndenurs
241 1447 361 1528 portos
382 1445 415 1510 et
435 1442 583 1510 dominos
601 1440 693 1510 codis
718 1444 959 1526 connectentes,
984 1459 1027 1508 oe
1049 1443 1166 1512 dende

51 1543 76 1607 tn
93 1541 252 1608 mutulen
275 1557 335 1608 ooo
356 1542 515 1608 bullenus
539 1541 609 1608 ente
626 1540 784 1626 periculo.
817 1538 888 1608 Rex
909 1547 946 1609 ut
963 1542 1054 1609 cives
1081 1558 1165 1611 oon-

52 1639 205 1708 suluerunt
234 1639 334 1730 lecit,
360 1639 422 1708 sed
454 1638 607 1708 dominus
631 1637 674 1708 de
704 1637 913 1727 Rapoltstein
939 1645 973 1708 et
1003 1640 1165 1708 scultetus

52 1740 207 1826 premuniti
225 1740 392 1808 civitatem
410 1738 526 1824 egredi
544 1737 730 1806 noluerunt.

111 1837 267 1906 Secundo
286 1836 484 1906 mandarunt
501 1839 572 1923 regi
581 1889 591 1925 ,
608 1836 698 1924 quod
715 1837 847 1906 domurn
863 1838 951 1906 cirea
972 1836 1060 1906 diem
1081 1857 1165 1926 pro-

52 1936 391 2026 ponerentinoendere,
406 1935 636 2005 ethomiuibus
647 1937 853 2004 currentibus
869 1935 912 2004 ad
926 1937 1038 2022 ignem
1052 1954 1165 2023 regern

53 2036 153 2103 intrare
170 2037 400 2123 permitterent
413 2035 583 2104 violenter.
611 2034 679 2102 Sed
695 2053 758 2104 nec
775 2034 809 2102 id
823 2036 998 2104 successit.

111 2131 258 2202 Audiens
282 2135 346 2204 boe
365 2135 545 2223 episeopus
560 2129 817 2219 Argentinensis
837 2135 928 2202 venit
945 2152 1020 2202 cum
1036 2131 1165 2200 ducen-

55 2233 85 2298 tis
97 2233 247 2302 militibus
262 2235 379 2303 volens
397 2233 536 2302 fideliter
557 2234 671 2302 iuvare
690 2233 991 2302 Columbarienses
1018 2231 1165 2318 Cumque

55 2338 208 2400 senatores
237 2332 279 2401 de
310 2333 360 2402 bis
389 2331 626 2420 deliberarent,
655 2333 746 2400 veuit
771 2333 989 2402 communitas
1020 2331 1165 2401 civitatis

14 2515 15 2522 ἵ
55 2428 196 2500 clamans:
224 2431 383 2500 Nolumus
395 2431 509 2517 plures
526 2429 671 2498 tondum
687 2432 873 2499 intrudunt
902 2430 1066 2500 Dixerunt
1081 2448 1166 2518 pau-

56 2545 135 2613 peres
153 2533 294 2619 sumptis
313 2533 427 2598 armis:
461 2529 516 2596 Ad
537 2531 734 2598 cemiterium
757 2531 1003 2611 concernentes,
1026 2533 1058 2596 et
1079 2529 1169 2614 quod

56 2626 196 2697 ductum
219 2629 322 2713 suertt
340 2630 515 2715 [anonae.
550 2627 623 2696 Hoc
648 2627 738 2696 laeto
756 2626 926 2696 dixerunt:
952 2628 1070 2696 Cluoec
1083 2643 1167 2712 por-

57 2726 144 2793 torum
161 2729 364 2813 nannenus
386 2732 420 2796 et
441 2745 514 2794 nen
537 2727 705 2812 dillpentto
730 2743 966 2794 enueroenus.
1007 2725 1166 2794 Deoanus

59 2828 84 2888 et
98 2825 255 2894 scultetus
274 2826 532 2916 responderunt:
564 2826 683 2894 Clooes
704 2827 756 2894 etei
782 2825 947 2892 colueritis
960 2823 1165 2910 presnuotu

60 2937 134 3002 nn·
155 2925 309 2995 volentes
333 2924 448 3015 populi
471 2921 675 2994 voluntatem
701 2923 869 3012 impedire.
911 2923 1042 3010 Vulgus
1059 2922 1168 2991 verbis

60 3035 152 3089 eornm
169 3041 239 3092 non
257 3026 440 3113 acquievit,
467 3028 501 3091 et
518 3021 562 3090 ad
579 3029 692 3111 portas
710 3021 801 3090 urbis
819 3021 928 3092 subito
946 3029 1168 3111 cucurrerunt,

61 3116 153 3189 claves
171 3140 190 3190 a
207 3129 375 3212 portarum
394 3121 590 3191 custodibus
610 3123 805 3210 petiverunt.
841 3120 962 3190 Clavus
980 3140 999 3189 a
1018 3119 1169 3190 eustodi-

11 3245 13 3250 .
62 3214 110 3284 bus
126 3223 303 3308 perterritis
328 3221 440 3292 subito
467 3219 672 3290 exhibentur.
715 3220 845 3290 Habitis
873 3219 1023 3290 clavibus
1048 3219 1090 3288 ad
1108 3238 1168 3288 ou·

13 3369 14 3390 2
62 3314 139 3406 dam,
155 3320 189 3388 in
206 3340 274 3408 qna
291 3321 480 3390 morabatur
497 3319 651 3389 dominus
669 3319 711 3388 de
728 3318 953 3406 Lichtenberg
977 3319 1086 3388 subito
1105 3336 1168 3387 ou-

12 3433 13 3492 l
61 3426 221 3509 euumunt,
239 3421 403 3490 violenter
419 3424 532 3508 portas
551 3421 702 3506 aperiunt
719 3425 752 3499 et
769 3417 935 3488 dominum
954 3423 1104 3504 querunt.

12 3569 13 3574 ,
120 3513 176 3586 Hic
198 3519 326 3588 turbam
347 3525 543 3588 armatorum
568 3516 688 3586 videns
711 3516 753 3584 ad
781 3516 948 3586 dominum
969 3515 1011 3584 de
1031 3514 1169 3603 llapolt-

11 3625 13 3636 ¹
64 3613 132 3680 stein
153 3615 346 3707 declinavit,
373 3619 518 3686 recitans
543 3633 608 3704 que
629 3615 758 3686 videret
778 3623 810 3684 et
831 3614 1029 3684 acciderant
1062 3612 1169 3682 Ambo

12 3767 13 3770 ,
66 3715 201 3792 perterriti
217 3716 260 3784 ad
274 3715 390 3786 iratres
405 3715 554 3784 Minores
572 3714 754 3805 divertunt,
770 3713 942 3782 consilium
961 3711 1002 3782 ab
1021 3714 1070 3781 ais
1084 3730 1169 3800 que-

11 3829 13 3880 :
66 3816 124 3876 runt
139 3814 214 3900 quid
230 3813 397 3902 agendum
419 3815 551 3884 existat.
578 3813 631 3882 llii
648 3831 729 3883 vero
744 3813 795 3882 eis
815 3811 993 3882 consulere
1007 3813 1170 3900 nequive-

11 3921 13 4000 l
67 3914 130 3975 mut.
152 3911 311 3982 Dominus
333 3913 375 3982 de
391 3912 617 4000 lriohtenberg
636 3931 709 3982 eum
728 3911 845 3980 decem
864 3913 941 3980 viris
966 3929 1025 4000 per
1045 3929 1169 3979 murum

11 4001 13 4078 l
67 4004 187 4078 ciuitatis
210 4013 306 4098 quasi
331 4011 440 4082 nudus
463 4013 577 4081 evasit.
603 4012 683 4080 Post
701 4027 828 4100 paucos
846 4009 918 4078 dies
933 4029 1005 4078 eum
1027 4008 1171 4098 quadra-

68 4211 71 4218 ,
92 4148 117 4212 1)
132 4165 158 4202 es
174 4151 238 4222 lolgt
255 4171 310 4208 nun
328 4155 364 4208 im
382 4153 466 4208 druclr
485 4153 538 4208 und
558 4155 585 4208 ln
603 4153 652 4207 der
670 4153 708 4208 hs
729 4155 774 4207 cin
792 4151 889 4217 stricb,
914 4151 1009 4207 derso
1029 4151 1083 4206 viel
1102 4149 1171 4222 pleiz

67 4213 236 4275 reuertente
254 4223 393 4278 einnimmt
411 4221 451 4278 als
469 4223 502 4276 29
520 4223 608 4278 zellen
627 4222 716 4276 dieses
735 4221 851 4276 umatus
870 4223 896 4276 in
916 4220 965 4274 dar
983 4220 1059 4274 boba.
