2916 4834
282 237 338 312 18,
658 262 787 310 nnmmrs
814 261 1041 310 ‘conunurrnsrs

200 415 265 474 1282
283 407 333 476 sia
361 405 495 472 fratrum
518 401 684 471 Minorum
712 421 734 468 x
762 402 825 469 kal.
854 401 935 470 iunii
963 401 1045 487 [mai
1063 399 1147 490 23]‚
1179 404 1213 468 et
1242 399 1360 469 babuit
1388 401 1424 466 in

280 505 437 574 comitatu
463 519 525 570 suo
550 501 724 590 Ethiopem
749 499 899 569 indutum
917 499 1070 568 vestibus
1094 499 1199 590 albis,
1229 506 1425 587 elnonem,

281 603 409 672 scilicet
432 602 522 669 ritter
537 599 685 689 dourad,
707 601 801 668 cuius
824 597 1001 686 longitudo
1021 599 1063 668 od
1085 604 1150 668 tres
1165 597 1272 687 pedes
1287 599 1425 666 minime

280 707 413 792 potarat
433 701 616 789 peruenire.
645 699 696 768 De
718 699 832 767 Grecis
852 698 1025 767 dicebatur
1051 697 1143 786 quod
1167 716 1288 786 papam
1307 695 1427 764 cardi-

280 801 377 870 nales
397 805 430 868 et
443 799 673 887 imperatorem
697 798 759 866 sibi
779 797 940 866 fecissent
960 804 994 866 et
1013 797 1054 865 ab
1078 798 1223 866 ecclesia
1249 796 1426 865 recessis-

282 906 368 969 sent.
393 897 572 966 Dicebatur
592 897 696 966 ceiam
714 896 804 984 quod
823 895 991 964 Romanus
1006 895 1157 984 pontifex
1176 903 1210 964 et
1229 894 1427 964 cardinales

281 1001 368 1067 inter
386 1015 423 1067 sc
440 997 612 1086 plurimum
630 995 873 1064 discordarent.
899 993 1020 1064 Comes
1044 995 1086 1064 de
1111 994 1272 1081 Friburgo
1294 1011 1429 1062 recon-

282 1096 413 1166 ciliatos
426 1101 479 1164 est
497 1113 570 1164 oum
590 1094 719 1163 civibus
734 1095 1023 1184 Friburgensibus‚
1040 1095 1097 1162 tali
1116 1093 1312 1162 eruditione
1329 1091 1429 1180 quod

280 1202 392 1285 preter
407 1193 556 1264 redditus
576 1209 662 1282 quos
676 1193 820 1262 babebat
837 1193 879 1262 de
900 1196 1032 1262 civitate
1055 1193 1197 1279 singulis
1215 1193 1316 1262 aunis
1338 1207 1430 1261 cen-

281 1303 349 1364 tum
372 1311 502 1362 ‘marcas
527 1293 657 1380 argenti
676 1293 740 1362 sibi
763 1294 901 1380 suisque
922 1293 1178 1361 suecessoribus
1201 1291 1343 1380 darant,
1371 1292 1431 1358 in-

282 1413 384 1483 super
408 1393 571 1461 deberent
591 1409 666 1460 eum
687 1393 896 1480 antiquorum
924 1409 1059 1460 suorum
1082 1393 1154 1459 iura
1175 1380 1280 1458 libere
1299 1391 1430 1480 possi-

282 1485 373 1562 dere.
410 1489 535 1560 Milites
564 1487 693 1558 Alsatie
723 1489 871 1560 infesto
903 1491 1011 1559 sancti
1035 1489 1155 1558 Jacobi
1183 1488 1259 1578 [iuli
1282 1485 1354 1576 25]
1390 1487 1433 1556 ad

283 1606 396 1678 regem
420 1589 584 1659 l'eu‘tonie
606 1589 641 1656 in
659 1588 868 1676 Mogontiam
899 1588 1148 1658 descenderunt
1172 1594 1208 1657 ut
1229 1605 1291 1678 pro
1321 1587 1434 1656 rebus

282 1691 411 1779 imperii
435 1689 559 1758 sortiter
574 1693 772 1776 pugnarent.
801 1686 895 1756 Circa
913 1689 1051 1774 Pragnm
1072 1688 1230 1756 Bolremie
1245 1691 1435 1775 metropo-

282 1791 338 1858 lim
354 1789 446 1856 multi
468 1787 620 1856 homines
639 1785 725 1856 lame
742 1789 870 1856 mortui.
896 1783 1078 1855 lnAlsatia
1095 1785 1245 1874 quartale
1265 1785 1435 1855 [rumenti

283 1905 344 1978 pro
364 1887 446 1955 libra
464 1891 498 1956 et
513 1886 663 1974 quartale
686 1887 755 1954 vini
776 1903 837 1975 pro
855 1885 986 1954 duobus
1013 1885 1131 1955 solidis
1152 1885 1303 1955 dabatur.
1331 1885 1435 1952 ltdi-

283 2004 385 2056 nores
412 1991 561 2054 emerunt
584 1985 763 2054 claustrum
787 1982 956 2073 Alaspach
974 1985 1145 2054 sororibus
1165 1985 1236 2053 suis
1258 2001 1324 2072 pro
1356 2001 1436 2051 mcc

284 2086 413 2155 marcis,
440 2084 561 2154 Comes
576 2083 892 2170 Montis-Deligardi
910 2083 993 2152 obiit
999 2137 1008 2174 ,
1037 2089 1070 2151 et
1091 2083 1301 2173 episcopatui
1320 2082 1436 2150 Basi-

285 2186 383 2254 liensi
396 2189 619 2252 trecentarum
644 2201 825 2252 marcarum
844 2182 993 2279 redditus
1016 2181 1202 2270 dereliquit.
1233 2181 1344 2250 Filius
1366 2181 1435 2250 do-

285 2285 364 2356 mini
380 2282 549 2350 Wilhelmi
566 2282 657 2368 regis
673 2281 895 2350 Romanorum
914 2281 1094 2350 vindicavit
1112 2299 1149 2350 se
1169 2280 1211 2349 dc
1225 2280 1436 2350 Frisonibus

287 2389 321 2450 et
335 2379 503 2449 interiecit
517 2382 567 2448 eis
582 2381 670 2448 mille
685 2379 947 2468 quadringentos
964 2382 1072 2470 virm,
1098 2386 1132 2448 et
1149 2381 1280 2468 accepit
1297 2396 1436 2468 corpus

285 2481 388 2570 patris
407 2481 459 2548 sui
478 2478 520 2547 de
541 2495 656 2548 corum
671 2479 823 2548 manibus
842 2479 1018 2550 violenter.
1043 2479 1206 2548 Dominus
1223 2478 1266 2547 de
1280 2477 1437 2546 Hohen-

286 2580 374 2650 stein
404 2578 588 2647 advocatus
616 2575 743 2646 Alsatie
768 2578 938 2646 sororibus
961 2577 1003 2646 de
1022 2583 1140 2646 sancto
1163 2577 1322 2646 lobanno
1352 2583 1438 2645 octo

285 2680 355 2747 vini
373 2697 456 2747 vasa
472 2677 637 2746 violenter
653 2677 798 2746 abstulit.
838 2677 1002 2746 Dominus
1020 2675 1194 2746 Comedus
1214 2675 1439 2744 Wernberus

287 2779 416 2848 exussit
433 2777 575 2846 dominis
592 2775 636 2844 de
652 2776 817 2865 Gyrspenc
826 2781 969 2844 castrum
979 2775 1439 2864 quodnov'iterconstruxe-

287 2882 362 2946 rant
382 2877 416 2942 in
439 2881 562 2943 monte.
596 2872 667 2942 Rex
682 2872 889 2962 Arragonum
914 2881 947 2942 ct
971 2876 1064 2944 cives
1085 2874 1245 2944 Messana
1268 2871 1441 2942 Carolum

289 2974 420 3042 fratrem
451 2975 543 3058 regis
567 2973 704 3042 Franoie
727 2972 770 3042 de
800 2975 872 3042 suis
902 2973 1022 3042 finibus
1054 2975 1192 3062 turpiter
1213 2971 1440 3060 expulerunt.

290 3071 382 3141 Ordo
407 3071 651 3140 Predioatorum
674 3074 708 3140 in
735 3072 914 3142 Selacistat
940 3073 1076 3142 chorum
1104 3089 1201 3141 suurn
1229 3089 1323 3140 anno
1347 3090 1442 3160 prc-

290 3170 424 3240 cedenti
449 3171 679 3260 consumavit3
705 3171 806 3240 iidem
831 3171 950 3240 iratres
977 3173 1130 3258 sequenti
1153 3187 1242 3240 anno
1261 3169 1380 3238 sedes
1408 3173 1443 3238 in

291 3271 393 3339 choro
412 3277 598 3358 posuerunt
625 3275 658 3336 ot
677 3271 893 3338 intraverunt.
928 3267 1019 3338 Obiit
1040 3271 1238 3358 mulierque
1259 3269 1443 3338 recorda-

292 3369 387 3438 batur
406 3369 531 3437 nullum
560 3374 694 3456 pontem
724 3369 832 3437 Rheni
858 3374 937 3458 post
961 3367 1191 3438 Constantiam
1215 3369 1445 3439 transivisse.

292 3467 390 3537 Cives
404 3467 647 3554 Friburgenses
671 3469 781 3536 comiti
802 3467 936 3536 domino
958 3485 1020 3536 suo
1040 3485 1101 3556 pro
1126 3465 1257 3536 modica
1282 3467 1445 3536 emenda

291 3567 410 3654 viginti
437 3567 537 3634 millia
568 3584 750 3635 marcarum
779 3566 993 3636 tradiderunt.
1039 3567 1122 3635 Item
1146 3582 1261 3635 comes
1288 3564 1337 3633 de
1366 3565 1445 3634 Ra-

291 3666 431 3754 preswir
449 3665 541 3734 obiit.
1338 3735 1344 3746 ,

367 3763 598 3833 bdoelxxxiii.
630 3762 701 3831 Rex
724 3761 885 3832 lludollus
908 3763 1008 3832 lilium
1032 3781 1127 3832 suum
1153 3762 1272 3832 ducem
1291 3759 1447 3832 Austrie

176 3944 178 3950 s
294 3861 382 3930 lecit.
409 3861 480 3930 Rex
499 3860 660 3930 Rudollus
677 3863 754 3930 emit
775 3863 828 3930 ius
845 3880 907 3931 seu
928 3861 1135 3931 advocatiam
1162 3861 1381 3930 dominorum
1402 3863 1448 3931 de

294 3961 520 4046 Licbtenberg
535 3979 632 4048 quam
648 3961 816 4029 habebant
834 3979 936 4050 super
951 3962 1117 4030 ciuitatem
1136 3959 1448 4048 Argentinenscm.

296 4060 484 4148 Episcopus
509 4056 767 4146 Argentinensis
797 4063 909 4147 coegit
932 4058 1169 4134 Rubeaeenses
1195 4058 1258 4127 sibi
1284 4058 1448 4128 reddere

297 4175 362 4246 que
379 4157 516 4226 dederat
531 4159 580 4226 eis
600 4175 659 4226 sue
674 4159 850 4246 privilegia
864 4155 1038 4226 libertatis
1065 4159 1102 4227 ln
1116 4157 1204 4228 sesto
1222 4158 1334 4227 sancti
1350 4158 1450 4226 Gre-

298 4258 383 4342 gorii
407 4257 513 4344 [mtirz
534 4256 597 4342 12]
625 4258 803 4344 episcopus
825 4257 1022 4326 Basiliensis
1046 4264 1079 4327 et
1095 4260 1275 4347 episeopus
1295 4253 1454 4342 Argen-
