2950 4836
262 211 331 278 572
579 240 826 312 urrrcqrruuuuuu
850 239 905 285 unu
928 241 1081 287 zusnrrzr.

260 387 362 441 guense
379 374 544 443 oppugnanti
569 379 693 442 potenter
717 376 743 425 in
765 371 895 425 auxilium
914 381 1103 442 processerunt
1122 375 1196 425 cives
1211 368 1419 439 ,tragununen

261 473 315 512 sas.
333 458 387 524 Qui
406 459 540 511 civitatem
560 465 692 512 exeuntes
708 457 798 510 valida
816 473 895 510 munu
920 473 980 510 cunr
1004 460 1111 512 carucic
1128 474 1177 512 suo
1196 465 1229 510 et.
1242 457 1420 525 octingentis

260 545 369 597 armatis
386 541 556 597 adduxerunt
574 547 632 612 regi
649 543 769 615 predicto
788 543 933 596 machinas?
944 543 1011 596 duas
1029 543 1063 596 ad
1074 542 1288 598 subvertendum
1300 541 1417 594 murale

252 627 333 702 lepidi
350 629 512 697 Pinguensis
530 628 654 699 predicti,
673 643 740 700 quas
757 644 828 682 unus
846 628 956 699 quidam
974 630 1021 699 qui
1039 627 1185 681 vocabatur
1202 628 1338 695 magister
1357 629 1414 680 Ro-

261 713 385 768 termeiin
411 714 519 768 sortiter
541 713 701 784 applicando
726 729 832 766 murum
859 721 886 766 et
908 721 997 767 turres
1023 721 1077 766 tres
1095 713 1297 784 conquassavit.
1324 711 1412 778 Quod

259 798 385 853 videntes
409 799 517 870 opidani
540 807 591 854 etc.
620 797 711 852 Ceteri
734 812 801 852 veru
818 806 853 852 'et
871 798 952 874 vaide
969 801 1107 865 numerosi
1126 798 1288 851 invadentes
1306 805 1411 850 terram

259 889 288 940 in
305 886 456 954 Ringaugia
477 883 624 949 hostiliter,
649 885 861 954 circumquaque
883 885 974 936 omnia
993 883 1158 938 devastando
1177 890 1205 936 et
1222 883 1412 954 depredando,

260 969 354 1029 viliam
379 968 566 1024 Rudensheim'
586 967 772 1034 incenderunt,
799 967 975 1038 abductisque
998 971 1126 1023 armentis
1144 977 1172 1023 et
1189 967 1283 1040 spoliis
1299 969 1410 1032 multis,

259 1057 384 1112 similiter
401 1055 481 1108 viiias
499 1053 616 1108 Winkel
635 1060 662 1106 et
680 1053 807 1108 Osterich
830 1051 1043 1121 combusserunt,
1060 1067 1176 1126 moxque
1194 1055 1227 1108 ad
1246 1069 1410 1126 expugnan-

259 1143 323 1196 dum
349 1148 467 1194 castrum
497 1137 679 1210 Scarpinstcin
710 1138 826 1192 viriliter
850 1149 1048 1210 processerunt.
1079 1141 1158 1207 Quod
1185 1149 1248 1212 post
1273 1140 1407 1214 triduum,

258 1235 371 1300 propter
389 1225 506 1279 validum
524 1240 619 1279 eurum
643 1227 689 1295 qni
716 1226 789 1278 intus
806 1224 912 1278 suerent
930 1225 1129 1295 defensionem,
1153 1227 1260 1280 amissis
1278 1225 1406 1296 pluribus

260 1313 435 1377 deserentes,
453 1310 487 1363 ad
505 1326 570 1364 snus
595 1308 667 1362 unde
685 1308 867 1366 discesserant
884 1326 938 1364 nun
957 1313 1015 1364 eine
1029 1310 1191 1365 confusione
1207 1312 1313 1364 reuersi
1332 1317 1404 1362 sunt.
