2890 4832
249 199 319 270 302
575 227 707 274 crmxnn
729 227 799 272 rrra
820 227 845 273 s.
867 226 1053 272 nicenorum.

246 385 310 436 nos
328 371 537 456 pervenerat,
556 373 590 434 et
610 364 769 434 timebant
787 383 862 432 eum
881 364 1064 434 sarraceni.
1091 364 1150 434 Cui
1168 385 1287 436 nomen
1306 367 1372 436 Sa-

245 468 388 536 lomonis
406 484 441 533 re
458 484 539 534 vera
552 463 770 552 congruebat,
788 481 829 531 eo
844 462 936 551 qnod
948 471 1041 532 esset
1059 466 1193 534 multum
1206 467 1373 558 pacificus,

245 585 362 655 pacem
381 564 525 651 diligens
552 571 585 632 ct
611 582 728 652 pacem
746 562 882 631 iaciens.
917 563 1028 632 Gratia
1054 565 1147 652 pacis
1170 565 1371 636 reformande

246 683 358 752 neque
376 665 535 752 expensis
559 681 670 750 neque
689 663 818 750 corpori
836 663 997 750 pepercit.
1032 663 1127 732 Unde
1154 665 1183 732 si
1203 663 1291 732 beati
1313 685 1372 754 pa-

247 764 343 854 clici,
360 764 426 832 imo
445 765 522 850 qnia
540 762 639 851 beati,
658 762 781 848 etipse
800 760 918 830 beatus
937 768 997 830 est.
1025 759 1088 842 Qui
1105 781 1179 830 cum
1196 764 1373 852 aliqnando

246 869 441 949 argueretur
457 880 476 930 a
494 862 662 948 religiosis
681 879 783 948 quare
802 861 998 930 exactiones
1016 861 1142 930 laceret
1166 864 1202 930 in
1218 865 1374 952 populum

248 963 312 1030 sibi
329 961 534 1050 subiectura,
561 960 726 1028 humiliter
743 977 782 1028 se
800 961 994 1050 excusavit,
1021 961 1152 1049 culpam
1169 965 1373 1054 recognovit,

248 1061 364 1130 dicens
383 1062 457 1128 sine
474 1061 626 1148 pecuniis
651 1077 768 1148 pacem
792 1077 831 1128 sc
854 1076 923 1127 non
948 1076 1053 1148 posse
1078 1060 1189 1130 iacere
1213 1063 1249 1129 in
1273 1065 1374 1130 terris.

248 1162 412 1249 Tempore
439 1159 584 1246 quodam
611 1157 652 1226 de
679 1159 736 1226 tali
759 1159 896 1228 materia
920 1157 1098 1227 conserens
1126 1178 1199 1230 cnm
1218 1163 1373 1248 magistro

246 1260 401 1330 Jobannc
433 1259 554 1328 abbate
577 1259 684 1327 sancti
716 1256 884 1326 Trudonis
910 1257 1036 1325 aiebat:
1072 1257 1244 1346 licqtster,
1273 1263 1375 1328 nostis

247 1360 329 1445 quid
345 1359 462 1443 fucere
482 1358 722 1444 coqitccerim?
762 1355 1002 1444 Respondente
1033 1357 1106 1425 illo:
1138 1358 1213 1427 Noa
1238 1360 1373 1442 domiue,

249 1459 434 1527 subiunxit:
466 1457 574 1543 Super
604 1473 714 1524 omnes
742 1456 892 1524 redditus
913 1474 1003 1523 meos
1027 1456 1198 1526 duodecim
1221 1459 1373 1526 scultetos

248 1557 405 1624 ordinare
430 1557 594 1642 disposui,
620 1560 659 1622 ut
682 1555 750 1622 illis
777 1557 877 1622 ceteri
903 1556 1193 1624 administratores
1215 1560 1373 1626 rotinmm

247 1656 390 1724 reddunt
412 1661 445 1722 et
467 1673 511 1721 eu
532 1655 599 1722 illis
620 1654 789 1722 duodecim
807 1653 946 1740 singulis
965 1655 1129 1724 memmius
1157 1657 1279 1743 sinquli
1301 1656 1372 1724 mibi

248 1759 392 1841 meisque
415 1755 660 1837 administrent,
680 1758 714 1821 et
730 1756 779 1820 ilo
797 1770 864 1820 nou
884 1755 948 1821 erit
966 1771 1102 1822 uecesse
1122 1759 1159 1824 ut
1182 1757 1297 1824 dimoc
1315 1775 1372 1824 ru·
1430 1815 1431 1820 ,

245 1857 339 1941 quium
355 1856 427 1922 sioe
441 1872 504 1940 per
523 1854 717 1920 ecoetimcs
733 1852 876 1937 aliquem
890 1867 1036 1938 qruoem.
1430 1913 1431 1918 ,

323 1955 434 2040 Caput
458 1955 637 2038 septimum.
670 1951 843 2020 Ditaverat
865 1951 957 2018 illum
977 1954 1085 2038 gratia
1109 1953 1224 2022 divina
1252 1971 1371 2023 secun·

247 2052 437 2122 damasum
457 2053 651 2120 exteriorem
670 2052 786 2139 spiritu
803 2052 967 2140 sapientie
987 2057 1021 2118 et
1036 2053 1243 2140 intellectuS,
1265 2054 1371 2141 spiritu

247 2153 377 2222 consilii
396 2159 427 2219 et
445 2150 662 2240 tortitudinis,
688 2151 803 2238 spiritu
821 2151 960 2219 scientie
979 2155 1013 2218 ct
1028 2152 1182 2243 pietatis,
1217 2170 1281 2220 nec
1298 2151 1371 2220 dee-

247 2258 298 2319 rat
316 2252 347 2318 ei
372 2251 506 2339 spiritus
533 2251 657 2318 timoris
675 2249 817 2318 Domini.
857 2249 1048 2318 Secundum
1065 2269 1162 2320 nsum
1181 2252 1371 2320 exteriorem

248 2349 335 2439 dixi,
363 2367 404 2417 eo
430 2348 520 2436 quod
547 2349 761 2436 spiritualiter
786 2349 859 2416 sine
884 2349 1042 2416 charitate
1068 2350 1184 2419 haberi
1201 2356 1370 2439 nequeant.

249 2448 376 2517 Statum
395 2451 467 2516 cius
485 2450 672 2517 interiorem
690 2447 773 2516 deus
792 2449 894 2516 novit.
928 2447 997 2516 Sed
1022 2456 1056 2516 et
1080 2449 1214 2536 quidam
1242 2468 1284 2518 ex
1308 2451 1369 2516 eins

247 2548 430 2638 capellanis
448 2549 504 2636 qui
519 2547 1002 2637 conscientiameiusnoverat,
1016 2547 1057 2616 dc
1075 2550 1150 2638 ipso
1168 2567 1243 2616 oum
1261 2549 1369 2616 abbate

247 2655 364 2717 nostro
383 2647 578 2737 conserens,
602 2647 653 2715 sio
670 2649 730 2714 ait:
757 2646 849 2714 Licet
863 2647 1013 2714 dominus
1031 2665 1123 2716 meus
1136 2648 1300 2716 secularis
1314 2646 1368 2712 lu-

248 2746 382 2838 beutur,
399 2765 465 2814 noc
481 2752 591 2814 tumea
602 2749 690 2814 uuus
710 2745 789 2813 tulis
803 2749 855 2813 est
873 2745 983 2831 quotis
994 2746 1081 2829 soris
1104 2751 1258 2833 cppurct.
1283 2746 1367 2815 Scio-

249 2848 292 2914 tis
316 2863 398 2913 eum
412 2847 534 2914 multos
560 2845 709 2912 omullus
736 2845 979 2912 conmutationes
1000 2843 1124 2913 bebere
1150 2865 1174 2913 u
1200 2847 1274 2914 deo.
1303 2846 1368 2914 Erat

249 2945 337 3013 enirn
354 2947 491 3032 sapiens
515 2943 558 3012 ad
585 2945 694 3012 omnia
721 2950 754 3012 et
778 2944 979 3030 intelligens.
1010 2945 1186 3034 Sapienter
1211 2944 1254 3014 ad
1273 2944 1367 3012 omnia
1426 2979 1427 2984 =

248 3042 422 3130 rospondit
439 3050 472 3111 et
490 3043 569 3131 quid
587 3045 730 3132 quisque
748 3042 859 3110 dicere
877 3043 979 3112 vellet
995 3042 1092 3112 iacile
1110 3044 1283 3112 intellexit
1298 3043 1364 3112 Can
1426 3063 1428 3126 q

249 3143 427 3210 venissent
453 3142 623 3212 Coloniam
647 3141 765 3210 iratres
800 3141 842 3210 de
866 3159 956 3210 novo
981 3142 1097 3210 ordine
1123 3142 1364 3228 Prodicatornn,
1425 3155 1428 3265 p

250 3258 383 3310 necnon
409 3247 443 3308 ct
465 3239 582 3310 iratres
610 3243 666 3328 qui
691 3240 844 3310 dicuntur
860 3241 1026 3331 blinorcS,
1058 3248 1231 3328 etgraves
1250 3240 1363 3329 quidm
1425 3262 1427 3314 t

250 3341 301 3410 eis
320 3345 436 3410 essent
453 3359 495 3409 ex
513 3341 620 3430 clero,
638 3341 756 3428 eisque
775 3357 884 3408 coram
903 3339 1160 3429 archiepiscopo
1177 3341 1362 3428 Engelberta

250 3439 385 3509 diversa
410 3439 612 3524 obiicerent,
645 3440 721 3508 illos
747 3438 952 3529 accusando,
983 3439 1174 3528 respondit:
1217 3438 1363 3528 (iudidio

250 3557 306 3607 res
331 3542 367 3607 iu
387 3537 472 3608 bomo
493 3543 585 3606 statu
614 3543 679 3621 esi,
700 3543 794 3605 stare
815 3539 919 3605 sinite.
955 3537 1103 3626 Cumque
1129 3540 1292 3606 instarent
1312 3545 1361 3604 tam
1425 3591 1426 3624 ,

251 3639 411 3726 primores
430 3655 529 3726 quam
545 3637 679 3727 plebani
698 3644 731 3704 et
749 3636 912 3706 dicerent:
936 3635 1091 3706 liommus
1109 3655 1150 3704 oe
1166 3641 1223 3705 isti
1245 3635 1361 3714 simili,

251 3737 293 3802 de
308 3736 422 3822 quibus
443 3740 580 3823 spiritus
600 3740 737 3804 sauctus
757 3754 820 3822 per
837 3755 876 3804 os
898 3735 992 3804 beote
1007 3737 1223 3823 Hildeqordis
1234 3733 1360 3822 propbe-

253 3837 349 3919 tacit,
361 3855 425 3921 per
442 3855 524 3922 quos
542 3837 654 3904 clerus
666 3835 835 3921 ufsliqelur
856 3839 889 3902 ei
904 3837 1023 3903 ciuitas
1036 3835 1285 3921 periclitabitur,
1302 3852 1359 3901 rer·

252 3933 329 4000 bum
353 3935 499 4002 notabile
525 3934 714 4024 respondit:
746 3934 782 4002 Si
804 3935 956 4002 diuinitus
979 3933 1214 4020 prophetatum
1236 3939 1297 4017 est,
1315 3948 1359 4000 ue-

253 4049 346 4100 cesse
362 4037 413 4098 est
430 4039 467 4099 ut
479 4035 664 4119 implectur.
704 4031 779 4114 Quo
797 4033 899 4102 verbo
918 4036 1125 4121 compescuit
1142 4051 1266 4102 omnes.
1300 4031 1359 4120 Spi-

253 4133 317 4200 ritu
335 4132 465 4201 consilii
483 4133 532 4200 sio
550 4131 759 4221 abundabat,
775 4139 812 4200 nt
829 4134 864 4200 in
881 4134 1032 4200 consiliis
1050 4131 1170 4202 dandis
1190 4139 1281 4202 esset
1295 4147 1358 4219 pro-

254 4230 369 4321 vidus,
388 4231 467 4300 etin
485 4230 761 4320 responsionibus
780 4237 844 4300 tam
863 4240 1047 4322 promptus,
1065 4239 1101 4301 ut
1118 4231 1361 4300 consiliariieius
