2886 4834
291 203 337 272 86
658 230 819 278 mauricen
842 231 1051 278 conxrrumsc.

211 376 278 434 rasa
369 369 445 436 Dux
461 365 594 436 nustria
609 377 751 438 vocatus
767 389 840 439 cum
855 370 981 438 inlicita
994 367 1198 437 multitudine
1214 367 1409 453 Ungarorun

292 475 326 536 et
353 468 572 536 Cumanorum
599 470 707 557 venit,
738 471 792 556 qui
821 487 937 538 omnes
965 485 1115 557 pugnare
1139 485 1211 536 curn
1233 467 1363 552 sagittis
1383 476 1409 534 et

291 567 433 635 arcubus
465 575 720 636 consueverant.
754 567 878 636 Habuit
902 587 1016 637 secum
1039 565 1211 634 Australes
1238 565 1295 653 qui
1325 567 1433 632 ernist

291 665 406 734 lcrreis
426 666 610 734 utebantur.
663 739 665 746 χ

366 765 470 851 Igitur
487 783 545 833 rex
560 763 703 834 Adolius
717 765 936 836 Romanorum
952 765 1194 835 contraducem
1204 760 1409 831 Austrieoun

292 881 414 950 magna
426 864 633 933 multitudine
650 866 839 934 venientem
861 869 894 934 in
911 883 1085 935 occursum
1104 865 1204 932 currit
1224 881 1301 930 oum
1316 862 1409 930 homi·
1433 885 1434 918 ι

292 964 389 1031 nibus
412 965 544 1031 armatis
570 981 643 1032 cunr
668 965 874 1034 multitudine
902 967 1049 1053 copioso.
1084 964 1134 1031 Ex
1156 962 1279 1050 quibus
1311 962 1434 1028 armati:

292 1062 547 1152 reputabantur,
568 1065 624 1150 qui
644 1057 781 1149 galecs¹
797 1065 922 1133 lerrcas
946 1067 980 1132 in
999 1063 1162 1151 capitibus
1181 1061 1365 1147 habebant,
1384 1067 1411 1126 et
1433 1073 1434 1078 ’

293 1162 348 1248 qui
368 1161 569 1251 wambasio,
589 1162 623 1232 id
641 1168 694 1230 cst
708 1165 850 1231 tunicam
875 1165 1019 1252 spissam
1039 1181 1081 1230 ex
1095 1162 1165 1229 lino
1182 1167 1215 1228 et
1231 1166 1353 1248 stuppa
1366 1157 1410 1226 rel

292 1261 460 1328 veteribus
477 1262 596 1348 pannis
615 1268 800 1353 consutam,
824 1269 856 1330 el
875 1263 1022 1350 desuper
1036 1262 1204 1330 camisiam
1218 1257 1366 1346 ferream,
1383 1257 1410 1324 id
1434 1271 1435 1314 l

293 1366 345 1426 est
363 1367 492 1427 vestem
511 1378 553 1427 ex
574 1360 837 1430 circulisferrcis
855 1369 1142 1448 contextamper
1163 1377 1228 1448 que
1253 1357 1344 1424 nulla
1364 1373 1410 1424 sn·
1434 1369 1435 1376 ’

293 1459 377 1544 gilla
398 1476 495 1526 arcus
514 1465 645 1546 poterat
662 1459 827 1528 hominem
842 1461 1026 1530 vulnerare.
1051 1460 1101 1528 Ex
1115 1459 1177 1527 biis
1191 1458 1328 1527 armatis
1342 1473 1410 1523 cen-

294 1565 361 1624 turn
374 1559 517 1625 inermes
531 1558 618 1626 mille
633 1558 700 1626 ledi
716 1565 904 1648 potuenrnt.
931 1559 1085 1628 Habebat
1097 1564 1130 1626 et
1149 1557 1273 1625 mullos
1295 1557 1348 1642 qui
1361 1554 1410 1622 ba·

293 1655 419 1724 bebant
444 1655 645 1746 dextrarios,
674 1657 707 1725 id
730 1666 784 1726 est
806 1675 912 1747 equos
944 1675 1086 1745 magnos
1113 1658 1169 1744 qui
1203 1659 1292 1723 inter
1319 1671 1410 1740 equos
1435 1677 1436 1712 r

293 1772 485 1823 communes
507 1758 601 1843 quasi
624 1757 836 1845 Bucephalus
868 1755 1047 1826 Alexandri
1071 1758 1157 1824 inter
1182 1755 1270 1822 alios
1298 1754 1410 1820 erninc-

294 1853 381 1922 bant.
407 1853 460 1920 llii
487 1856 564 1942 eqni
586 1857 736 1945 cooperti
761 1855 893 1925 luerunt
913 1857 1132 1945 coopertoriis
1153 1853 1293 1942 ferreis,
1316 1851 1348 1919 id
1370 1859 1410 1916 est

292 1958 390 2021 veste
411 1970 453 2020 ex
473 1955 605 2022 circulis
627 1954 743 2023 lerreis
766 1973 929 2024 connexa.
954 1953 1159 2029 Assessores
1185 1952 1409 2021 dextrariorum

293 2051 462 2120 habebant
480 2053 599 2122 loricas
614 2052 748 2145 ferreas,
771 2055 941 2122 habebant
955 2055 1135 2140 ctcnligas,
1151 2051 1341 2140 manipnlos
1357 2048 1410 2115 ler-
1436 2085 1437 2096 κ

294 2169 390 2241 reos,
414 2157 448 2218 ct
468 2153 502 2219 in
527 2153 691 2240 capitibus
709 2153 825 2239 galeas
851 2153 974 2222 ferreas
996 2151 1191 2242 splendidas
1220 2157 1256 2218 et
1277 2155 1408 2234 ornatas,

294 2255 328 2317 et
345 2251 411 2317 alia
428 2251 530 2318 multa
548 2269 612 2338 quc
630 2269 682 2320 mc
708 2251 813 2320 teduit
830 2271 991 2321 enarrare.
1026 2253 1198 2320 Exercitus
1216 2251 1309 2336 regis
1327 2250 1409 2315 inva-

293 2348 373 2435 dere
399 2347 493 2417 ducis
520 2335 701 2418 exercitum'
724 2353 910 2420 voluntarie
940 2353 1120 2441 voluisset,
1148 2351 1177 2418 si
1193 2350 1344 2417 locorum
1360 2363 1410 2432 op·

294 2449 480 2536 portunitas
507 2449 667 2517 diluisset.
701 2450 777 2518 Dux
795 2449 955 2537 fugiendo
974 2451 1016 2518 nb
1035 2451 1128 2520 Ulma
1144 2465 1254 2536 usque
1274 2443 1410 2513 Waldis·
1437 2463 1438 2510 r

294 2545 354 2615 hut
377 2549 467 2633 regis
493 2550 671 2616 exercitum
697 2549 890 2640 dereliquit,
918 2557 951 2618 et
968 2568 1026 2618 rex
1044 2568 1119 2618 eum
1136 2547 1296 2636 persequi
1314 2543 1409 2612 desis·
1437 2565 1438 2608 1

293 2645 393 2714 lebat.

371 2745 449 2814 l'ost
465 2744 529 2813 hec
547 2747 748 2832 significavit
766 2747 833 2815 dux
847 2748 980 2816 Austrie
992 2747 1193 2836 principibus
1210 2740 1408 2826 electoribus,

295 2846 351 2931 qui
370 2845 571 2930 colloquium
588 2845 805 2914 condixerant
822 2848 855 2914 in
873 2846 961 2916 lesto
978 2847 1123 2934 Philippi·
1136 2851 1169 2912 et
1181 2842 1304 2911 Jacobi
1322 2855 1409 2929 prope

294 2941 520 3034 Franldnlurt,
540 2944 630 3030 quod
649 2944 691 3012 ad
715 2945 748 3012 id
766 2951 901 3034 propter
922 2948 1079 3034 impetum
1096 2945 1185 3031 regis
1203 2942 1408 3012 Romanorum

296 3059 364 3108 non
381 3047 501 3128 posset
525 3043 697 3111 commode
721 3045 894 3132 pervenire
904 3069 913 3132 3
939 3051 1141 3133 quapropter
1157 3043 1291 3128 rogavit
1307 3046 1343 3107 ut
1357 3038 1409 3104 boc

295 3142 330 3206 in
356 3131 512 3208 alteram²
534 3142 757 3210 transferrent.
784 3143 821 3210 ln
847 3144 912 3212 hoc
930 3144 1040 3214 subito
1059 3146 1322 3229 consenserunt,
1346 3137 1409 3224 qula

298 3245 331 3306 et
348 3237 452 3307 tribus
469 3240 598 3308 vicibus
617 3243 863 3309 transtulerunt.

369 3337 522 3406 Exeunte
548 3339 635 3410 duce
659 3339 793 3408 Austric
818 3348 937 3409 terram
963 3359 1057 3410 suam
1082 3342 1174 3408 venit
1197 3339 1241 3407 ad
1265 3356 1338 3406 oum
1354 3334 1409 3402 dux

268 3521 271 3527 r
295 3429 460 3506 Bovarie³
481 3439 578 3524 eique
596 3438 809 3507 amicabiliter
826 3439 923 3508 dixit:
949 3440 1053 3508 Socer
1072 3457 1163 3506 meus
1181 3439 1300 3524 petivit
1320 3453 1342 3502 c
1360 3447 1409 3510 me,

297 3540 459 3621 quaternos
473 3555 546 3604 eum
561 3539 595 3604 in
609 3537 859 3606 necessitutibus
875 3557 948 3606 cum
968 3541 1037 3606 sois
1050 3538 1191 3620 fideliter
1207 3537 1408 3608 adiabenem·

297 3653 358 3721 epo
371 3652 450 3704 cero
467 3641 505 3704 ut
515 3653 566 3703 me
580 3637 690 3705 decuit
700 3638 865 3705 obaudiet.
888 3638 981 3724 liopo
993 3639 1096 3724 icitur
1107 3638 1264 3722 quatinus
1278 3651 1327 3700 me
1339 3643 1410 3699 nunt

296 3736 331 3800 in
343 3733 406 3801 boc
425 3753 508 3802 ecco
529 3734 680 3805 budeubs
699 3741 903 3805 comiaclum.
935 3738 1011 3804 Dux
1029 3735 1124 3804 dixit:
1142 3735 1261 3802 crater
1280 3735 1337 3820 mi,
1358 3725 1409 3794 ud

297 3835 423 3900 tutores
438 3832 544 3901 babeo
559 3835 695 3918 multos,
719 3835 805 3903 undo
825 3837 886 3921 soc
903 3839 989 3904 mccl
1005 3835 1062 3903 libi
1077 3834 1240 3903 videditur
1260 3828 1410 3917 ceperint.

298 3929 449 4000 Audiens
468 3931 531 4000 hec
548 3951 662 4004 comes
680 3933 836 4005 Albertus
854 3942 1018 4023 cognatus
1046 3934 1165 4002 ducum
1183 3933 1265 4001 dixit
1282 3942 1411 3999 consone

335 4105 365 4168 l]
384 4119 415 4156 so
433 4103 482 4157 der
499 4103 597 4172 drnck,
615 4108 720 4161 cassias¹
733 4108 771 4162 bs.
812 4111 843 4177 2)
862 4105 954 4162 diem?
990 4111 1021 4176 3)
1040 4105 1149 4172 Rudoll,
1162 4107 1263 4228 berzop
1276 4099 1409 4158 vonObcr·

194 4227 199 4238 p
299 4171 413 4235 Raiern,
431 4173 484 4226 wie
501 4171 549 4225 das
565 4173 692 4242 folgende
709 4176 826 4245 englam,
849 4175 918 4230 doclr
935 4192 993 4230 war
1010 4176 1101 4230 dieser
1117 4174 1190 4230 nicht
1207 4173 1243 4229 ΑΙ
1265 4171 1348 4229 rccbts
1364 4167 1411 4220 bru·

300 4240 363 4304 der,
383 4239 500 4294 sondern
517 4239 614 4296 dassen
632 4243 712 4296 nella.
