2886 4834
391 241 554 289 curorrcou
576 241 785 288 cournrrusr.
1099 209 1145 276 65

46 385 211 473 deportatur
237 386 269 449 ot
295 397 368 448 oum
396 379 475 448 lietu
498 379 657 448 nobilium
685 379 852 467 sepelitur.
878 377 952 446 Hoa
969 378 1151 447 retulerunt

46 483 206 571 qrriregine
225 481 362 567 gloriam
387 481 612 567 quasiverunt.
650 478 841 566 Episcopus
867 477 1008 546 olerioos
1034 495 1152 546 omnes

13 579 250 669 alprandium
268 580 420 647 invitavit
438 583 470 647 et
488 578 682 646 neeessaria
700 578 904 646 ministravit.

13 753 82 914 lm
97 774 266 862 prophetia
291 775 332 842 de
356 773 500 859 llrrdalso
524 775 641 842 comite
667 775 708 842 de
732 773 916 844 Hadrdura

13 917 14 1000 3
100 908 133 975 ln
150 913 259 975 oestro
276 905 451 975 Rinveldin
469 923 554 974 uxor
571 907 700 973 comitis
718 904 848 974 Rudolli
869 909 939 975 suis
955 907 1152 978 dominabus

13 1003 54 1090 lr
55 1007 143 1075 etulit:
183 1023 283 1091 super
314 1005 391 1072 latu
416 1004 614 1072 Luaeueuai
639 1008 757 1072 eetere
792 1005 953 1073 inclusam
991 1009 1152 1095 deuotam

13 1101 14 1158 l
44 1123 89 1189 pue
112 1104 183 1171 aliia
212 1103 329 1188 sumre
357 1105 466 1189 sepius
493 1103 697 1170 revelaverit.
743 1103 840 1171 Hune
867 1123 929 1190 epo
957 1107 1090 1191 rogaui,
1119 1112 1156 1173 ut

13 1221 14 1234 ¹
44 1203 189 1272 dommum
212 1203 464 1287 deprecaretur,
485 1205 644 1288 qautenus
663 1205 783 1268 stateem
801 1204 922 1271 donarii
943 1206 1005 1271 met
1027 1206 1154 1272 canulis

13 1303 14 1308 ’
43 1301 146 1382 ludolfi
163 1305 196 1368 et
211 1318 318 1368 meum
336 1300 486 1368 revelare
503 1301 704 1386 dipuaretur.
731 1301 791 1368 Cui
809 1302 969 1370 Dominus
988 1303 1153 1385 releuauit,

44 1401 227 1485 padaomea
244 1397 406 1482 liudolfus
423 1397 511 1466 breui
531 1399 662 1482 stemma
679 1402 766 1466 esset
786 1418 849 1467 ree
862 1400 1099 1485 florianorum,
1124 1406 1157 1468 et
1179 1460 1182 1466 .

44 1499 111 1582 pud
123 1501 253 1565 ereseet
267 1500 302 1565 io
319 1499 437 1565 matur
453 1498 602 1584 potentia
622 1497 732 1583 pluria
752 1503 786 1564 et
806 1498 947 1583 lauare,
969 1517 1073 1584 auare
1092 1515 1154 1566 aa·

43 1600 133 1663 teuta
143 1598 299 1682 pereatis
318 1595 518 1679 euormr'lm,
545 1613 587 1662 ue
602 1596 751 1664 domum
772 1600 801 1664 ei
817 1598 951 1681 auferat
969 1599 1059 1682 pared
1068 1615 1154 1682 pro-

44 1696 119 1778 mut
146 1695 299 1763 videlieet
315 1693 358 1761 ab
377 1694 593 1762 ecelesiarum
610 1694 829 1764 derlmetioue
843 1701 876 1764 et
887 1697 1057 1824 mulierum
1072 1713 1154 1764 eou-

43 1787 184 1875 ptume.1

43 1990 80 2058 lle
99 1993 215 2061 outone
241 1991 429 2079 vapularet
455 1993 533 2059 dieti
558 1990 687 2060 Serere.

14 2117 15 2122 ’
97 2124 296 2212 Burogravia
312 2126 346 2191 in
365 2124 546 2193 Sulnmatin
564 2142 583 2191 a
602 2130 694 2212 patre
713 2142 750 2192 se
769 2121 905 2191 audisse
924 2125 1042 2214 retulit,
1063 2125 1154 2212 quod

46 2221 199 2292 Sermusa
218 2225 317 2292 sooio
344 2241 406 2292 suo
424 2229 554 2290 mortuo
574 2222 624 2290 bis
643 2241 702 2310 per
718 2223 862 2290 rustioos
881 2222 923 2290 ad
942 2222 1074 2291 domum
1093 2223 1154 2292 de-

45 2327 142 2389 sertum
158 2328 302 2392 vocatus
327 2322 403 2412 luit,
425 2321 487 2389 sed
506 2321 649 2390 Seuerus
669 2320 758 2388 adire
777 2321 891 2389 noluit.
918 2321 1046 2390 Deinde
1068 2323 1155 2392 eirea

15 2457 16 2462 ,
43 2435 137 2505 aquam
154 2423 276 2488 milites
295 2422 415 2489 multos
435 2419 497 2488 sed
514 2427 663 2488 mortuos
682 2421 870 2507 aquilonius
886 2419 975 2488 vidit.
1002 2420 1073 2489 Hos
1093 2440 1154 2490 so-

14 2599 15 2602 *
44 2517 179 2603 quebatur
205 2521 321 2588 soeius
350 2519 472 2587 Seueri.
510 2519 666 2587 Seuerum
693 2518 874 2604 lugientem
903 2526 1014 2587 monet
1040 2521 1153 2587 socius

14 2629 16 2634 ’
44 2632 74 2681 ra
89 2616 183 2703 lugiet
206 2636 276 2706 quo
301 2636 369 2686 non
395 2619 559 2685 moriatur.
598 2617 639 2685 Et
663 2615 745 2684 dixit
763 2615 805 2684 ad
824 2635 913 2684 eum:
944 2617 1008 2684 Die
1025 2618 1154 2684 domiuo

14 2725 16 2758 ³
42 2713 329 2794 deSrouruenbura,
355 2717 445 2801 quod
464 2717 499 2782 ia
512 2715 600 2783 breui
612 2715 805 2798 sadafueiat
820 2715 959 2782 Domino
979 2716 1019 2782 de
1027 2733 1153 2799 peeca-

42 2812 147 2897 tlrruiu,
174 2819 207 2882 et
227 2816 383 2882 restituat
396 2812 564 2882 manualis
580 2815 621 2881 de
640 2865 751 2884 .....
777 2831 832 2880 res
853 2830 949 2896 suas,
967 2818 1000 2879 et
1009 2815 1154 2900 deripiat

42 2926 145 2979 emaum
158 2917 190 2980 et
203 2912 416 2997 transfretet,
441 2912 587 2998 alioquin
608 2911 706 2978 alara
729 2911 781 2979 die
795 2929 860 2998 per
879 2929 999 2981 auram
1015 2911 1151 2979 mirali-

43 3006 96 3074 liter
115 3013 276 3079 morietur.
302 3010 375 3079 Heu
398 3011 543 3079 Seoerus
562 3009 645 3078 dixit
671 3016 705 3078 et
727 3009 835 3078 iaetus
863 3016 915 3077 est
939 3009 1091 3078 omnihus
1118 3013 1151 3078 in

43 3103 166 3178 derisum.
191 3109 274 3178 Post
291 3127 417 3197 paneas
437 3111 642 3196 septimanas
665 3125 879 3195 congregans
899 3125 1012 3176 eomes
1030 3106 1151 3178 Albur-

43 3209 80 3272 tus
102 3206 139 3275 de
165 3207 408 3276 Swarzenburo
434 3209 571 3297 milites,
603 3211 639 3274 ut
656 3207 786 3274 veniret
809 3209 842 3274 in
867 3205 1064 3275 adiutorium
1089 3227 1150 3276 ex-

43 3307 266 3374 communicatis
285 3305 473 3374 hominibus
491 3306 698 3393 imperatoris
717 3305 890 3396 iriderioi,
910 3305 998 3372 olara
1017 3305 1070 3374 die
1089 3325 1150 3374 vo·

44 3401 77 3465 nit
90 3405 285 3490 pluviarum
303 3407 447 3472 tonitruo
466 3410 501 3472 et
517 3402 681 3471 interioeit
698 3422 783 3470 eum.

97 3501 153 3570 llic
177 3504 287 3572 romili
303 3502 446 3588 liudolfo
469 3503 510 3570 de
522 3500 697 3570 Hulabure
712 3519 783 3569 eum
795 3501 941 3586 futumrm
958 3519 1068 3586 repam
1080 3501 1148 3570 llo-

43 3612 201 3685 uuuorum,
235 3601 290 3686 qui
311 3619 407 3686 repes
428 3599 628 3686 impugnabit
650 3603 683 3666 et
702 3602 823 3683 uincet,
848 3599 1030 3684 quindecim
1054 3602 1149 3668 anuis

44 3697 179 3789 repandit,
201 3717 323 3785 pueem
337 3700 442 3783 faetet
461 3700 494 3766 iu
518 3702 626 3784 terra,
657 3703 690 3766 et
700 3715 764 3783 per
775 3715 900 3784 pueros
923 3713 1001 3764 rues
1024 3699 1149 3766 andros

42 3791 172 3871 plurium
197 3796 259 3864 ridi
282 3796 464 3882 reputabit,
487 3815 511 3863 a
531 3800 675 3882 tempore
691 3797 805 3864 Caroli
828 3796 938 3880 mapm‘
958 3812 1024 3864 non
1042 3797 1149 3882 feritet

45 3890 132 3960 uritis
145 3895 255 3980 pluria
265 3897 415 3980 potentia
437 3893 560 3964 lauare
581 3899 614 3962 et
633 3895 770 3982 dimitite,
791 3895 853 3962 sed
867 3895 1068 3980 imperialem
1088 3915 1147 3964 eo-

46 4001 135 4058 rmum
148 4011 212 4060 aon
223 3993 509 4078 poteritodtiuare
527 3987 540 4028 ²

67 4161 123 4223 1l2l
140 4163 227 4218 dieser
244 4163 332 4220 abuatz
352 4163 405 4218 uod
424 4164 474 4218 der
492 4163 713 4234 vorhergehende
737 4161 853 4218 iehlen'
846 4181 881 4218 rm
900 4161 1038 4266 abdruelr;
1067 4161 1147 4220 balde
1201 4181 1203 4188 ’

45 4223 474 4302 mwmwm.mm.

67 4320 185 4371 nouenae
203 4329 322 4376 FONTES.
341 4329 364 4375 2.
525 4334 530 4346 ¹
934 4321 949 4370 5
