2888 4824
407 254 443 300 ux
465 253 591 302 aurunco
613 254 775 301 uuouruusr.
1087 221 1155 292 377

37 395 109 463 ierro
123 395 154 461 iu
169 393 323 462 sueviam
341 391 525 460 deducitur.
540 392 611 461 Nee
622 394 723 460 multo
741 399 819 481 post
837 392 1059 461 Colonienses
1078 395 1155 459 eum¹
1174 398 1239 458 ttot

38 512 108 579 rege
133 493 281 581 Philippo
306 498 527 581 componunt,
553 497 586 559 et
610 493 652 559 ab
678 489 801 560 Otloue
826 491 998 581 rege,-cui
1017 489 1073 557 diu
1092 488 1157 558 ad-

37 595 198 680 heserunt,
227 590 384 658 hdelitote
409 593 596 679 postposita
623 590 794 660 recedunt.
820 590 897 678 lpse
915 608 996 658 vero
1016 607 1036 656 a
1054 587 1157 658 Colo-

37 695 82 758 nia
98 709 168 758 oum
185 691 320 779 paucis,
342 690 472 776 fingens
492 709 529 757 se
549 689 590 758 ad
610 693 733 759 curiam
752 690 854 757 Suevi
871 691 1008 777 iturum,
1036 687 1157 756 callide

37 791 141 878 exivit,
161 797 193 856 et
214 792 247 857 in
266 794 409 858 castrum
428 788 595 876 quondam
617 791 788 879 patrissui
811 789 902 876 quod
922 788 1085 856 Brunsvic
1102 785 1158 854 di-

37 892 107 957 citur
124 906 161 956 se
181 890 332 957 contulit.
358 888 494 956 Rhenus
516 891 660 977 aperitur
681 897 715 958 et
736 889 841 958 libera
855 889 918 969 =via
944 887 1100 955 eructibus
1125 891 1159 956 et

36 987 241 1056 redeuntibus
260 986 479 1058 conceditur.
499 1041 505 1054 .
525 1041 532 1053 .

98 1084 196 1154 huno
215 1087 339 1155 domini
358 1088 503 1154 m·.ec.rii.
521 1087 555 1153 in
572 1085 799 1174 purificatione
819 1088 935 1151 sancte
952 1084 1055 1152 llarie
1074 1079 1157 1172 [seh.

38 1183 69 1276 t]
94 1205 112 1254 a
135 1203 218 1272 rege
242 1186 392 1275 Philippo
423 1187 513 1252 curia
536 1185 742 1274 celebratur,
767 1182 809 1251 de
835 1200 919 1270 paee
945 1176 1158 1251 Coloniensi¹

38 1291 190 1352 tractatur.
218 1281 293 1354 Alia
318 1286 410 1352 curia
432 1284 553 1353 Letare
578 1283 763 1352 Jerusalem
789 1279 874 1372 [apr.
896 1279 933 1373 l]
960 1283 1157 1350 nominatur.

37 1383 78 1450 De
95 1384 159 1450 hliu
182 1385 323 1473 Philippi
347 1385 436 1470 regis
451 1390 496 1475 ,et
521 1384 587 1454 hlio
609 1381 755 1450 Heinrici
773 1381 867 1449 ducis
886 1381 1064 1449 Brabautie
1083 1400 1159 1450 ma-

36 1484 210 1550 trimonium
237 1483 406 1566 ordinatur
423 1489 457 1550 et
477 1485 661 1552 iuramento
680 1482 890 1551 confirmatur
907 1533 914 1547 .
934 1533 941 1547 .
960 1531 967 1546 .
985 1479 1060 1548 Duo
1080 1498 1157 1548 car·

38 1580 152 1650 dinales
171 1601 192 1649 a
210 1600 299 1671 papa
317 1582 512 1650 lnnooentio
530 1583 564 1650 iu
582 1579 822 1650 Allemanniam
841 1581 1009 1647 mittuntur
1026 1584 1063 1646 ut
1074 1597 1159 1647 con-

38 1681 169 1748 cordiam
195 1683 283 1750 inter
306 1699 420 1767 regem
442 1678 602 1750 Ottonem
626 1687 659 1748 et
683 1680 865 1768 Philippum
891 1678 1036 1747 Suerum
1064 1676 1159 1746 lace-

38 1787 113 1866 rent,
132 1779 194 1848 sed
211 1797 281 1849 non
292 1779 513 1869 proiecerunt.
533 1779 755 1850 Colonienses
773 1797 815 1846 err
833 1780 966 1864 integro
992 1779 1064 1863 regi
1080 1777 1159 1844 Phi-

38 1879 114 1966 lippo
141 1879 418 1968 reconciliantur,
444 1881 593 1968 exceptis
617 1879 766 1966 clericis,
793 1885 826 1944 et
846 1878 900 1944 viu
920 1875 1025 1944 Rheni
1047 1877 1159 1964 aperi-

39 1983 102 2043 tur.
120 2031 152 2046 ..
177 1977 382 2046 Ludewious
409 1996 523 2048 comes
543 1978 585 2047 de
606 1978 674 2046 hos
698 1975 852 2063 Angliam
878 1975 1075 2065 ingreditur,
1103 1993 1159 2042 re-

39 2094 103 2160 gem
123 2096 182 2166 pro
207 2095 312 2146 uxore
338 2095 398 2145 sua
416 2095 481 2166 que
501 2078 545 2145 ihi
563 2083 660 2165 capta
678 2077 854 2144 tenebatur
871 2075 1064 2163 alloquitur,
1083 2079 1160 2140 tan-

40 2174 100 2242 dem
116 2175 217 2244 humo
235 2193 317 2245 suus
340 2175 447 2244 lactus
464 2183 498 2244 et
514 2176 600 2245 datis
624 2175 800 2246 obsidibus
820 2193 879 2262 pro
902 2174 1047 2242 hominio
1071 2189 1159 2242 con·

38 2275 200 2365 servando,
221 2293 358 2344 uxorem
373 2295 466 2344 suam
481 2276 620 2364 reduxit,
639 2293 704 2364 que
719 2294 778 2364 per
791 2276 937 2361 quinque
952 2291 1059 2342 annos
1077 2290 1159 2361 cap-

40 2375 130 2442 livua
154 2374 330 2444 Guillelmo
351 2375 516 2444 avunculo
541 2374 754 2444 suodetenta
776 2372 836 2441 suit
853 2426 860 2439 .
880 2425 912 2440 ..

100 2471 199 2542 Anno
225 2474 348 2542 domini
374 2476 533 2542 mccviii.
557 2493 615 2544 rex
641 2474 810 2562 Philippus
834 2474 923 2540 cirea
948 2471 1160 2560 epiphaniam

42 2567 111 2659 [iun.
131 2571 169 2664 6]
200 2574 302 2642 Mutis
329 2574 438 2663 venit,
465 2579 498 2642 et
523 2573 834 2642 auriumcelehrem
858 2573 971 2640 tenuit.
1003 2567 1159 2655 Aigullus

40 2671 321 2762 archiepiscopus,
350 2673 406 2760 qui
433 2692 453 2740 a
477 2691 606 2741 summo
629 2671 789 2760 pontifice
810 2677 882 2738 erat
904 2669 1100 2755 destitutus,
1127 2673 1161 2735 et

40 2769 137 2838 Bruno
156 2790 268 2840 novus
289 2770 581 2860 archiepiscopus,
601 2773 656 2860 qui
672 2771 714 2838 ah
737 2770 854 2839 eodem
873 2787 960 2857 papa
980 2773 1051 2835 erat
1073 2784 1160 2834 oon-

41 2867 173 2938 irmutus
196 2876 232 2938 et
250 2889 270 2938 a
289 2887 370 2957 rege
395 2870 509 2939 Suevo
536 2871 699 2938 hactenus
721 2871 872 2958 captivus
894 2867 1067 2956 detentus,
1094 2884 1160 2933 va-

42 2965 111 3035 dunt
129 2969 171 3037 ad
194 2971 318 3038 curiam
337 2969 460 3038 domini
475 2989 561 3059 pape
571 3021 580 3058 ,
600 2969 845 3038 discussionem
866 2966 908 3036 de
932 2966 1160 3054 arehiepisco-

40 3073 107 3151 patu
125 3068 244 3137 tacturi
263 3121 270 3135 .
289 3121 296 3135 .
316 3121 323 3136 .
349 3068 420 3137 Rex
439 3068 607 3157 Philippus
628 3073 850 3157 pentecosten
871 3062 953 3157 [mai
971 3063 1035 3156 25]
1053 3063 1160 3151 liquis

42 3166 225 3257 celebravit,
244 3169 366 3236 curium
385 3167 550 3237 celebrem
569 3185 628 3257 per
651 3174 728 3235 ceto
752 3167 825 3235 dies
846 3166 962 3234 habuit
985 3171 1018 3233 et
1041 3182 1158 3232 reces-

41 3264 75 3329 sit
90 3318 96 3330 .
114 3319 145 3332 ..
174 3264 204 3334 0
226 3265 341 3356 nesus,
369 3286 389 3336 ο
410 3266 541 3357 scelus,
568 3285 588 3335 c
607 3266 741 3335 crudele
764 3268 919 3354 scriptum
946 3263 1007 3334 sed
1028 3265 1159 3331 verum!

42 3361 197 3453 Philippus
214 3383 284 3455 rex,
301 3365 551 3435 hliusPriderici
565 3367 782 3454 imperatoris,
797 3370 917 3453 pacate
928 3380 1055 3431 summo
1072 3380 1160 3450 pon-

43 3461 117 3530 tiice
139 3471 171 3532 et
191 3465 345 3533 omnihus
368 3464 566 3533 adversariis
585 3467 672 3554 suis,
693 3463 871 3533 crudeliter
891 3460 1073 3548 aquodam
1096 3477 1159 3527 co-

43 3562 106 3629 mite
123 3563 162 3632 de
179 3563 361 3632 Witrishuc
377 3567 410 3632 in
429 3564 561 3632 civitate
583 3563 884 3650 Bavemhergensi,
903 3561 997 3628 tertia
1020 3558 1074 3626 die
1100 3559 1158 3626 in-

42 3662 193 3730 unctionis
227 3681 286 3732 sue
315 3659 396 3752 [mai
422 3660 486 3753 21]
516 3681 557 3731 ex
581 3665 749 3750 insperato
775 3668 941 3748 tamquam
972 3658 1157 3726 domestico

44 3773 111 3848 suo,
133 3761 307 3830 crudeliter
326 3759 503 3851 occiditur,
531 3763 639 3852 cupite
662 3767 847 3850 truncatur,
873 3760 1053 3847 episcopus
1077 3757 1157 3850 Spi-

43 3861 137 3926 rensis
160 3861 216 3947 qui
240 3877 312 3928 cum
337 3878 377 3928 eo
401 3866 470 3928 erat
493 3862 548 3928 vix
566 3860 645 3947 iuga
661 3860 815 3948 elabitur,
837 3863 869 3927 et
889 3875 1004 3926 omnes
1024 3857 1157 3944 regales

44 3960 152 4040 passim
167 3959 310 4048 dispersi
331 3961 385 4027 vix
404 3975 423 4028 a
444 3957 567 4045 gladiis
583 3959 848 4028 adversariorum
865 3957 1056 4045 eripiuntur,
1070 3957 1158 4024 mul·

45 4054 122 4140 tique
139 4063 202 4128 tam
221 4059 371 4147 episcopi
396 4077 493 4146 quam
521 4058 653 4127 nobiles
674 4057 716 4126 de
734 4065 798 4125 tam
815 4055 940 4126 crudeli
962 4073 1044 4124 neoe
1067 4055 1158 4123 inia-

45 4161 165 4224 namur.
190 4158 344 4226 Mortuus
367 4163 420 4225 est
437 4161 549 4226 autem
576 4175 692 4226 mense
715 4158 812 4247 iunii,
831 4158 895 4227 iam
911 4155 1076 4224 inchoatis
1095 4153 1158 4222 hal.

73 4264 98 4328 t)
115 4279 171 4320 curn
188 4264 414 4322 (lolorrieusibusi
