<?xml version="1.0" encoding="UTF-8"?>
<!DOCTYPE html PUBLIC "-//W3C//DTD XHTML 1.0 Transitional//EN"
    "http://www.w3.org/TR/xhtml1/DTD/xhtml1-transitional.dtd">
<html xmlns="http://www.w3.org/1999/xhtml" xml:lang="en" lang="en">
 <head>
  <title>
</title>
<meta http-equiv="Content-Type" content="text/html;charset=utf-8" />
  <meta name='ocr-system' content='tesseract 3.04.00' />
  <meta name='ocr-capabilities' content='ocr_page ocr_carea ocr_par ocr_line ocrx_word'/>
</head>
<body>
  <div class='ocr_page' id='page_1' title='image "./fontesrerumgerm00hubegoog_0256.png"; bbox 0 0 2884 4834; ppageno 0'>
   <div class='ocr_carea' id='block_1_1' title="bbox 405 219 1160 302">
    <p class='ocr_par' dir='ltr' id='par_1_1' title="bbox 405 219 1160 302">
     <span class='ocr_line' id='line_1_1' title="bbox 405 219 1160 302; baseline -0.008 0"><span class='ocrx_word' id='word_1_1' title='bbox 405 255 532 302; x_wconf 81' lang='lat' dir='ltr'>nannius</span> <span class='ocrx_word' id='word_1_2' title='bbox 552 253 791 302; x_wconf 82' lang='lat' dir='ltr'>wonunrrrusrs.</span> <span class='ocrx_word' id='word_1_3' title='bbox 886 219 895 234; x_wconf 78' lang='grc'><strong>’</strong></span> <span class='ocrx_word' id='word_1_4' title='bbox 1092 227 1160 296; x_wconf 86' lang='grc'>193</span> 
     </span>
    </p>
   </div>
   <div class='ocr_carea' id='block_1_2' title="bbox 25 382 1244 484">
    <p class='ocr_par' dir='ltr' id='par_1_2' title="bbox 25 382 1244 484">
     <span class='ocr_line' id='line_1_2' title="bbox 25 382 1244 484; baseline 0.006 -22"><span class='ocrx_word' id='word_1_5' title='bbox 25 393 154 463; x_wconf 92' lang='lat' dir='ltr'>nullum</span> <span class='ocrx_word' id='word_1_6' title='bbox 171 393 293 463; x_wconf 88' lang='lat' dir='ltr'>malum</span> <span class='ocrx_word' id='word_1_7' title='bbox 310 393 353 462; x_wconf 93' lang='lat' dir='ltr'>de</span> <span class='ocrx_word' id='word_1_8' title='bbox 370 394 446 482; x_wconf 93' lang='lat' dir='ltr'>ipso</span> <span class='ocrx_word' id='word_1_9' title='bbox 464 393 533 462; x_wconf 87' lang='lat' dir='ltr'>lieri</span> <span class='ocrx_word' id='word_1_10' title='bbox 550 392 813 484; x_wconf 88' lang='lat' dir='ltr'>presumebatur,</span> <span class='ocrx_word' id='word_1_11' title='bbox 831 392 920 482; x_wconf 89' lang='lat' dir='ltr'>apud</span> <span class='ocrx_word' id='word_1_12' title='bbox 938 382 1160 464; x_wconf 79' lang='lat' dir='ltr'>durenehein</span> <span class='ocrx_word' id='word_1_13' title='bbox 1179 415 1244 468; x_wconf 78' lang='lat' dir='ltr'>msa</span> 
     </span>
    </p>
   </div>
   <div class='ocr_carea' id='block_1_3' title="bbox 23 492 1257 4143">
    <p class='ocr_par' dir='ltr' id='par_1_3' title="bbox 23 492 1257 1768">
     <span class='ocr_line' id='line_1_3' title="bbox 25 492 1162 582; baseline 0.003 -22"><span class='ocrx_word' id='word_1_14' title='bbox 25 512 123 581; x_wconf 89' lang='lat' dir='ltr'>super</span> <span class='ocrx_word' id='word_1_15' title='bbox 142 492 296 562; x_wconf 83' lang='lat' dir='ltr'>Rhenum</span> <span class='ocrx_word' id='word_1_16' title='bbox 314 495 410 582; x_wconf 92' lang='lat' dir='ltr'>ipsos</span> <span class='ocrx_word' id='word_1_17' title='bbox 428 499 552 561; x_wconf 88' lang='lat' dir='ltr'>armata</span> <span class='ocrx_word' id='word_1_18' title='bbox 579 509 679 560; x_wconf 89' lang='lat' dir='ltr'>manu</span> <span class='ocrx_word' id='word_1_19' title='bbox 696 494 835 582; x_wconf 90' lang='lat' dir='ltr'>invasit,</span> <span class='ocrx_word' id='word_1_20' title='bbox 861 494 982 562; x_wconf 90' lang='lat' dir='ltr'>volens</span> <span class='ocrx_word' id='word_1_21' title='bbox 1010 493 1162 563; x_wconf 89' lang='lat' dir='ltr'>oooidere</span> 
     </span>
     <span class='ocr_line' id='line_1_4' title="bbox 23 586 1162 682; baseline 0.002 -22"><span class='ocrx_word' id='word_1_22' title='bbox 23 591 254 682; x_wconf 89' lang='lat' dir='ltr'>Edelwinum,</span> <span class='ocrx_word' id='word_1_23' title='bbox 290 586 511 680; x_wconf 82' lang='lat' dir='ltr'>qui1divinu</span> <span class='ocrx_word' id='word_1_24' title='bbox 541 593 752 680; x_wconf 80' lang='lat' dir='ltr'>protectione</span> <span class='ocrx_word' id='word_1_25' title='bbox 780 593 898 660; x_wconf 90' lang='lat' dir='ltr'>evasit.</span> <span class='ocrx_word' id='word_1_26' title='bbox 940 592 1162 662; x_wconf 85' lang='lat' dir='ltr'>Wernhorum</span> 
     </span>
     <span class='ocr_line' id='line_1_5' title="bbox 23 690 1163 778; baseline 0.003 -20"><span class='ocrx_word' id='word_1_27' title='bbox 23 709 96 759; x_wconf 87' lang='lat' dir='ltr'>rero</span> <span class='ocrx_word' id='word_1_28' title='bbox 115 691 240 760; x_wconf 90' lang='lat' dir='ltr'>Dirolli</span> <span class='ocrx_word' id='word_1_29' title='bbox 267 691 345 760; x_wconf 93' lang='lat' dir='ltr'>diris</span> <span class='ocrx_word' id='word_1_30' title='bbox 362 691 558 760; x_wconf 90' lang='lat' dir='ltr'>vulneribus</span> <span class='ocrx_word' id='word_1_31' title='bbox 585 690 742 759; x_wconf 89' lang='lat' dir='ltr'>allliotum</span> <span class='ocrx_word' id='word_1_32' title='bbox 771 692 868 778; x_wconf 80' lang='lat' dir='ltr'>quasi</span> <span class='ocrx_word' id='word_1_33' title='bbox 886 692 1081 760; x_wconf 90' lang='lat' dir='ltr'>semivivum</span> <span class='ocrx_word' id='word_1_34' title='bbox 1104 711 1163 761; x_wconf 85' lang='lat' dir='ltr'>se-</span> 
     </span>
     <span class='ocr_line' id='line_1_6' title="bbox 24 789 1163 879; baseline 0.001 -21"><span class='ocrx_word' id='word_1_35' title='bbox 24 809 90 858; x_wconf 92' lang='lat' dir='ltr'>oum</span> <span class='ocrx_word' id='word_1_36' title='bbox 117 791 289 859; x_wconf 89' lang='lat' dir='ltr'>Allzeiam</span> <span class='ocrx_word' id='word_1_37' title='bbox 318 790 463 859; x_wconf 86' lang='lat' dir='ltr'>deduxit.</span> <span class='ocrx_word' id='word_1_38' title='bbox 505 789 598 858; x_wconf 83' lang='lat' dir='ltr'><strong>Idem</strong></span> <span class='ocrx_word' id='word_1_39' title='bbox 623 807 705 858; x_wconf 92' lang='lat' dir='ltr'>vero</span> <span class='ocrx_word' id='word_1_40' title='bbox 732 789 936 858; x_wconf 91' lang='lat' dir='ltr'>Wernherus</span> <span class='ocrx_word' id='word_1_41' title='bbox 963 807 1046 858; x_wconf 93' lang='lat' dir='ltr'>suus</span> <span class='ocrx_word' id='word_1_42' title='bbox 1070 792 1163 879; x_wconf 93' lang='lat' dir='ltr'>prius</span> 
     </span>
     <span class='ocr_line' id='line_1_7' title="bbox 25 889 1163 978; baseline 0.002 -21"><span class='ocrx_word' id='word_1_43' title='bbox 25 896 86 958; x_wconf 86' lang='lat' dir='ltr'>erat</span> <span class='ocrx_word' id='word_1_44' title='bbox 113 889 291 958; x_wconf 82' lang='lat' dir='ltr'>familiaris</span> <span class='ocrx_word' id='word_1_45' title='bbox 318 896 352 958; x_wconf 91' lang='lat' dir='ltr'>et</span> <span class='ocrx_word' id='word_1_46' title='bbox 375 889 636 978; x_wconf 80' lang='lat' dir='ltr'>specialissimus</span> <span class='ocrx_word' id='word_1_47' title='bbox 663 889 808 978; x_wconf 89' lang='lat' dir='ltr'>amious,</span> <span class='ocrx_word' id='word_1_48' title='bbox 840 889 964 956; x_wconf 88' lang='lat' dir='ltr'>nullum</span> <span class='ocrx_word' id='word_1_49' title='bbox 982 890 1103 958; x_wconf 92' lang='lat' dir='ltr'>malum</span> <span class='ocrx_word' id='word_1_50' title='bbox 1120 889 1163 959; x_wconf 91' lang='lat' dir='ltr'>de</span> 
     </span>
     <span class='ocr_line' id='line_1_8' title="bbox 24 987 1163 1058; baseline 0.001 -2"><span class='ocrx_word' id='word_1_51' title='bbox 24 990 74 1058; x_wconf 94' lang='lat' dir='ltr'>illo</span> <span class='ocrx_word' id='word_1_52' title='bbox 92 988 288 1057; x_wconf 91' lang='lat' dir='ltr'>conlidens.</span> <span class='ocrx_word' id='word_1_53' title='bbox 315 989 488 1058; x_wconf 88' lang='lat' dir='ltr'>Vulnerati</span> <span class='ocrx_word' id='word_1_54' title='bbox 514 994 592 1056; x_wconf 87' lang='lat' dir='ltr'>sunt</span> <span class='ocrx_word' id='word_1_55' title='bbox 616 989 713 1055; x_wconf 88' lang='lat' dir='ltr'>eliam</span> <span class='ocrx_word' id='word_1_56' title='bbox 736 987 859 1056; x_wconf 81' lang='lat' dir='ltr'>ibidem</span> <span class='ocrx_word' id='word_1_57' title='bbox 883 1006 902 1055; x_wconf 87' lang='lat' dir='ltr'>a</span> <span class='ocrx_word' id='word_1_58' title='bbox 923 987 1012 1056; x_wconf 90' lang='lat' dir='ltr'>dioto</span> <span class='ocrx_word' id='word_1_59' title='bbox 1030 987 1163 1058; x_wconf 89' lang='lat' dir='ltr'>Jaoobo</span> 
     </span>
     <span class='ocr_line' id='line_1_9' title="bbox 26 1085 1162 1177; baseline 0.001 -22"><span class='ocrx_word' id='word_1_60' title='bbox 26 1095 53 1155; x_wconf 88' lang='lat' dir='ltr'>et</span> <span class='ocrx_word' id='word_1_61' title='bbox 69 1089 146 1156; x_wconf 91' lang='lat' dir='ltr'>suis</span> <span class='ocrx_word' id='word_1_62' title='bbox 167 1089 389 1177; x_wconf 93' lang='lat' dir='ltr'>eomplioibus</span> <span class='ocrx_word' id='word_1_63' title='bbox 407 1092 476 1155; x_wconf 88' lang='lat' dir='ltr'>tres</span> <span class='ocrx_word' id='word_1_64' title='bbox 494 1086 536 1155; x_wconf 94' lang='lat' dir='ltr'>de</span> <span class='ocrx_word' id='word_1_65' title='bbox 555 1087 696 1175; x_wconf 80' lang='lat' dir='ltr'>oivibuS,</span> <span class='ocrx_word' id='word_1_66' title='bbox 714 1086 871 1155; x_wconf 86' lang='lat' dir='ltr'>videlieet</span> <span class='ocrx_word' id='word_1_67' title='bbox 887 1085 1055 1154; x_wconf 86' lang='lat' dir='ltr'>Hartlibus</span> <span class='ocrx_word' id='word_1_68' title='bbox 1070 1088 1162 1156; x_wconf 84' lang='lat' dir='ltr'>lilius</span> 
     </span>
     <span class='ocr_line' id='line_1_10' title="bbox 27 1184 1257 1278; baseline 0 -24"><span class='ocrx_word' id='word_1_69' title='bbox 27 1187 177 1278; x_wconf 84' lang='lat' dir='ltr'>Gerlaei,</span> <span class='ocrx_word' id='word_1_70' title='bbox 207 1187 402 1255; x_wconf 89' lang='lat' dir='ltr'>Edelwinus</span> <span class='ocrx_word' id='word_1_71' title='bbox 421 1186 508 1254; x_wconf 88' lang='lat' dir='ltr'>filius</span> <span class='ocrx_word' id='word_1_72' title='bbox 527 1187 652 1255; x_wconf 90' lang='lat' dir='ltr'>sororis</span> <span class='ocrx_word' id='word_1_73' title='bbox 669 1184 834 1253; x_wconf 89' lang='lat' dir='ltr'>Edelwini</span> <span class='ocrx_word' id='word_1_74' title='bbox 858 1187 1097 1276; x_wconf 79' lang='lat' dir='ltr'>prenominati,</span> <span class='ocrx_word' id='word_1_75' title='bbox 1130 1193 1164 1254; x_wconf 91' lang='lat' dir='ltr'>et</span> <span class='ocrx_word' id='word_1_76' title='bbox 1249 1215 1257 1226; x_wconf 90' lang='lat'><em>·</em></span> 
     </span>
     <span class='ocr_line' id='line_1_11' title="bbox 26 1283 1164 1376; baseline -0.001 -23"><span class='ocrx_word' id='word_1_77' title='bbox 26 1285 158 1372; x_wconf 81' lang='lat' dir='ltr'>puidam</span> <span class='ocrx_word' id='word_1_78' title='bbox 177 1291 294 1376; x_wconf 89' lang='lat' dir='ltr'>nauta,</span> <span class='ocrx_word' id='word_1_79' title='bbox 312 1288 369 1373; x_wconf 87' lang='lat' dir='ltr'>qui</span> <span class='ocrx_word' id='word_1_80' title='bbox 387 1303 503 1354; x_wconf 88' lang='lat' dir='ltr'>omnes</span> <span class='ocrx_word' id='word_1_81' title='bbox 523 1303 561 1354; x_wconf 93' lang='lat' dir='ltr'>se</span> <span class='ocrx_word' id='word_1_82' title='bbox 580 1285 716 1352; x_wconf 88' lang='lat' dir='ltr'>viriliter</span> <span class='ocrx_word' id='word_1_83' title='bbox 733 1283 962 1352; x_wconf 84' lang='lat' dir='ltr'>delendemnt.</span> <span class='ocrx_word' id='word_1_84' title='bbox 981 1283 1066 1354; x_wconf 81' lang='lat' dir='ltr'>Aeta</span> <span class='ocrx_word' id='word_1_85' title='bbox 1085 1291 1164 1353; x_wconf 90' lang='lat' dir='ltr'>sunt</span> 
     </span>
     <span class='ocr_line' id='line_1_12' title="bbox 24 1383 1163 1475; baseline 0 -23"><span class='ocrx_word' id='word_1_86' title='bbox 24 1385 81 1453; x_wconf 92' lang='lat' dir='ltr'>beo</span> <span class='ocrx_word' id='word_1_87' title='bbox 105 1403 203 1452; x_wconf 91' lang='lat' dir='ltr'>anno</span> <span class='ocrx_word' id='word_1_88' title='bbox 230 1384 354 1454; x_wconf 93' lang='lat' dir='ltr'>domini</span> <span class='ocrx_word' id='word_1_89' title='bbox 370 1385 545 1475; x_wconf 88' lang='lat' dir='ltr'>m.oo.l.vii,</span> <span class='ocrx_word' id='word_1_90' title='bbox 571 1383 624 1452; x_wconf 90' lang='lat' dir='ltr'>die</span> <span class='ocrx_word' id='word_1_91' title='bbox 650 1383 780 1452; x_wconf 88' lang='lat' dir='ltr'>subbati</span> <span class='ocrx_word' id='word_1_92' title='bbox 797 1385 855 1452; x_wconf 92' lang='lat' dir='ltr'>viii</span> <span class='ocrx_word' id='word_1_93' title='bbox 881 1383 945 1452; x_wconf 89' lang='lat' dir='ltr'>kal.</span> <span class='ocrx_word' id='word_1_94' title='bbox 965 1385 1163 1472; x_wconf 73' lang='lat' dir='ltr'>septembris</span> 
     </span>
     <span class='ocr_line' id='line_1_13' title="bbox 28 1480 1164 1575; baseline 0.002 -25"><span class='ocrx_word' id='word_1_95' title='bbox 28 1481 119 1573; x_wconf 83' lang='lat' dir='ltr'>[aug.</span> <span class='ocrx_word' id='word_1_96' title='bbox 140 1480 212 1575; x_wconf 84' lang='lat'>25]</span> <span class='ocrx_word' id='word_1_97' title='bbox 240 1501 281 1552; x_wconf 92' lang='lat' dir='ltr'>eo</span> <span class='ocrx_word' id='word_1_98' title='bbox 305 1489 452 1572; x_wconf 92' lang='lat' dir='ltr'>tempore</span> <span class='ocrx_word' id='word_1_99' title='bbox 480 1482 615 1570; x_wconf 79' lang='lat' dir='ltr'>quarmo</span> <span class='ocrx_word' id='word_1_100' title='bbox 640 1481 794 1551; x_wconf 92' lang='lat' dir='ltr'>dominus</span> <span class='ocrx_word' id='word_1_101' title='bbox 817 1481 1018 1574; x_wconf 90' lang='lat' dir='ltr'>Riobardus,</span> <span class='ocrx_word' id='word_1_102' title='bbox 1044 1485 1100 1572; x_wconf 85' lang='lat' dir='ltr'>qui</span> <span class='ocrx_word' id='word_1_103' title='bbox 1126 1501 1164 1552; x_wconf 92' lang='lat' dir='ltr'>se</span> 
     </span>
     <span class='ocr_line' id='line_1_14' title="bbox 25 1580 1165 1674; baseline 0 -24"><span class='ocrx_word' id='word_1_104' title='bbox 25 1601 79 1670; x_wconf 89' lang='lat' dir='ltr'>pro</span> <span class='ocrx_word' id='word_1_105' title='bbox 97 1600 185 1669; x_wconf 86' lang='lat' dir='ltr'>rege</span> <span class='ocrx_word' id='word_1_106' title='bbox 206 1583 356 1674; x_wconf 87' lang='lat' dir='ltr'>gerebat,</span> <span class='ocrx_word' id='word_1_107' title='bbox 373 1587 585 1670; x_wconf 89' lang='lat' dir='ltr'>proeesserat</span> <span class='ocrx_word' id='word_1_108' title='bbox 602 1581 644 1650; x_wconf 89' lang='lat' dir='ltr'>de</span> <span class='ocrx_word' id='word_1_109' title='bbox 662 1580 1026 1674; x_wconf 88' lang='lat' dir='ltr'>obsidioneBopardie,</span> <span class='ocrx_word' id='word_1_110' title='bbox 1044 1583 1165 1652; x_wconf 90' lang='lat' dir='ltr'>volens</span> 
     </span>
     <span class='ocr_line' id='line_1_15' title="bbox 26 1682 384 1768; baseline 0 -20"><span class='ocrx_word' id='word_1_111' title='bbox 26 1682 238 1768; x_wconf 83' lang='lat' dir='ltr'>lloguntiam</span> <span class='ocrx_word' id='word_1_112' title='bbox 254 1683 384 1750; x_wconf 87' lang='lat' dir='ltr'>intrare.</span> 
     </span>
    </p>

    <p class='ocr_par' dir='ltr' id='par_1_4' title="bbox 26 1779 1249 3847">
     <span class='ocr_line' id='line_1_16' title="bbox 97 1779 1164 1870; baseline 0.002 -22"><span class='ocrx_word' id='word_1_113' title='bbox 97 1780 221 1848; x_wconf 85' lang='lat' dir='ltr'>Statim</span> <span class='ocrx_word' id='word_1_114' title='bbox 242 1785 321 1868; x_wconf 91' lang='lat' dir='ltr'>post</span> <span class='ocrx_word' id='word_1_115' title='bbox 334 1798 463 1870; x_wconf 92' lang='lat' dir='ltr'>pauoos</span> <span class='ocrx_word' id='word_1_116' title='bbox 479 1779 552 1848; x_wconf 92' lang='lat' dir='ltr'>dies</span> <span class='ocrx_word' id='word_1_117' title='bbox 571 1782 731 1850; x_wconf 90' lang='lat' dir='ltr'>remissus</span> <span class='ocrx_word' id='word_1_118' title='bbox 751 1787 804 1851; x_wconf 92' lang='lat' dir='ltr'>est</span> <span class='ocrx_word' id='word_1_119' title='bbox 819 1781 1026 1851; x_wconf 87' lang='lat' dir='ltr'>Wernberus</span> <span class='ocrx_word' id='word_1_120' title='bbox 1049 1781 1164 1850; x_wconf 85' lang='lat' dir='ltr'>Dirollr</span> 
     </span>
     <span class='ocr_line' id='line_1_17' title="bbox 27 1879 1164 1969; baseline 0.003 -25"><span class='ocrx_word' id='word_1_121' title='bbox 27 1881 193 1969; x_wconf 80' lang='lat' dir='ltr'>eaptivuS,</span> <span class='ocrx_word' id='word_1_122' title='bbox 212 1885 248 1948; x_wconf 93' lang='lat' dir='ltr'>et</span> <span class='ocrx_word' id='word_1_123' title='bbox 262 1879 355 1948; x_wconf 88' lang='lat' dir='ltr'>duxit</span> <span class='ocrx_word' id='word_1_124' title='bbox 370 1898 444 1948; x_wconf 92' lang='lat' dir='ltr'>eum</span> <span class='ocrx_word' id='word_1_125' title='bbox 455 1879 583 1968; x_wconf 81' lang='lat' dir='ltr'>dapifer</span> <span class='ocrx_word' id='word_1_126' title='bbox 599 1879 778 1949; x_wconf 87' lang='lat' dir='ltr'>deAltzoia</span> <span class='ocrx_word' id='word_1_127' title='bbox 791 1882 825 1948; x_wconf 95' lang='lat' dir='ltr'>in</span> <span class='ocrx_word' id='word_1_128' title='bbox 835 1881 1051 1950; x_wconf 87' lang='lat' dir='ltr'>Wormatiam</span> <span class='ocrx_word' id='word_1_129' title='bbox 1064 1880 1164 1948; x_wconf 88' lang='lat' dir='ltr'>valde</span> 
     </span>
     <span class='ocr_line' id='line_1_18' title="bbox 27 1977 1164 2068; baseline 0.001 -24"><span class='ocrx_word' id='word_1_130' title='bbox 27 1977 188 2068; x_wconf 87' lang='lat' dir='ltr'>debilem,</span> <span class='ocrx_word' id='word_1_131' title='bbox 214 1980 261 2046; x_wconf 87' lang='lat' dir='ltr'>ita</span> <span class='ocrx_word' id='word_1_132' title='bbox 288 1978 379 2066; x_wconf 88' lang='lat' dir='ltr'>quod</span> <span class='ocrx_word' id='word_1_133' title='bbox 407 1981 538 2064; x_wconf 82' lang='lat' dir='ltr'>magnis</span> <span class='ocrx_word' id='word_1_134' title='bbox 562 1979 732 2048; x_wconf 82' lang='lat' dir='ltr'>laboribus</span> <span class='ocrx_word' id='word_1_135' title='bbox 759 1981 867 2048; x_wconf 87' lang='lat' dir='ltr'>evasit</span> <span class='ocrx_word' id='word_1_136' title='bbox 891 1979 933 2048; x_wconf 91' lang='lat' dir='ltr'>de</span> <span class='ocrx_word' id='word_1_137' title='bbox 959 1979 1164 2048; x_wconf 88' lang='lat' dir='ltr'>vulneribus.</span> 
     </span>
     <span class='ocr_line' id='line_1_19' title="bbox 26 2077 1164 2147; baseline 0.003 -5"><span class='ocrx_word' id='word_1_138' title='bbox 26 2077 147 2146; x_wconf 79' lang='lat' dir='ltr'>Postea</span> <span class='ocrx_word' id='word_1_139' title='bbox 162 2079 366 2146; x_wconf 88' lang='lat' dir='ltr'>convooavit</span> <span class='ocrx_word' id='word_1_140' title='bbox 379 2077 467 2145; x_wconf 89' lang='lat' dir='ltr'>idem</span> <span class='ocrx_word' id='word_1_141' title='bbox 477 2077 626 2146; x_wconf 88' lang='lat' dir='ltr'>Jaeobus</span> <span class='ocrx_word' id='word_1_142' title='bbox 640 2080 766 2146; x_wconf 86' lang='lat' dir='ltr'>amieos</span> <span class='ocrx_word' id='word_1_143' title='bbox 777 2096 859 2147; x_wconf 94' lang='lat' dir='ltr'>suos</span> <span class='ocrx_word' id='word_1_144' title='bbox 873 2079 908 2147; x_wconf 90' lang='lat' dir='ltr'>in</span> <span class='ocrx_word' id='word_1_145' title='bbox 921 2079 1032 2146; x_wconf 91' lang='lat' dir='ltr'>villam</span> <span class='ocrx_word' id='word_1_146' title='bbox 1045 2077 1164 2145; x_wconf 89' lang='lat' dir='ltr'>West-</span> 
     </span>
     <span class='ocr_line' id='line_1_20' title="bbox 27 2175 1165 2265; baseline 0.001 -22"><span class='ocrx_word' id='word_1_147' title='bbox 27 2175 157 2265; x_wconf 87' lang='lat' dir='ltr'>boren,</span> <span class='ocrx_word' id='word_1_148' title='bbox 184 2181 218 2243; x_wconf 94' lang='lat' dir='ltr'>et</span> <span class='ocrx_word' id='word_1_149' title='bbox 242 2175 431 2264; x_wconf 78' lang='lat' dir='ltr'>procedens</span> <span class='ocrx_word' id='word_1_150' title='bbox 455 2193 529 2244; x_wconf 91' lang='lat' dir='ltr'>oum</span> <span class='ocrx_word' id='word_1_151' title='bbox 554 2179 686 2245; x_wconf 90' lang='lat' dir='ltr'>armatis</span> <span class='ocrx_word' id='word_1_152' title='bbox 703 2177 857 2246; x_wconf 90' lang='lat' dir='ltr'>dueentis</span> <span class='ocrx_word' id='word_1_153' title='bbox 879 2179 913 2245; x_wconf 93' lang='lat' dir='ltr'>in</span> <span class='ocrx_word' id='word_1_154' title='bbox 931 2177 1165 2246; x_wconf 82' lang='lat' dir='ltr'>contumeliam</span> 
     </span>
     <span class='ocr_line' id='line_1_21' title="bbox 28 2275 1164 2366; baseline 0.003 -25"><span class='ocrx_word' id='word_1_155' title='bbox 28 2276 149 2342; x_wconf 86' lang='lat' dir='ltr'>uirium</span> <span class='ocrx_word' id='word_1_156' title='bbox 167 2275 464 2344; x_wconf 90' lang='lat' dir='ltr'>Wormatiensinm</span> <span class='ocrx_word' id='word_1_157' title='bbox 487 2277 648 2364; x_wconf 85' lang='lat' dir='ltr'>equitavit</span> <span class='ocrx_word' id='word_1_158' title='bbox 665 2294 770 2364; x_wconf 94' lang='lat' dir='ltr'>prope</span> <span class='ocrx_word' id='word_1_159' title='bbox 789 2275 1034 2366; x_wconf 81' lang='lat' dir='ltr'>Plellelnlieim,</span> <span class='ocrx_word' id='word_1_160' title='bbox 1052 2275 1164 2344; x_wconf 89' lang='lat' dir='ltr'>verbis</span> 
     </span>
     <span class='ocr_line' id='line_1_22' title="bbox 28 2373 1166 2463; baseline 0.003 -24"><span class='ocrx_word' id='word_1_161' title='bbox 28 2379 58 2440; x_wconf 88' lang='lat' dir='ltr'>et</span> <span class='ocrx_word' id='word_1_162' title='bbox 73 2373 177 2442; x_wconf 90' lang='lat' dir='ltr'>laetis</span> <span class='ocrx_word' id='word_1_163' title='bbox 199 2375 319 2461; x_wconf 82' lang='lat' dir='ltr'>quibus</span> <span class='ocrx_word' id='word_1_164' title='bbox 336 2379 467 2462; x_wconf 89' lang='lat' dir='ltr'>poterat</span> <span class='ocrx_word' id='word_1_165' title='bbox 483 2375 577 2463; x_wconf 92' lang='lat' dir='ltr'>ipsos</span> <span class='ocrx_word' id='word_1_166' title='bbox 597 2375 822 2443; x_wconf 90' lang='lat' dir='ltr'>subsannavit.</span> <span class='ocrx_word' id='word_1_167' title='bbox 849 2374 948 2444; x_wconf 82' lang='lat' dir='ltr'>Cives</span> <span class='ocrx_word' id='word_1_168' title='bbox 964 2393 1045 2443; x_wconf 89' lang='lat' dir='ltr'>vero</span> <span class='ocrx_word' id='word_1_169' title='bbox 1064 2393 1166 2462; x_wconf 89' lang='lat' dir='ltr'>super</span> 
     </span>
     <span class='ocr_line' id='line_1_23' title="bbox 29 2472 1165 2562; baseline 0.002 -24"><span class='ocrx_word' id='word_1_170' title='bbox 29 2472 161 2542; x_wconf 94' lang='lat' dir='ltr'>modum</span> <span class='ocrx_word' id='word_1_171' title='bbox 183 2473 369 2542; x_wconf 76' lang='lat' dir='ltr'>conturbati</span> <span class='ocrx_word' id='word_1_172' title='bbox 386 2474 524 2541; x_wconf 89' lang='lat' dir='ltr'>iniurias</span> <span class='ocrx_word' id='word_1_173' title='bbox 547 2478 581 2540; x_wconf 88' lang='lat' dir='ltr'>et</span> <span class='ocrx_word' id='word_1_174' title='bbox 603 2473 782 2562; x_wconf 91' lang='lat' dir='ltr'>opprobria</span> <span class='ocrx_word' id='word_1_175' title='bbox 805 2473 869 2542; x_wconf 92' lang='lat' dir='ltr'>sibi</span> <span class='ocrx_word' id='word_1_176' title='bbox 894 2474 1030 2562; x_wconf 88' lang='lat' dir='ltr'>abipso</span> <span class='ocrx_word' id='word_1_177' title='bbox 1055 2474 1165 2540; x_wconf 92' lang='lat' dir='ltr'>illatas</span> 
     </span>
     <span class='ocr_line' id='line_1_24' title="bbox 26 2571 1165 2662; baseline 0.003 -25"><span class='ocrx_word' id='word_1_178' title='bbox 26 2571 199 2640; x_wconf 88' lang='lat' dir='ltr'>rindioare</span> <span class='ocrx_word' id='word_1_179' title='bbox 216 2572 441 2662; x_wconf 79' lang='lat' dir='ltr'>conabantur,</span> <span class='ocrx_word' id='word_1_180' title='bbox 469 2577 616 2640; x_wconf 89' lang='lat' dir='ltr'>attamen</span> <span class='ocrx_word' id='word_1_181' title='bbox 634 2572 858 2641; x_wconf 92' lang='lat' dir='ltr'>mediantibus</span> <span class='ocrx_word' id='word_1_182' title='bbox 876 2573 1028 2640; x_wconf 90' lang='lat' dir='ltr'>honestis</span> <span class='ocrx_word' id='word_1_183' title='bbox 1049 2577 1083 2639; x_wconf 90' lang='lat' dir='ltr'>ol</span> <span class='ocrx_word' id='word_1_184' title='bbox 1096 2589 1165 2640; x_wconf 92' lang='lat' dir='ltr'>no-</span> 
     </span>
     <span class='ocr_line' id='line_1_25' title="bbox 27 2670 1164 2760; baseline 0 -24"><span class='ocrx_word' id='word_1_185' title='bbox 27 2670 149 2740; x_wconf 91' lang='lat' dir='ltr'>bilibus</span> <span class='ocrx_word' id='word_1_186' title='bbox 176 2672 333 2758; x_wconf 91' lang='lat' dir='ltr'>personis</span> <span class='ocrx_word' id='word_1_187' title='bbox 362 2670 405 2738; x_wconf 89' lang='lat' dir='ltr'>ad</span> <span class='ocrx_word' id='word_1_188' title='bbox 427 2677 557 2760; x_wconf 86' lang='lat' dir='ltr'>tempus</span> <span class='ocrx_word' id='word_1_189' title='bbox 579 2671 794 2760; x_wconf 68' lang='lat' dir='ltr'>aliquodaluit</span> <span class='ocrx_word' id='word_1_190' title='bbox 811 2672 927 2758; x_wconf 92' lang='lat' dir='ltr'>sepius</span> <span class='ocrx_word' id='word_1_191' title='bbox 945 2671 1164 2760; x_wconf 90' lang='lat' dir='ltr'>paoilioatum.</span> 
     </span>
     <span class='ocr_line' id='line_1_26' title="bbox 28 2766 1164 2860; baseline 0 -26"><span class='ocrx_word' id='word_1_192' title='bbox 28 2769 198 2839; x_wconf 86' lang='lat' dir='ltr'>Preteritis</span> <span class='ocrx_word' id='word_1_193' title='bbox 233 2787 315 2838; x_wconf 89' lang='lat' dir='ltr'>vero</span> <span class='ocrx_word' id='word_1_194' title='bbox 346 2769 513 2857; x_wconf 86' lang='lat' dir='ltr'>aliquibus</span> <span class='ocrx_word' id='word_1_195' title='bbox 542 2767 661 2838; x_wconf 89' lang='lat' dir='ltr'>diebus</span> <span class='ocrx_word' id='word_1_196' title='bbox 684 2776 813 2838; x_wconf 88' lang='lat' dir='ltr'>mortuo</span> <span class='ocrx_word' id='word_1_197' title='bbox 841 2766 935 2859; x_wconf 88' lang='lat' dir='ltr'>[nov.</span> <span class='ocrx_word' id='word_1_198' title='bbox 961 2767 1001 2860; x_wconf 90' lang='lat'>8]</span> <span class='ocrx_word' id='word_1_199' title='bbox 1029 2768 1164 2836; x_wconf 95' lang='lat' dir='ltr'>domino</span> 
     </span>
     <span class='ocr_line' id='line_1_27' title="bbox 29 2866 1165 2959; baseline -0.001 -25"><span class='ocrx_word' id='word_1_200' title='bbox 29 2866 196 2936; x_wconf 87' lang='lat' dir='ltr'>lliohardo</span> <span class='ocrx_word' id='word_1_201' title='bbox 220 2868 461 2936; x_wconf 88' lang='lat' dir='ltr'>Wormatiensi</span> <span class='ocrx_word' id='word_1_202' title='bbox 485 2871 648 2959; x_wconf 89' lang='lat' dir='ltr'>episeopo</span> <span class='ocrx_word' id='word_1_203' title='bbox 675 2869 845 2938; x_wconf 81' lang='lat' dir='ltr'>suecessit</span> <span class='ocrx_word' id='word_1_204' title='bbox 872 2867 934 2936; x_wconf 92' lang='lat' dir='ltr'>sibi</span> <span class='ocrx_word' id='word_1_205' title='bbox 961 2867 1165 2936; x_wconf 90' lang='lat' dir='ltr'>venerabilis</span> 
     </span>
     <span class='ocr_line' id='line_1_28' title="bbox 31 2965 1165 3057; baseline 0.001 -24"><span class='ocrx_word' id='word_1_206' title='bbox 31 2965 187 3036; x_wconf 91' lang='lat' dir='ltr'>dominus</span> <span class='ocrx_word' id='word_1_207' title='bbox 213 2966 445 3057; x_wconf 89' lang='lat' dir='ltr'>Eberhardus,</span> <span class='ocrx_word' id='word_1_208' title='bbox 472 2969 528 3055; x_wconf 90' lang='lat' dir='ltr'>qui</span> <span class='ocrx_word' id='word_1_209' title='bbox 563 2967 690 3036; x_wconf 92' lang='lat' dir='ltr'>eleotus</span> <span class='ocrx_word' id='word_1_210' title='bbox 716 2967 837 3035; x_wconf 89' lang='lat' dir='ltr'>luitin</span> <span class='ocrx_word' id='word_1_211' title='bbox 871 2967 924 3035; x_wconf 93' lang='lat' dir='ltr'>die</span> <span class='ocrx_word' id='word_1_212' title='bbox 953 2969 1165 3035; x_wconf 88' lang='lat' dir='ltr'>innoeentum</span> 
     </span>
     <span class='ocr_line' id='line_1_29' title="bbox 33 3062 1165 3155; baseline 0 -22"><span class='ocrx_word' id='word_1_213' title='bbox 33 3062 121 3155; x_wconf 87' lang='lat' dir='ltr'>[dee.</span> <span class='ocrx_word' id='word_1_214' title='bbox 141 3062 209 3155; x_wconf 84' lang='lat'>28]</span> <span class='ocrx_word' id='word_1_215' title='bbox 228 3073 261 3133; x_wconf 90' lang='lat' dir='ltr'>et</span> <span class='ocrx_word' id='word_1_216' title='bbox 278 3067 491 3135; x_wconf 89' lang='lat' dir='ltr'>oonlirmatus</span> <span class='ocrx_word' id='word_1_217' title='bbox 508 3085 528 3135; x_wconf 90' lang='lat' dir='ltr'>a</span> <span class='ocrx_word' id='word_1_218' title='bbox 543 3066 678 3136; x_wconf 92' lang='lat' dir='ltr'>domino</span> <span class='ocrx_word' id='word_1_219' title='bbox 696 3067 896 3153; x_wconf 82' lang='lat' dir='ltr'>Magantino</span> <span class='ocrx_word' id='word_1_220' title='bbox 911 3067 1165 3155; x_wconf 79' lang='lat' dir='ltr'>arehiepiscopo</span> 
     </span>
     <span class='ocr_line' id='line_1_30' title="bbox 32 3162 1165 3256; baseline 0.001 -27"><span class='ocrx_word' id='word_1_221' title='bbox 32 3166 61 3231; x_wconf 92' lang='lat' dir='ltr'>iu</span> <span class='ocrx_word' id='word_1_222' title='bbox 84 3165 206 3252; x_wconf 87' lang='lat' dir='ltr'>vigilia</span> <span class='ocrx_word' id='word_1_223' title='bbox 228 3162 324 3233; x_wconf 88' lang='lat' dir='ltr'>Oouli</span> <span class='ocrx_word' id='word_1_224' title='bbox 352 3183 441 3234; x_wconf 92' lang='lat' dir='ltr'>anno</span> <span class='ocrx_word' id='word_1_225' title='bbox 465 3166 647 3234; x_wconf 83' lang='lat' dir='ltr'>m.oo.l.riii.</span> <span class='ocrx_word' id='word_1_226' title='bbox 672 3163 755 3256; x_wconf 88' lang='lat' dir='ltr'>[leb.</span> <span class='ocrx_word' id='word_1_227' title='bbox 781 3162 858 3256; x_wconf 89' lang='grc'>23].</span> <span class='ocrx_word' id='word_1_228' title='bbox 885 3163 948 3246; x_wconf 87' lang='lat' dir='ltr'>Qui</span> <span class='ocrx_word' id='word_1_229' title='bbox 971 3167 1079 3233; x_wconf 87' lang='lat' dir='ltr'>statim</span> <span class='ocrx_word' id='word_1_230' title='bbox 1102 3165 1165 3233; x_wconf 91' lang='lat' dir='ltr'>sibi</span> 
     </span>
     <span class='ocr_line' id='line_1_31' title="bbox 33 3262 1165 3353; baseline 0 -23"><span class='ocrx_word' id='word_1_231' title='bbox 33 3263 215 3352; x_wconf 89' lang='lat' dir='ltr'>assumpsit</span> <span class='ocrx_word' id='word_1_232' title='bbox 235 3262 279 3331; x_wconf 92' lang='lat' dir='ltr'>ad</span> <span class='ocrx_word' id='word_1_233' title='bbox 294 3263 483 3333; x_wconf 74' lang='lat' dir='ltr'>laciendum</span> <span class='ocrx_word' id='word_1_234' title='bbox 506 3265 720 3334; x_wconf 89' lang='lat' dir='ltr'>ooneordiam</span> <span class='ocrx_word' id='word_1_235' title='bbox 736 3265 821 3331; x_wconf 91' lang='lat' dir='ltr'>inter</span> <span class='ocrx_word' id='word_1_236' title='bbox 838 3266 929 3332; x_wconf 88' lang='lat' dir='ltr'>eives</span> <span class='ocrx_word' id='word_1_237' title='bbox 950 3270 983 3332; x_wconf 91' lang='lat' dir='ltr'>et</span> <span class='ocrx_word' id='word_1_238' title='bbox 1003 3263 1165 3353; x_wconf 89' lang='lat' dir='ltr'>prelatum</span> 
     </span>
     <span class='ocr_line' id='line_1_32' title="bbox 34 3359 1165 3443; baseline 0 -16"><span class='ocrx_word' id='word_1_239' title='bbox 34 3361 205 3431; x_wconf 88' lang='lat' dir='ltr'>Jaoobum.</span> <span class='ocrx_word' id='word_1_240' title='bbox 224 3359 323 3443; x_wconf 86' lang='lat' dir='ltr'>Quod</span> <span class='ocrx_word' id='word_1_241' title='bbox 342 3362 476 3432; x_wconf 89' lang='lat' dir='ltr'>tandem</span> <span class='ocrx_word' id='word_1_242' title='bbox 501 3361 669 3432; x_wconf 89' lang='lat' dir='ltr'>mediante</span> <span class='ocrx_word' id='word_1_243' title='bbox 688 3362 823 3432; x_wconf 91' lang='lat' dir='ltr'>domino</span> <span class='ocrx_word' id='word_1_244' title='bbox 843 3363 1024 3431; x_wconf 84' lang='lat' dir='ltr'>llmiobone</span> <span class='ocrx_word' id='word_1_245' title='bbox 1045 3364 1165 3430; x_wconf 89' lang='lat' dir='ltr'>eomite</span> 
     </span>
     <span class='ocr_line' id='line_1_33' title="bbox 35 3459 1165 3550; baseline -0.002 -23"><span class='ocrx_word' id='word_1_246' title='bbox 35 3459 73 3528; x_wconf 89' lang='lat' dir='ltr'>de</span> <span class='ocrx_word' id='word_1_247' title='bbox 89 3461 261 3546; x_wconf 85' lang='lat' dir='ltr'>Liningen</span> <span class='ocrx_word' id='word_1_248' title='bbox 286 3479 368 3550; x_wconf 89' lang='lat' dir='ltr'>pure</span> <span class='ocrx_word' id='word_1_249' title='bbox 390 3467 424 3531; x_wconf 90' lang='lat' dir='ltr'>et</span> <span class='ocrx_word' id='word_1_250' title='bbox 448 3461 548 3550; x_wconf 89' lang='lat' dir='ltr'>plane</span> <span class='ocrx_word' id='word_1_251' title='bbox 577 3461 665 3531; x_wconf 88' lang='lat' dir='ltr'>dioto</span> <span class='ocrx_word' id='word_1_252' title='bbox 690 3461 825 3530; x_wconf 92' lang='lat' dir='ltr'>domino</span> <span class='ocrx_word' id='word_1_253' title='bbox 847 3459 1039 3530; x_wconf 84' lang='lat' dir='ltr'>Eberhardo</span> <span class='ocrx_word' id='word_1_254' title='bbox 1062 3459 1165 3528; x_wconf 88' lang='lat' dir='ltr'>Wor-</span> 
     </span>
     <span class='ocr_line' id='line_1_34' title="bbox 34 3559 1166 3650; baseline -0.003 -24"><span class='ocrx_word' id='word_1_255' title='bbox 34 3561 185 3628; x_wconf 90' lang='lat' dir='ltr'>matiensi</span> <span class='ocrx_word' id='word_1_256' title='bbox 209 3561 317 3629; x_wconf 88' lang='lat' dir='ltr'>eleeto</span> <span class='ocrx_word' id='word_1_257' title='bbox 336 3561 397 3628; x_wconf 91' lang='lat' dir='ltr'>luit</span> <span class='ocrx_word' id='word_1_258' title='bbox 417 3561 684 3650; x_wconf 81' lang='lat' dir='ltr'>recommissum,</span> <span class='ocrx_word' id='word_1_259' title='bbox 716 3561 811 3628; x_wconf 88' lang='lat' dir='ltr'>salvo</span> <span class='ocrx_word' id='word_1_260' title='bbox 837 3565 948 3627; x_wconf 90' lang='lat' dir='ltr'>tamen</span> <span class='ocrx_word' id='word_1_261' title='bbox 972 3577 1031 3649; x_wconf 89' lang='lat' dir='ltr'>per</span> <span class='ocrx_word' id='word_1_262' title='bbox 1056 3559 1166 3626; x_wconf 93' lang='lat' dir='ltr'>omnia</span> 
     </span>
     <span class='ocr_line' id='line_1_35' title="bbox 35 3652 1249 3748; baseline 0.001 -26"><span class='ocrx_word' id='word_1_263' title='bbox 35 3658 100 3727; x_wconf 89' lang='lat' dir='ltr'>inre</span> <span class='ocrx_word' id='word_1_264' title='bbox 121 3652 266 3726; x_wconf 79' lang='lat' dir='ltr'>civitatis</span> <span class='ocrx_word' id='word_1_265' title='bbox 284 3660 550 3728; x_wconf 87' lang='lat' dir='ltr'>Wormatiensis.</span> <span class='ocrx_word' id='word_1_266' title='bbox 577 3659 655 3748; x_wconf 92' lang='lat' dir='ltr'>lpse</span> <span class='ocrx_word' id='word_1_267' title='bbox 671 3675 752 3727; x_wconf 88' lang='lat' dir='ltr'>vero</span> <span class='ocrx_word' id='word_1_268' title='bbox 771 3658 925 3727; x_wconf 92' lang='lat' dir='ltr'>dominus</span> <span class='ocrx_word' id='word_1_269' title='bbox 944 3659 1072 3726; x_wconf 90' lang='lat' dir='ltr'>eleotus</span> <span class='ocrx_word' id='word_1_270' title='bbox 1089 3663 1167 3745; x_wconf 90' lang='lat' dir='ltr'>post</span> <span class='ocrx_word' id='word_1_271' title='bbox 1247 3727 1249 3732; x_wconf 74' lang='grc'>,</span> 
     </span>
     <span class='ocr_line' id='line_1_36' title="bbox 37 3756 1167 3847; baseline -0.003 -23"><span class='ocrx_word' id='word_1_272' title='bbox 37 3759 154 3828; x_wconf 92' lang='lat' dir='ltr'>mullos</span> <span class='ocrx_word' id='word_1_273' title='bbox 174 3763 350 3847; x_wconf 79' lang='lat' dir='ltr'>tractatus,</span> <span class='ocrx_word' id='word_1_274' title='bbox 370 3759 467 3845; x_wconf 88' lang='lat' dir='ltr'>quasi</span> <span class='ocrx_word' id='word_1_275' title='bbox 490 3759 656 3846; x_wconf 90' lang='lat' dir='ltr'>impotens</span> <span class='ocrx_word' id='word_1_276' title='bbox 679 3757 816 3847; x_wconf 88' lang='lat' dir='ltr'>Jaeobi,</span> <span class='ocrx_word' id='word_1_277' title='bbox 836 3758 885 3825; x_wconf 90' lang='lat' dir='ltr'>sio</span> <span class='ocrx_word' id='word_1_278' title='bbox 904 3762 991 3825; x_wconf 88' lang='lat' dir='ltr'>stare</span> <span class='ocrx_word' id='word_1_279' title='bbox 1009 3756 1167 3845; x_wconf 90' lang='lat' dir='ltr'>promisit.</span> 
     </span>
    </p>

    <p class='ocr_par' dir='ltr' id='par_1_5' title="bbox 37 3855 1169 4143">
     <span class='ocr_line' id='line_1_37' title="bbox 104 3855 1167 3944; baseline -0.002 -20"><span class='ocrx_word' id='word_1_280' title='bbox 104 3857 225 3924; x_wconf 89' lang='lat' dir='ltr'>Dietus</span> <span class='ocrx_word' id='word_1_281' title='bbox 238 3875 320 3925; x_wconf 91' lang='lat' dir='ltr'>vero</span> <span class='ocrx_word' id='word_1_282' title='bbox 330 3856 478 3925; x_wconf 85' lang='lat' dir='ltr'>Jaoobus</span> <span class='ocrx_word' id='word_1_283' title='bbox 493 3855 575 3924; x_wconf 89' lang='lat' dir='ltr'>leria</span> <span class='ocrx_word' id='word_1_284' title='bbox 585 3862 702 3944; x_wconf 85' lang='lat' dir='ltr'>quarta</span> <span class='ocrx_word' id='word_1_285' title='bbox 712 3857 745 3923; x_wconf 92' lang='lat' dir='ltr'>in</span> <span class='ocrx_word' id='word_1_286' title='bbox 755 3856 881 3944; x_wconf 90' lang='lat' dir='ltr'>paseha</span> <span class='ocrx_word' id='word_1_287' title='bbox 889 3874 977 3924; x_wconf 89' lang='lat' dir='ltr'>auno</span> <span class='ocrx_word' id='word_1_288' title='bbox 987 3855 1167 3924; x_wconf 88' lang='lat' dir='ltr'>m.oo.l.viii.</span> 
     </span>
     <span class='ocr_line' id='line_1_38' title="bbox 39 3949 1169 4044; baseline -0.001 -23"><span class='ocrx_word' id='word_1_289' title='bbox 39 3949 142 4042; x_wconf 85' lang='lat' dir='ltr'>[mart.</span> <span class='ocrx_word' id='word_1_290' title='bbox 163 3952 229 4044; x_wconf 84' lang='lat'>27]</span> <span class='ocrx_word' id='word_1_291' title='bbox 250 3973 322 4022; x_wconf 92' lang='lat' dir='ltr'>oum</span> <span class='ocrx_word' id='word_1_292' title='bbox 341 3957 411 4024; x_wconf 91' lang='lat' dir='ltr'>suis</span> <span class='ocrx_word' id='word_1_293' title='bbox 431 3954 613 4042; x_wconf 80' lang='lat' dir='ltr'>egrediens</span> <span class='ocrx_word' id='word_1_294' title='bbox 639 3955 681 4024; x_wconf 90' lang='lat' dir='ltr'>do</span> <span class='ocrx_word' id='word_1_295' title='bbox 700 3962 810 4025; x_wconf 87' lang='lat' dir='ltr'>eastre</span> <span class='ocrx_word' id='word_1_296' title='bbox 829 3955 1004 4025; x_wconf 85' lang='lat' dir='ltr'>Guntheim</span> <span class='ocrx_word' id='word_1_297' title='bbox 1023 3955 1169 4024; x_wconf 89' lang='lat' dir='ltr'>aooessit</span> 
     </span>
     <span class='ocr_line' id='line_1_39' title="bbox 37 4051 1169 4143; baseline 0.002 -25"><span class='ocrx_word' id='word_1_298' title='bbox 37 4051 303 4143; x_wconf 90' lang='lat' dir='ltr'>Lidriohisheim,</span> <span class='ocrx_word' id='word_1_299' title='bbox 322 4059 355 4122; x_wconf 92' lang='lat' dir='ltr'>et</span> <span class='ocrx_word' id='word_1_300' title='bbox 372 4053 416 4122; x_wconf 91' lang='lat' dir='ltr'>ibi</span> <span class='ocrx_word' id='word_1_301' title='bbox 435 4055 607 4143; x_wconf 86' lang='lat' dir='ltr'>pistrinum</span> <span class='ocrx_word' id='word_1_302' title='bbox 626 4061 660 4122; x_wconf 91' lang='lat' dir='ltr'>et</span> <span class='ocrx_word' id='word_1_303' title='bbox 677 4052 796 4122; x_wconf 91' lang='lat' dir='ltr'>domus</span> <span class='ocrx_word' id='word_1_304' title='bbox 815 4053 980 4124; x_wconf 86' lang='lat' dir='ltr'>Edelwini</span> <span class='ocrx_word' id='word_1_305' title='bbox 1000 4056 1120 4124; x_wconf 87' lang='lat' dir='ltr'>eorruit</span> <span class='ocrx_word' id='word_1_306' title='bbox 1136 4059 1169 4121; x_wconf 92' lang='lat' dir='ltr'>et</span> 
     </span>
    </p>
   </div>
   <div class='ocr_carea' id='block_1_4' title="bbox 38 4150 1167 4242">
    <p class='ocr_par' dir='ltr' id='par_1_6' title="bbox 38 4150 1167 4242">
     <span class='ocr_line' id='line_1_40' title="bbox 38 4150 1167 4242; baseline 0 -26"><span class='ocrx_word' id='word_1_307' title='bbox 38 4155 176 4242; x_wconf 87' lang='lat' dir='ltr'>seoavit,</span> <span class='ocrx_word' id='word_1_308' title='bbox 204 4169 245 4222; x_wconf 87' lang='lat' dir='ltr'>ao.</span> <span class='ocrx_word' id='word_1_309' title='bbox 268 4151 480 4240; x_wconf 91' lang='lat' dir='ltr'>postmodum</span> <span class='ocrx_word' id='word_1_310' title='bbox 514 4151 682 4222; x_wconf 88' lang='lat' dir='ltr'>aooedens</span> <span class='ocrx_word' id='word_1_311' title='bbox 709 4151 927 4221; x_wconf 89' lang='lat' dir='ltr'>Nildensbam</span> <span class='ocrx_word' id='word_1_312' title='bbox 956 4153 1108 4223; x_wconf 91' lang='lat' dir='ltr'>borreum</span> <span class='ocrx_word' id='word_1_313' title='bbox 1133 4150 1167 4218; x_wconf 87' lang='lat' dir='ltr'>C.</span> 
     </span>
    </p>
   </div>
   <div class='ocr_carea' id='block_1_5' title="bbox 66 4259 969 4404">
    <p class='ocr_par' dir='ltr' id='par_1_7' title="bbox 66 4259 969 4404">
     <span class='ocr_line' id='line_1_41' title="bbox 68 4259 419 4332; baseline 0.003 -17"><span class='ocrx_word' id='word_1_314' title='bbox 68 4263 97 4328; x_wconf 85' lang='lat' dir='ltr'>l)</span> <span class='ocrx_word' id='word_1_315' title='bbox 115 4263 163 4332; x_wconf 88' lang='lat' dir='ltr'>qui</span> <span class='ocrx_word' id='word_1_316' title='bbox 181 4259 250 4314; x_wconf 86' lang='lat' dir='ltr'>sebit</span> <span class='ocrx_word' id='word_1_317' title='bbox 267 4261 295 4314; x_wconf 91' lang='lat' dir='ltr'>in</span> <span class='ocrx_word' id='word_1_318' title='bbox 314 4261 363 4314; x_wconf 88' lang='lat' dir='ltr'>der</span> <span class='ocrx_word' id='word_1_319' title='bbox 380 4261 419 4316; x_wconf 89' lang='lat' dir='ltr'>bs.</span> 
     </span>
     <span class='ocr_line' id='line_1_42' title="bbox 66 4347 969 4404; baseline 0.002 -6"><span class='ocrx_word' id='word_1_320' title='bbox 66 4358 206 4404; x_wconf 77' lang='lat' dir='ltr'>nouantur</span> <span class='ocrx_word' id='word_1_321' title='bbox 223 4357 345 4404; x_wconf 80' lang='lat' dir='ltr'>romnus.</span> <span class='ocrx_word' id='word_1_322' title='bbox 364 4360 388 4402; x_wconf 79' lang='lat'>2.</span> <span class='ocrx_word' id='word_1_323' title='bbox 938 4347 969 4400; x_wconf 84' lang='grc'>13</span> 
     </span>
    </p>
   </div>
   <div class='ocr_carea' id='block_1_6' title="bbox 0 0 1457 4834">
    <p class='ocr_par' dir='ltr' id='par_1_8' title="bbox 0 0 1457 4834">
     <span class='ocr_line' id='line_1_43' title="bbox 0 0 1457 4834; baseline 0 0"><span class='ocrx_word' id='word_1_324' title='bbox 0 0 1457 4834; x_wconf 95' lang='lat' dir='ltr'> </span> 
     </span>
    </p>
   </div>
  </div>
 </body>
</html>
