2878 4834
426 181 552 229 latntes
573 181 811 230 wontttrtottsttS.

43 317 164 408 Super
178 321 282 408 capita
300 321 549 410 episcoporum:
1031 405 1033 410 .

156 418 232 510 „His
250 419 338 488 bene
357 421 500 510 crevisti,
518 438 658 508 presens
677 437 698 487 o
716 421 815 490 vinea
834 420 964 512 Christi,

175 517 267 598 Quos
285 521 394 608 pietas
412 522 483 589 iure
501 521 618 588 recolit
635 521 836 608 signumque
856 521 973 611 ligure,

144 637 146 642 ’
174 617 337 686 Nobilitas
343 671 354 709 ,
373 637 498 688 morum
517 617 683 709 probitas,
709 624 742 686 ct
758 621 792 687 in
810 619 862 688 his
880 623 1079 712 meritorum,

172 715 304 786 Nomini
323 715 475 788 lecerunt
493 717 612 786 famam
630 716 840 810 laudemque,
859 721 975 806 vigere

172 815 269 884 Nune
287 818 384 904 quasi
403 819 544 886 convive
562 817 648 885 Petri
667 818 720 885 vel
738 819 824 886 sicut
842 816 963 888 olive.“

43 913 85 981 ln
108 919 218 1004 tapeto
238 933 312 999 cum
330 917 495 1005 apostolis
515 923 549 984 et
564 917 736 1005 prophetis
755 916 906 1006 depicto:

148 1015 336 1106 „Primicias
356 1014 432 1083 tidei
449 1015 566 1105 pandit
583 1022 616 1084 et
634 1022 709 1084 acta
728 1015 804 1107 diei,

170 1113 261 1182 Juris
280 1116 458 1203 apostolici
476 1116 651 1205 primates,
671 1117 761 1202 regis
781 1116 887 1207 amici,

170 1213 255 1281 Sunt
273 1215 396 1282 meritis
415 1217 519 1303 aucti,
539 1215 616 1302 quia
633 1216 820 1302 pneumatis
839 1233 967 1302 organa
986 1220 1103 1309 sancti,

167 1313 331 1381 Enarrant
349 1315 404 1381 isti
431 1321 559 1403 septem
577 1315 732 1382 miracula
752 1314 880 1405 Christi,

168 1411 284 1480 Gracia
304 1431 369 1500 quo
389 1415 494 1480 crevit
512 1431 578 1502 qua
596 1414 689 1482 oelos
709 1416 780 1482 cive
799 1411 968 1504 replevit.“

44 1508 83 1576 ln
105 1510 365 1579 circumierentia
385 1514 503 1600 oapitis
523 1513 630 1580 sancti
648 1513 733 1581 Petri
751 1515 785 1580 in
805 1515 935 1600 sigillo:

146 1609 307 1700 „Semper
325 1613 389 1679 eris
408 1612 516 1700 clipeo
535 1630 621 1698 gens
640 1631 714 1680 mea
732 1617 801 1680 tuta
818 1610 925 1680 meo.“
994 1677 997 1684 .

46 1706 85 1774 ln
105 1709 363 1778 circumferentia
388 1711 490 1797 sigilli
517 1711 710 1780 consulatus
729 1711 993 1783 Wormaoiensis
1012 1715 1076 1784 iste
1094 1734 1174 1784 ver-

48 1824 106 1875 sus
123 1815 276 1877 exaratus
304 1816 373 1877 est:
750 1875 754 1884 .

148 1907 217 1998 „Te
236 1909 280 1976 sit
298 1913 367 1976 tuta
386 1908 475 1977 bono
494 1907 688 1978 Wormaoia
705 1909 798 1980 Petro
816 1909 990 2000 patrono.“

48 2003 85 2071 ln
104 2007 365 2076 circumferentia
384 2009 484 2094 sigilli
504 2009 612 2076 sancti
630 2007 778 2079 Andree:

146 2108 215 2198 „Te
234 2125 332 2176 sacer
351 2104 486 2176 Andrea
503 2105 628 2176 bullata
648 2108 768 2196 figurat
784 2105 904 2196 ydea.“

141 2549 398 2622 orvnormrn
423 2551 484 2720 nr1
491 2549 718 2720 0¹}{GE53‘22
723 2531 1082 2720 2vvonunvreusnt.

472 2843 475 2850 ¹
512 2849 709 2861 μ.-

119 2969 143 3028 1.
164 2967 308 3030 Heinrich
329 2969 370 3031 VI
391 2969 474 3045 glebt
501 2967 560 3032 den
586 2971 722 3048 bttrgern
744 2985 803 3032 von
825 2968 945 3032 Worms
974 2971 1022 3030 ein
1049 2967 1176 3046 privileg

162 3053 260 3112 worin
279 3067 337 3113 von
351 3051 409 3113 den
422 3051 622 3130 heimbttrgen
642 3054 691 3117 dte
706 3052 779 3116 rede
799 3054 849 3114 ist.
870 3051 1070 3116 Gelnhausen.
1088 3053 1175 3114 1190.

110 3162 156 3263 ln
182 3196 358 3284 privilegio
382 3195 530 3266 Heinrici
558 3199 645 3266 sexti
673 3197 785 3266 datum
811 3213 899 3265 anno
933 3213 1058 3264 meno.
1086 3195 1174 3284 opud

55 3292 269 3363 Geilenhusen
288 3295 487 3364 describitur
504 3295 647 3366 ollioium
666 3295 899 3384 Heimburgeri
927 3294 1014 3362 illius
1042 3301 1174 3383 tempo-

53 3393 105 3460 ris:
130 3393 172 3461 lli
198 3413 285 3484 quos
306 3397 486 3484 vulgariter
510 3393 651 3466 dicimus
668 3395 890 3483 Heimburger
913 3396 1021 3462 iurare
1050 3393 1174 3461 debent

54 3491 223 3561 secundum
240 3494 351 3580 legem
370 3493 424 3563 dei
442 3496 563 3564 iustam
582 3513 770 3564 mensuram
794 3493 836 3564 ad
862 3491 1008 3561 dandum
1027 3497 1060 3559 et
1078 3493 1173 3560 acci-

51 3591 192 3676 piendum
211 3591 363 3662 ordinare
382 3595 490 3682 quivis
504 3593 538 3661 in
558 3611 619 3664 sua
636 3593 811 3684 parrochia
828 3593 917 3660 illius
937 3592 1025 3681 anni,
1045 3596 1077 3658 et
1097 3591 1172 3659 nul-

53 3687 96 3756 lus
114 3709 225 3759 eorum
244 3691 422 3780 quidquam
448 3691 526 3762 dare
548 3691 648 3762 debet
665 3695 837 3782 preposito
856 3696 914 3758 aut
932 3689 1171 3780 archipresby-

54 3791 112 3856 tero
131 3791 194 3859 olei
213 3797 270 3858 aut
288 3789 498 3860 denariorum
525 3798 580 3860 avvt
606 3791 691 3862 alius
712 3798 768 3860 rei.
803 3789 991 3860 Pannilroes
1011 3789 1097 3858 duos
1116 3791 1173 3878 pi-

55 3884 146 3958 dcllos
173 3892 294 3978 quovis
321 3908 409 3960 anno
430 3897 577 3960 statuant
596 3891 715 3980 quibus
736 3896 860 3959 tantum
878 3889 1068 3976 burgenses
1087 3889 1172 3959 obe-

55 3983 131 4055 diant
148 3996 180 4057 et
197 3989 289 4058 nullo
308 3989 432 4078 pidcllo
458 3991 522 4058 alii.
555 3991 715 4059 Volumus
742 3991 837 4058 etiam
857 3995 893 4058 ut
916 3989 1004 4057 omni
1032 4007 1120 4058 anno
1138 3989 1172 4056 in

55 4082 127 4156 lesto
154 4091 262 4156 sancti
286 4089 421 4157 Martini
457 4091 645 4178 burgenses
684 4097 826 4159 sonante
861 4089 976 4156 maiori
1011 4105 1172 4176 campana

57 4200 139 4272 super
156 4190 277 4258 curiam
295 4197 443 4258 nostram
458 4193 661 4260 conveniant
685 4194 718 4257 et
737 4191 880 4256 omnium
905 4205 1076 4258 consensu
1093 4203 1170 4274 per-
