2886 4834
612 223 778 270 canonicor
801 223 1009 270 condemnasti.

190 347 257 427 rado
347 361 446 430 Anno
469 379 579 432 mccc.
606 379 719 430 comes
744 363 786 431 do
809 361 992 450 Holandia‚
1018 363 1068 428 vir
1090 362 1219 429 iuvenis
1246 363 1392 453 ationis,

267 462 396 529 babens
414 464 448 528 in
460 463 665 530 matrimonio
676 463 739 529 sibi
749 464 959 530 coniunctam
976 462 1186 530 iuvencrdam
1204 461 1349 530 nobilem
1365 471 1393 530 et
1431 483 1432 532 t

267 560 461 628 facundam:
488 562 532 628 bii
550 560 593 630 ad
608 579 756 629 mensam
770 563 891 650 pariter
904 560 1063 629 sederant
1076 559 1197 627 hilares
1208 567 1243 627 et
1256 561 1392 628 iocundi.
1431 589 1432 640 3

267 659 320 728 Hii
346 661 457 728 toxico
483 662 650 748 periemnt
674 663 796 748 pariter
821 662 1030 728 innocentes,
1063 657 1187 726 Horum
1210 661 1393 726 comitatum
1431 643 1432 728 i

266 761 439 846 usurpavit
464 777 577 827 comes
601 759 803 847 Hanegogie
830 759 991 828 velociter
1008 763 1041 826 et
1059 763 1223 845 potenter.
1252 757 1323 826 Hec
1340 777 1394 825 au·
1432 786 1433 834 r

268 858 365 926 diens
384 858 583 926 venerabilis
610 857 763 927 dominus
785 855 941 926 Albertus
959 875 1018 926 rex
1034 856 1276 946 Romanorum,
1308 877 1393 925 man·
1432 887 1433 920 r

267 957 359 1025 davit
383 958 493 1024 comiti
519 957 718 1044 Hanegogie
738 957 829 1044 quod
846 957 907 1024 bus
929 975 983 1024 res
1002 962 1117 1024 contra
1134 957 1303 1023 iusticiam
1320 974 1393 1044 pos-

267 1055 416 1142 sedisset
433 1062 466 1124 et
484 1075 543 1124 eas
562 1055 631 1123 dari
650 1057 713 1124 sibi
730 1057 832 1125 iibere
847 1055 1048 1144 postulabat.
1076 1055 1196 1124 Comes
1211 1054 1278 1123 beo
1292 1055 1391 1122 iacere

267 1156 458 1243 simpliciter
481 1155 669 1223 recusabat.
708 1155 779 1223 Hiis
805 1174 863 1224 rex
889 1155 1046 1224 Albertus
1073 1153 1195 1222 auditis
1213 1155 1394 1222 exercitum
1433 1194 1434 1232 r

267 1256 488 1341 congregavit
513 1261 546 1322 et
571 1256 722 1322 comitem
742 1254 896 1322 obsidere
914 1255 1076 1323 velociter
1092 1247 1288 1339 cogitavit¹
1324 1253 1394 1320 Con

238 1372 327 1422 ·rex
351 1371 455 1441 prope
480 1353 653 1421 Coloniam
676 1373 751 1422 cum
775 1355 921 1422 exercitu
939 1354 1165 1442 pervenisset,
1199 1351 1335 1439 quidam
1358 1369 1393 1420 ex

267 1454 338 1520 suis
356 1451 502 1538 benigne
520 1471 593 1520 oum
611 1471 733 1540 magna
750 1452 971 1521 fraudulentia
989 1457 1187 1540 receperunt
1205 1469 1283 1518 eum
1301 1453 1394 1519 inter-

268 1551 365 1618 ficere
388 1551 572 1619 voluemnt.
599 1551 670 1619 Hoc
688 1552 821 1640 quidam
848 1569 890 1619 ex
908 1552 1171 1642 consanguineis
1190 1551 1285 1635 regis
1303 1550 1393 1617 intel·

266 1651 431 1739 rigentes,
451 1651 562 1717 statim
579 1652 737 1719 miserunt
756 1653 785 1720 ei
799 1652 965 1718 nuntium:
986 1650 1056 1717 Nisi
1071 1651 1118 1717 od
1129 1666 1191 1716 noa
1207 1653 1287 1716 ante
1298 1667 1395 1734 prun

267 1750 356 1816 mum
372 1752 520 1832 ceneris,
536 1751 571 1816 r'n
587 1750 734 1836 prandio
756 1752 917 1818 morieris.
963 1748 1035 1816 Hec
1057 1767 1117 1816 rex
1139 1765 1213 1816 oum
1237 1747 1393 1834 audisset,

267 1847 420 1916 aseendit
442 1846 640 1917 dextrarium
663 1855 697 1916 et
725 1848 810 1936 sugit
836 1849 995 1917 velociter
1021 1847 1063 1916 ad
1088 1854 1269 1934 cognatos.
1305 1847 1393 1914 Pauci

269 1961 377 2014 antem
402 1966 444 2016 ex
468 1948 539 2016 suis
565 1966 651 2035 quos
675 1966 734 2016 rex
753 1949 886 2017 vocavit
907 1948 1067 2016 velociter
1086 1947 1327 2034 sequebantur.
1362 1945 1396 2014 Et

268 2053 445 2136 postquam
460 2045 503 2114 ad
521 2064 601 2115 suos
622 2049 787 2138 pervenit,
810 2047 941 2115 suerunt
964 2045 1085 2114 insidie
1102 2045 1283 2135 patefacte.

343 2144 416 2212 Hiis
444 2147 494 2212 sio
518 2148 625 2231 gestis
651 2149 786 2214 vocavit
812 2165 871 2215 rex
897 2163 978 2214 suos
1006 2146 1124 2232 eisque
1152 2144 1309 2212 dicebat:
1352 2142 1398 2210 dd

269 2249 395 2310 terrem
417 2262 524 2312 mecm
548 2246 659 2312 redire
688 2245 844 2332 dispono,
879 2250 913 2311 et
938 2263 1004 2330 prro
1027 2261 1067 2312 eo
1085 2245 1285 2330 parcentem
1311 2241 1396 2308 mmbr'

269 2342 436 2410 consulite.
478 2341 542 2423 Qui
568 2343 739 2412 dixerunt:
764 2347 844 2414 Cura
872 2344 1077 2411 multitudine
1103 2343 1244 2411 rnilitum
1264 2342 1396 2427 potestis

269 2446 395 2508 terrem
412 2446 594 2510 vestrorum
614 2443 818 2512 imeneorum
831 2443 988 2511 uelociter
996 2443 1214 2529 pertransire.
1241 2439 1324 2509 Reu¹
1340 2442 1394 2507 mi·
1436 2493 1437 2502 2

267 2541 382 2608 litibus
408 2539 557 2610 dicebat:
586 2543 773 2628 Properate
797 2561 878 2628 erpo
904 2560 962 2609 nos
982 2560 1032 2609 me
1056 2542 1104 2608 ud
1121 2559 1211 2608 meos
1240 2558 1319 2607 cum
1337 2557 1394 2625 po·

268 2642 371 2708 tectio
381 2641 636 2726 perducendum.
647 2639 710 2721 Qui
725 2641 897 2710 dixerunt:
913 2641 1053 2709 Domine
1066 2640 1217 2721 deltam
1228 2638 1327 2707 nobis
1342 2656 1394 2705 ee-

265 2757 367 2825 peuce
384 2743 417 2806 et
433 2740 508 2808 r'deo
527 2739 693 2808 vobiscum
713 2759 857 2827 perpere
886 2757 951 2808 non
970 2739 1126 2807 celemus.
1160 2738 1230 2806 Rex
1257 2737 1394 2805 dicebat:

268 2837 364 2906 Dodo
375 2837 466 2906 cobis
485 2840 572 2908 mille
587 2841 780 2926 puinpentos
797 2857 931 2907 morene
948 2842 986 2906 ot
999 2856 1049 2905 me
1062 2839 1109 2906 od
1118 2839 1264 2924 proprio
1273 2837 1392 2922 perdu-

267 2939 362 3004 ootb.
370 2935 492 3005 Milites
504 2937 672 3006 dixerunt:
687 2938 1050 3023 Voluntariesocr'emus.
1065 2936 1303 3006 Ascenderunt
1318 2936 1393 3002 miii·

269 3041 319 3103 tes
334 3035 518 3104 dextrarios
533 3055 614 3105 suos
631 3044 662 3105 et
679 3056 792 3124 regem
808 3037 850 3106 ad
861 3055 941 3105 suos
958 3055 1031 3104 oum
1045 3037 1149 3104 letitia
1164 3035 1394 3124 perduxerunt,

269 3140 302 3201 et
319 3151 392 3202 cum
406 3138 615 3222 pervenisset
633 3136 724 3204 dedit
737 3138 893 3206 militibus
910 3137 1084 3224 pecuniam
1103 3155 1200 3222 quam
1215 3135 1372 3222 promisit.

189 3237 250 3290 ¹³0¹
347 3232 427 3300 Cum
453 3236 523 3320 regi
548 3235 657 3302 visum
681 3235 801 3304 suisset
827 3235 917 3324 quod
935 3234 1084 3302 Rhenum
1101 3240 1258 3322 potenter
1276 3237 1395 3301 teneret

271 3338 304 3399 ct
323 3350 360 3400 se
380 3333 606 3402 confirmatum
624 3334 789 3424 crederet,
808 3334 977 3402 mandavit
995 3333 1128 3401 domino
1147 3333 1394 3420 archiepiscopo

269 3431 487 3521 Mogontino,
507 3433 760 3522 archiepiscopo
775 3434 969 3502 Coloniensi
982 3437 1082 3519 atque
1097 3434 1216 3500 ceteris
1232 3432 1394 3518 accipien-

268 3530 357 3598 tibus
375 3532 535 3600 telonium
554 3550 654 3620 supra
671 3531 836 3600 Rhenum:
861 3550 901 3600 ne
924 3534 1132 3599 incurrerent
1148 3533 1181 3598 in
1199 3530 1393 3617 irtdipnotio-

267 3648 338 3696 nem
367 3632 457 3717 repre
490 3633 680 3698 maiestatis.
719 3633 876 3720 Episcopi
908 3631 979 3716 regi
1009 3630 1115 3698 taliter
1139 3628 1393 3718 responderunt:

274 3727 403 3796 Telonio
425 3735 544 3796 nostro
563 3730 660 3817 lonpo
683 3735 828 3816 tempore
847 3729 951 3797 debite
973 3731 1174 3814 occepimus,
1200 3733 1233 3794 et
1252 3733 1393 3796 anteces-

267 3845 362 3893 sores
379 3831 484 3894 nostri
497 3829 595 3915 lonpo
611 3835 756 3915 ternpore
778 3833 974 3915 receperunt
990 3833 1023 3894 et
1043 3845 1102 3894 eos
1122 3845 1218 3914 repes
1233 3824 1394 3894 Romarm-

304 3953 334 4018 t)
353 3951 441 4006 dieses
466 3954 499 4006 ist
527 3955 553 4006 in
578 3954 627 4008 der
646 3955 685 4008 bs.
705 3953 845 4008 nocbmals
864 3961 949 4006 etwas
967 3952 1066 4006 kdrzor
1083 3951 1234 4006 entbaiten:
1259 3951 1339 4004 Anno
1356 3947 1395 3999 do·

268 4019 334 4071 mini
354 4036 445 4072 meod.
466 4037 556 4075 crimes
575 4021 719 4075 Heliandie
738 4040 796 4074 curn
817 4038 903 4074 uxore
921 4037 970 4073 soa
989 4021 1016 4073 in
1035 4020 1146 4092 prandio
1166 4021 1337 4073 intoxicarur.
1355 4013 1394 4069 ΑΙ·

269 4085 362 4139 bertns
380 4103 443 4140 vern
463 4105 510 4142 rex
529 4089 718 4156 Ronmanorum,
737 4093 856 4144 existens
869 4091 895 4142 in
914 4088 1039 4158 Thurego
1058 4097 1119 4142 ante
1144 4087 1240 4142 festum
1258 4087 1340 4140 oncri
1357 4084 1393 4136 do·

223 4172 226 4180 ¹
269 4154 366 4208 bannis
385 4153 497 4226 baptiste
515 4174 576 4210 cum
593 4159 691 4225 ragina,
711 4159 761 4212 beo
778 4157 931 4220 inte'iipens
948 4158 1094 4211 exercitum
1113 4156 1285 4224 congregarit
1301 4162 1328 4206 et
1345 4152 1395 4202 rio-

269 4222 356 4276 lonter
373 4221 513 4277 descendit
531 4233 560 4278 ut
578 4227 732 4280 comitatum
751 4225 896 4280 Holdarndie
914 4226 941 4278 in
960 4227 1095 4295 propriam
1110 4224 1225 4278 traheret
1239 4227 1394 4294 potestatem.
