2890 4832
271 161 342 230 368
627 190 664 233 rx
685 187 851 234 oonrrnroo
874 185 1050 233 concatenat.

188 345 255 400 1235
274 326 363 417 apud
380 327 589 413 Magantinm
612 325 698 394 diem
721 327 842 394 clausit
858 331 1047 395 extremum.
1073 323 1223 392 Hiisdem
1241 329 1392 414 tempori-

269 428 332 495 bus
351 444 409 494 rcx
426 427 571 512 Ungarie
589 424 755 494 llustriam
772 425 972 514 ingreditur,
992 431 1026 492 et
1046 431 1176 492 vastata
1194 430 1283 493 terra
1299 426 1391 492 multa

268 526 358 594 milia
382 543 560 592 marcarum
587 544 606 592 a
630 525 714 593 duce
738 544 797 614 pro
826 543 909 613 pace
937 525 1072 610 recepit.
1114 523 1195 590 Nam
1223 523 1308 590 idem
1334 523 1391 590 dor

269 625 428 694 antehoc
446 631 577 712 tempus
597 623 681 692 lines
699 631 891 692 vastaverat
908 623 1141 711 Ungariorum,
1160 622 1243 689 nulli
1261 641 1390 710 parcens

270 725 383 814 sexui,
401 723 482 791 nulli
498 740 641 812 parcens
660 723 747 790 etati.

342 824 381 890 In
398 821 484 890 sesto
504 823 649 889 omnium
668 828 857 891 sanctorum
877 819 971 913 [nov.
992 820 1030 914 l]
1051 824 1230 911 imperator
1248 837 1390 888 conven-

268 929 336 990 tum
358 923 539 1009 principum
567 921 680 988 habuit
704 920 793 1009 apud
811 919 1007 1014 Augustam.
1034 923 1096 989 Ubi
1115 941 1172 989 rex
1190 922 1327 988 Boemie
1343 919 1390 986 al-

267 1020 347 1110 luit,
374 1022 539 1109 recipiens
566 1020 608 1086 ab
640 1022 837 1108 imperatore
869 1021 985 1088 decem
1010 1021 1097 1088 milia
1128 1037 1309 1086 marearum
1337 1036 1389 1106 pro

267 1128 360 1210 parte
378 1120 502 1188 Suevie
522 1137 587 1206 que
604 1121 674 1186 iure
692 1119 890 1188 hereditario
910 1138 1002 1188 suam
1020 1113 1174 1188 urrerem1
1193 1119 1362 1202 contingit.

341 1218 423 1286 lnde
450 1220 627 1306 imperator
652 1236 690 1285 se
717 1219 856 1286 eontulit
879 1218 922 1286 ad
949 1219 1105 1306 oppidum
1128 1216 1341 1303 Haginbowe
1361 1217 1389 1281 in

268 1335 335 1406 quo
353 1318 532 1406 hyemavit.
548 1317 598 1384 lbi
611 1316 775 1385 ailuemnt
793 1335 906 1384 comes
926 1318 1115 1385 Tolosanus
1135 1323 1168 1384 et
1185 1333 1301 1384 comes
1319 1315 1390 1382 Pro-

266 1418 385 1486 vincie.
412 1415 550 1504 Recepit
568 1422 677 1482 autem
695 1433 808 1482 comes
828 1415 1018 1484 Tolosanus
1038 1416 1215 1483 marchiam
1228 1415 1388 1481 Provincia

267 1515 309 1583 ab
327 1517 541 1628 inperatore,
560 1514 749 1600 homagium
769 1514 831 1581 sibi
849 1521 1016 1602 prestans,
1050 1515 1170 1582 Comes
1190 1518 1300 1580 autem
1317 1513 1389 1580 Pro·

266 1615 375 1682 vincio
394 1615 700 1700 quinquagenarius
727 1611 803 1682 ideo
830 1621 907 1681 tnnc
925 1616 1061 1702 primum
1080 1613 1121 1680 ab
1138 1615 1338 1700 imperatore
1354 1610 1389 1677 ad
1422 1679 1423 1682 ,

267 1712 406 1799 gradum
425 1713 534 1779 militie
554 1719 604 1778 est
622 1719 819 1801 provectuS,
839 1714 915 1800 quia
934 1715 1070 1780 comites
1090 1731 1150 1781 sue
1168 1710 1341 1800 parentele
1358 1727 1423 1776 se
1422 1733 1423 1740 ¹

266 1829 336 1880 non
354 1809 492 1879 credunt
509 1809 565 1878 diu
583 1828 686 1898 posse
704 1812 819 1878 vivere
837 1818 1014 1898 postquam
1033 1811 1172 1897 gradum
1191 1811 1307 1876 militie
1322 1816 1389 1875 sunt
1422 1833 1425 1914 p

267 1909 389 1999 adepti.
416 1909 486 1978 Nec
513 1908 622 1976 adbuc
648 1909 741 1977 miles
766 1908 871 1978 lactus
897 1919 1006 1998 asset,
1032 1911 1095 1978 nisi
1122 1929 1181 1977 rex
1204 1908 1340 1976 Francia
1363 1915 1425 1973 et
1422 1947 1425 2003 p

266 2028 325 2077 rex
342 2009 476 2098 cinglio,
495 2027 632 2094 quorum
650 2015 791 2095 uterque
812 2027 904 2076 suam
926 2009 1064 2076 duxerat
1082 2009 1206 2075 tiliam
1196 2025 1231 2074 rn
1252 2023 1387 2092 uxorem,
1424 2059 1425 2090 p

265 2109 374 2196 ipsum
392 2107 435 2176 ad
453 2108 517 2175 hoo
534 2125 632 2194 prece
651 2107 843 2175 multimodo
867 2109 1122 2198 compulissent,
1148 2105 1319 2191 indignum
1338 2123 1387 2171 re-

266 2213 424 2319 putantes
452 2225 547 2272 suum
574 2223 726 2273 socerum
754 2207 888 2274 militem
914 2225 981 2275 non
1009 2224 1097 2274 esse.
1129 2205 1258 2273 lbidem
1287 2205 1425 2272 nuncii

267 2307 383 2390 regine
409 2296 590 2392 Hispanie²
613 2304 775 2372 alluerunt
803 2307 859 2392 qui
889 2306 1126 2392 pulcherrimos
1151 2305 1335 2373 dextrarios
1359 2308 1386 2369 ct

265 2403 443 2490 magnifica
461 2421 595 2470 munera
614 2405 722 2470 cesari
740 2403 928 2470 attulerunt.
949 2405 1019 2472 Nec
1033 2405 1134 2471 molto
1150 2410 1230 2492 post
1246 2401 1385 2470 eiusdem

221 2532 223 2540 s
265 2505 380 2588 regine
399 2520 488 2570 mors
507 2503 955 2590 estnunciataimperatori3
981 2502 1071 2570 unde
1098 2503 1278 2590 plurimum
1292 2500 1385 2568 doluit
1424 2555 1425 2562 ,

249 2595 356 2688 ‘quod
374 2601 533 2690 patruelis
553 2602 626 2668 eius
645 2599 714 2667 luit.
740 2601 819 2688 Ipso
838 2619 926 2669 anno
944 2608 1023 2690 post
1040 2601 1166 2689 pascha
1185 2599 1307 2668 domini
1326 2605 1382 2664 tres
1424 2593 1425 2688 g

266 2701 379 2768 circuli
406 2701 556 2787 argentei
581 2701 667 2768 circa
693 2700 831 2767 solem
822 2717 982 2768 rmmense
1009 2701 1202 2787 quantitatis
1230 2715 1382 2786 apparue-
1424 2691 1425 2698 ’

191 2853 199 2860 .
264 2805 358 2888 runt,
386 2817 524 2886 quorum
549 2800 672 2886 primns
699 2799 798 2865 alium
822 2799 1013 2867 includebat
1032 2799 1298 2886 contingentem,
1320 2798 1380 2863 ter·
1424 2863 1425 2866 ,

264 2899 330 2964 tius
359 2904 468 2965 autem
497 2896 581 2964 duos
603 2897 827 2982 intersecabat
854 2898 1019 2965 transiens
1045 2915 1104 2985 per
1129 2895 1380 2984 corpus'solare.
1424 2881 1425 2896 ¹

265 2993 329 3075 Qui
353 2997 465 3063 circuli
488 2996 565 3062 licet
582 3014 602 3062 a
619 2995 744 3082 populo
769 3001 927 3083 putentur
949 3014 1026 3064 esse
1052 2993 1256 3085 prodigium,
1285 3000 1379 3060 tamen

265 3110 378 3161 eorum
405 3111 508 3160 causa
534 3094 575 3160 ab
601 3092 782 3161 Aristotele
810 3099 842 3160 et
868 3093 998 3163 Seneca
1020 3096 1053 3161 in
1077 3095 1236 3162 mateoris
1261 3098 1310 3159 est
1328 3109 1378 3158 er·
1424 3171 1425 3176 Ἰ

263 3209 390 3280 pressa.
424 3191 550 3260 Eodem
576 3209 710 3280 quoque
730 3209 819 3260 anno
842 3189 1152 3280 Constantinopolis
1171 3210 1192 3258 a
1210 3191 1320 3259 Grecis
1336 3193 1378 3256 est
1424 3187 1425 3282 }

264 3291 418 3359 obsessa.
1424 3365 1425 3376 χ

222 3419 229 3428 ·
336 3389 434 3458 Anno
454 3388 578 3458 domini
595 3390 808 3456 mccxrrxni.
834 3388 1015 3476 imperator
1033 3394 1142 3456 motus
1161 3389 1283 3456 bellum
1300 3387 1377 3454 Lon·
1424 3447 1425 3452 ,

262 3489 424 3574 gobardis
449 3488 512 3555 sibi
537 3487 735 3576 rebellibuS‚
760 3489 915 3575 premittit
940 3488 1144 3573 quingentos
1162 3489 1281 3555 milites
1298 3503 1376 3552 mco·
1424 3485 1425 3488 ’

263 3590 371 3656 surnis
399 3585 575 3674 stipendiis
601 3586 805 3677 conductos,
832 3586 951 3672 quibus
976 3586 1106 3672 prolicit
1124 3587 1271 3654 nobilem
1288 3587 1374 3652 virun
1424 3643 1425 3676 ἶ

263 3689 297 3752 ct
327 3686 426 3754 rebus
454 3685 584 3753 bellicis
607 3691 778 3772 expertum
806 3682 1011 3752 Gereardum
1036 3685 1078 3753 de
1101 3674 1326 3771 Harvesten³,
1346 3687 1375 3745 ut
1424 3745 1425 3748 ,

263 3783 352 3870 apud
361 3783 526 3853 Veronam
540 3802 645 3872 expcc
648 3785 911 3870 tetimperatoris
926 3784 1106 3850 exercitum
1121 3783 1373 3870 subsequentem

336 3883 517 3969 Imperator
542 3884 670 3950 interea
704 3881 878 3950 deseendit
902 3899 1009 3968 usque
1036 3885 1070 3950 in
1102 3890 1247 3950 castrum
1270 3880 1423 3981 dictum

298 4055 327 4120 1)
314 4053 506 4122 )Cunigunde
532 4055 637 4108 tochter
659 4056 756 4174 kdnip
766 4053 895 4135 Philipps.
941 4057 972 4120 2)
995 4053 1068 4108 Elise
1091 4054 1199 4108 tochter
1222 4053 1299 4120 konig
1321 4047 1372 4101 Plri-

261 4120 331 4191 lips
355 4121 489 4176 vermthlt
513 4124 560 4176 mit
583 4123 719 4176 Ferdinan
762 4123 845 4192 kdnig
863 4140 917 4177 von
936 4121 1065 4176 castillon
1084 4123 1138 4176 und
1157 4125 1240 4178 Leon.
1275 4115 1371 4186 3Jodcr

288 4196 421 4242 arnesten.
