2950 4836
264 151 332 217 552
627 177 818 226 aeannnnuus
841 176 1029 226 suranensis.

183 330 249 384 raca
267 333 428 384 summurn
444 315 635 404 pontiiicem
660 315 760 384 trater
776 315 936 384 Nicotaus
955 314 998 383 de
1020 313 1134 384 ordine
1153 313 1399 384 Predioatorum

264 415 446 502 episcopus
464 411 658 482 Hostiensis
674 419 709 482 et
725 420 867 482 vocatus
886 419 939 481 est
956 411 1168 482 Benedictus,
1203 410 1272 494 Qui
1290 411 1399 481 lavore

265 512 398 580 fratrum
416 509 540 580 ordinis
558 513 610 581 sui
627 511 729 583 multa
752 529 818 598 que
834 510 1004 600 predictus
1022 510 1215 579 Bonisaoius
1235 529 1328 598 papa
1343 529 1399 598 pro

264 607 446 680 concordia
463 609 543 678 cleri
569 615 728 699 exparte
752 627 837 698 una,
864 615 898 677 et
914 608 1160 678 Predioatorum
1184 615 1219 677 et
1236 609 1400 677 Minorem

265 707 415 778 ordinum
434 707 569 776 fratrum
587 727 630 776 ex
647 709 751 777 altera
768 712 946 798 statuerat,
972 709 1146 795 repentino
1174 707 1323 776 oonsilio
1347 726 1400 774 re-

264 807 426 896 tractavit,
444 812 481 873 ut
497 811 589 894 petet
604 805 705 876 inira:
731 805 824 874 later
842 809 978 874 cunctas
998 805 1236 874 sollicitudines
1257 809 1401 886 nostrus,

264 906 300 974 iu
316 904 412 972 litera
430 922 494 992 que
509 903 650 974 ¹interius
669 923 744 973 curn
762 905 835 972 aliis
853 905 957 972 literis
972 905 1185 972 caminetum·

339 999 438 1070 Anno
465 1001 590 1071 domini
615 1003 781 1072 mecaiiii.
800 996 810 1039 ¹
847 1000 1003 1070 Albertus
1019 1001 1243 1070 Romanorum
1261 1020 1324 1070 rex
1340 1020 1403 1070 ve-

268 1102 365 1169 niens
384 1100 428 1168 ad
441 1101 700 1190 impugnandum
718 1118 832 1187 regem
849 1099 1009 1170 Bobemie
1029 1100 1252 1170 Weneztaum
1269 1105 1403 1168 castra-

266 1204 409 1267 metatus
435 1204 488 1268 est
510 1217 615 1290 prope
632 1199 847 1287 Ratisponam
865 1197 955 1286 apud
984 1199 1087 1288 ripam
1104 1197 1234 1285 Regen.
1266 1199 1312 1267 Et
1329 1204 1403 1266 tau-

267 1297 343 1366 dem
364 1298 530 1366 transiens
548 1297 715 1367 civitatem
731 1296 948 1385 Ratisponam
974 1301 1008 1365 et
1026 1296 1067 1364 de
1082 1298 1248 1386 permissu
1269 1294 1403 1365 Ottonis

267 1395 362 1464 ducis
381 1396 532 1464 Bawarie
556 1398 681 1484 rapinis
708 1400 742 1463 et
767 1393 931 1465 incendiis
949 1411 1017 1463 non
1035 1395 1165 1464 modica
1186 1395 1232 1463 ibi
1259 1394 1405 1483 dampna

268 1493 354 1562 lecit.
380 1493 422 1562 Et
438 1496 604 1582 processit
619 1511 739 1563 versus
753 1491 929 1582 Austriam,
946 1493 1101 1562 euntibus
1120 1511 1235 1562 secum
1252 1495 1288 1562 in
1307 1511 1405 1561 exer-

267 1593 351 1660 citu:
379 1591 632 1678 saltzburgensi
649 1592 921 1680 archiepiscopo,
939 1591 1147 1677 Frisingensi
1164 1591 1405 1680 Ratisponensi

267 1690 458 1758 Pataviensi
483 1689 693 1776 Augustensi
718 1690 866 1778 Spirensi
899 1695 932 1757 et
956 1689 1192 1782 Herbipoiensi
1218 1691 1404 1778 episcopis,

268 1785 392 1855 0ttone
424 1793 458 1855 et
494 1787 638 1857 Rudclto
679 1788 820 1858 ducibus
852 1788 1028 1877 Bawarie,
1069 1786 1112 1855 de
1146 1787 1330 1876 Hirspercb
1363 1787 1405 1856 de

153 1923 157 1934 ·
269 1883 393 1972 Oeting
410 1885 704 1962 deWirtenbereb
728 1885 770 1955 de
787 1883 966 1954 Haierloeb
987 1884 1029 1953 de
1047 1884 1246 1954 Hohenloeh
1271 1887 1408 1954 eomiti-

269 1984 332 2054 bus
338 2036 348 2073 ,
367 1990 401 2052 et
418 1985 492 2052 aliis
510 1985 669 2073 pluribus.
702 1984 851 2052 Veniens
868 1986 969 2070 igitur
984 1985 1019 2052 in
1038 1983 1140 2052 Lincz
1157 2002 1217 2074 per
1232 1985 1408 2071 navigium
1469 1957 1470 2032 ¹

270 2084 422 2150 transivit
445 2100 518 2168 oum
536 2087 607 2152 toto
626 2083 774 2152 exercitu
793 2083 980 2152 Danubium
1000 2086 1033 2150 et
1049 2082 1183 2150 intravit
1199 2082 1406 2151 Bobemiam.

269 2181 311 2249 Et
336 2181 369 2248 in
395 2180 511 2248 eadem
537 2183 706 2269 prooessit
725 2181 889 2250 hostiliter
913 2198 1022 2268 usque
1046 2179 1089 2248 ad
1107 2181 1237 2266 argenti
1255 2179 1407 2249 fodinam
1472 2215 1473 2286 p

271 2296 336 2366 que
354 2277 472 2346 dieitur
490 2279 651 2369 Chutten,
674 2278 853 2348 intendens
880 2278 1022 2348 eundem
1046 2279 1156 2346 locum
1182 2279 1237 2366 qui
1256 2278 1408 2347 abundat
1473 2301 1474 2384 p

271 2376 393 2446 divitiis
412 2395 614 2465 expugnare.
640 2379 765 2446 Mansit
782 2384 892 2446 autem
908 2379 943 2445 in
961 2375 1136 2445 obsidione
1153 2377 1242 2445 iliius
1258 2375 1302 2446 ad
1322 2395 1408 2464 qua-

271 2481 346 2543 tuor
373 2474 464 2564 dies,
496 2482 530 2543 et
546 2475 681 2544 tandem
704 2475 825 2544 abinde
850 2476 993 2543 recessit
1001 2527 1011 2564 ,
1042 2475 1134 2542 nulla
1150 2476 1407 2563 impugnatione

271 2571 315 2640 ibi
333 2571 430 2662 lacta,
449 2579 483 2640 et
499 2592 559 2661 per
574 2576 670 2644 aliam
683 2575 770 2642 viam
788 2591 861 2641 cum
880 2575 1028 2642 exercitu
1044 2574 1078 2640 in
1096 2570 1264 2641 Austriam
1282 2579 1338 2642 est
1355 2591 1407 2640 re-

271 2689 401 2739 versus.
429 2672 587 2740 Traxerat
610 2673 698 2740 enirn
716 2689 840 2740 moram
857 2672 891 2738 in
909 2671 1067 2740 bohemia
1094 2670 1137 2738 ad
1163 2689 1225 2739 sex
1243 2673 1408 2760 septima·

272 2787 334 2837 nas
351 2769 405 2836 vel
423 2769 523 2857 paulo
541 2773 666 2860 minus,
694 2776 728 2839 et
744 2769 868 2838 nullum
886 2775 1046 2858 castrum,
1072 2769 1137 2836 imo
1155 2787 1220 2838 nec
1238 2771 1408 2838 civitatem

272 2868 413 2954 aliquam
434 2871 656 2958 expugnavit,
676 2869 754 2956 quia
771 2887 830 2936 rex
846 2868 1004 2936 Bobemie
1022 2868 1222 2936 munitiones
1241 2886 1325 2936 suas
1345 2870 1408 2934 mi-

272 2965 363 3033 liturn
382 2971 415 3033 et
432 2965 627 3036 bellatorum
645 2965 850 3035 multitudine
869 2971 902 3034 et
914 2966 1140 3054 alimentorum
1158 2967 1260 3054 copia
1274 2965 1407 3044 abunde

273 3065 466 3152 muniverat,
485 3067 531 3132 ita
549 3065 640 3152 quod
658 3066 732 3132 sine
750 3064 852 3132 multa
870 3070 982 3150 strage
999 3081 1067 3132 non
1084 3069 1240 3153 poterant
1258 3065 1409 3156 obtineri.

272 3160 314 3228 Et
330 3159 550 3229 Romanorum
574 3181 650 3252 rex,
678 3168 880 3252 exspectans
905 3161 1052 3250 quotidie
1074 3179 1152 3230 oum
1177 3161 1301 3230 eodem
1328 3179 1407 3247 rege

276 3256 475 3348 conflictum,
493 3260 599 3328 noluit
617 3262 714 3348 quasi
733 3260 776 3329 ad
792 3266 977 3349 promptum
989 3260 1170 3348 periculum
1189 3259 1273 3328 suos
1292 3261 1408 3328 milites

275 3375 456 3447 exponere,
476 3356 537 3426 sed
554 3359 739 3426 incolumes
758 3376 821 3427 suo
840 3357 1007 3427 conflictui
1025 3375 1206 3452 reservare.
1232 3358 1406 3426 Predietus

275 3457 379 3522 eciam
409 3473 469 3523 rex
493 3456 652 3525 Bohemie
685 3456 727 3525 de
754 3457 848 3524 terris
876 3455 1071 3524 Alamannia
1095 3457 1235 3524 Polonie
1262 3456 1407 3525 Saxonis

275 3552 440 3622 Michsnie
460 3560 494 3621 et
509 3554 771 3623 Brandenburch
786 3555 887 3623 murlta
904 3554 1018 3622 militia
1035 3553 1228 3644 iurabatur,
1252 3555 1302 3622 itu
1321 3552 1408 3641 quod

276 3651 446 3720 dicebatur
469 3651 591 3721 habere
615 3655 649 3720 in
674 3654 822 3721 exercitu
846 3652 963 3720 decem
979 3652 1068 3720 milia
1085 3669 1283 3739 magnorum
1302 3669 1406 3740 equo-

275 3767 345 3816 rum
363 3767 437 3817 cum
455 3751 623 3840 militibus,
643 3757 677 3819 et
693 3751 831 3819 aliorum
849 3751 1052 3838 equestrium
1071 3755 1103 3818 et
1115 3749 1319 3838 pedestrium
1334 3750 1404 3838 plus

277 3864 374 3938 quam
401 3855 532 3917 centum
554 3849 643 3916 milia
666 3849 878 3937 bellatorum,
906 3853 940 3917 et
964 3865 1024 3937 pro
1049 3848 1224 3936 stipendiis
1250 3846 1405 3937 expendit

276 3943 420 4012 ducenta
438 3947 526 4015 milia
551 3964 733 4016 marearum
757 3947 896 4038 argenti.
931 3947 1087 4015 Preterea
1110 3964 1169 4015 rex
1186 3945 1405 4016 Romanorum

276 4039 370 4113 duxit
387 4060 500 4111 secum
522 4041 636 4132 regem
654 4047 816 4135 Ungarie,
844 4046 901 4133 quui
925 4045 1039 4113 habuit
1062 4045 1185 4114 multos
1204 4045 1359 4132 Ungaros
1376 4048 1405 4111 ct

312 4153 341 4218 l)
360 4151 493 4209 moeniti.
511 4151 582 4207 stebt
600 4153 733 4222 rrurichtig
751 4152 793 4210 bei
812 4152 842 4210 G.
1061 4149 1064 4156 ‘
