2886 4834
262 133 331 200 100
630 159 757 206 rrurrrs
780 159 1019 208 rueeurrruursrs.

175 312 241 365 troo
258 301 439 387 episcopus
457 297 714 384 Argentinensis
733 299 861 385 capitur
875 318 893 366 a
909 297 1106 386 quibusdam
1120 298 1390 366 ministerialibus

257 398 407 466 ciusdem
426 398 578 464 civitatis

330 495 429 564 Anno
448 495 569 564 domini
588 513 710 564 mono.
724 497 901 583 imperator
914 497 936 563 F
940 495 1098 566 ridericus
1107 493 1292 583 'assumpsit
1305 497 1390 563 elra-

255 602 414 663 racterem
433 597 557 680 crucis,
584 600 616 662 et
633 613 694 682 per
711 600 849 683 terram,
877 613 946 663 non
964 614 1023 682 per
1041 614 1145 684 mare,
1173 613 1247 662 oum
1265 614 1388 682 magna

255 693 460 762 multitudine
479 693 522 760 ad
539 693 766 760 liberationem
793 699 876 761 terre
902 701 1018 764 sancte
1036 695 1212 782 processit.
1254 695 1293 762 Et
1311 713 1387 761 curn

256 800 349 862 esset
365 790 564 860 inrlrmenia
583 792 714 860 obiitin
734 791 875 878 quadarn
894 811 992 882 aqua,
1011 812 1075 880 que
1094 800 1233 861 vocatur
1243 793 1388 882 Ferrum,

255 892 449 960 submersus
469 898 501 958 et
517 890 694 958 Antiocbie
714 892 876 979 sepultus
910 891 1037 960 Eodem
1061 909 1149 958 anno
1175 911 1235 960 rex
1253 891 1389 960 Heinri-

255 1009 334 1080 cus,
361 990 447 1058 lilius
466 989 620 1057 Friderioi
638 991 844 1077 imperatoris
863 990 961 1080 buius
971 1043 981 1080 ,
1010 1009 1082 1058 cum
1102 992 1249 1058 exercitu
1266 992 1301 1058 in
1319 991 1386 1058 lta-

253 1091 329 1158 liam
348 1087 517 1177 proiectus
544 1095 596 1156 est
621 1095 688 1156 tum
706 1105 764 1176 pro
790 1089 954 1176 imperiali
975 1088 1208 1160 benedictione
1233 1095 1302 1157 turn
1327 1107 1387 1176 pro

253 1190 346 1274 regni
364 1185 484 1276 Apuiie
503 1187 730 1275 susceptione.

328 1285 427 1355 rinno
446 1285 569 1354 domini
587 1287 733 1354 monci.
761 1284 915 1354 Clemens
934 1305 1021 1374 papa
1041 1285 1130 1354 obiit.
1164 1287 1223 1354 Cui
1244 1285 1388 1354 Celesti-

253 1404 316 1453 nus
340 1386 399 1472 oui
430 1390 463 1452 ot
493 1385 666 1452 Jaoinctus
692 1386 878 1474 successit,
918 1392 1134 1452 consecratus
1167 1385 1219 1453 dic
1251 1385 1388 1472 pasche.

253 1483 317 1565 Qui
349 1485 453 1552 eciam
484 1485 715 1571 imperatorem
745 1483 933 1552 Heinrioum
965 1484 1114 1552 secunda
1145 1482 1227 1552 soria
1261 1484 1389 1572 pasche

255 1580 340 1674 [apr.
362 1579 425 1672 15]
445 1584 589 1650 unanimi
609 1584 753 1650 omniurn
770 1581 989 1650 Romanorum
1009 1601 1180 1652 consensu
1198 1599 1386 1650 eonsecra-

252 1683 309 1749 vil.
335 1681 461 1748 Eodem
480 1699 568 1748 anno
592 1681 775 1748 Fridericus
795 1680 862 1748 dux
879 1680 1093 1771 Alemannie,
1120 1681 1219 1750 irater
1237 1684 1384 1769 impera-

253 1782 351 1866 toris,
370 1782 404 1848 in
423 1780 598 1848 obsidione
617 1776 771 1847 Acbaron
795 1779 877 1847 obiit
903 1787 936 1847 ct
953 1781 987 1848 iu
1005 1781 1104 1849 domo
1124 1781 1384 1848 l'eutonicorum

255 1881 406 1966 sepultus
429 1886 495 1946 est.
538 1880 599 1947 Pro
624 1896 691 1966 quo
712 1879 885 1946 Cunradus
911 1877 1009 1947 irater
1032 1881 1103 1948 eius
1123 1879 1280 1948 ducatum
1300 1879 1387 1946 Sue-

252 1979 462 2066 vieaocepit.
1002 2056 1004 2063 ,
1063 2045 1065 2050 .

327 2077 426 2145 Anno
446 2078 568 2145 domini
585 2077 765 2144 m.e.xo.vii.
793 2095 866 2144 oum
892 2077 1068 2164 imperator
1094 2077 1181 2144 circa
1205 2080 1386 2160 augustum

252 2169 449 2262 inquodarn
468 2194 601 2244 nemore
611 2229 621 2266 ,
651 2177 686 2243 in
704 2194 771 2262 quo
789 2175 1013 2260 ionteserunt
1030 2174 1251 2262 frigidissimi,
1281 2193 1385 2242 vcna—
1436 2231 1437 2236 ,

254 2277 353 2342 tionis
376 2275 603 2343 delectaretur
629 2276 806 2363 exercitio,
831 2276 864 2342 in
890 2292 957 2361 quo
984 2275 1087 2342 eciam
1115 2275 1276 2340 maximus
1296 2273 1387 2340 eatur

253 2393 312 2461 per
330 2373 433 2462 diem,
466 2380 499 2445 ct
522 2375 588 2442 telo
614 2372 717 2460 frigus
745 2372 835 2461 quod
860 2378 976 2440 terram
995 2373 1074 2458 gelu
1103 2379 1136 2439 et
1162 2373 1280 2459 pruina
1298 2390 1384 2439 con-

254 2474 431 2558 stringeret
449 2471 510 2539 suit
525 2491 586 2560 per
603 2479 746 2563 noctem,
766 2470 909 2559 quadam
922 2478 1021 2540 nocte
1037 2478 1144 2538 tactus
1160 2469 1282 2556 frigore
1298 2472 1385 2538 circa
1435 2553 1436 2558 Ἰ

254 2571 374 2639 testum
390 2571 480 2639 beati
500 2572 583 2639 Sinti
604 2567 698 2661 [aug.
719 2567 758 2661 6]
779 2573 869 2658 oepit
885 2571 1047 2638 infirmari.
1073 2568 1296 2650 Quamobrem
1311 2571 1384 2636 ius·
1435 2579 1436 2594 ¹

255 2672 297 2737 sit
315 2689 351 2737 se
371 2689 479 2758 usque
498 2671 681 2738 Massiuam
700 2671 884 2758 civitatem,
910 2688 974 2756 quc
1001 2669 1130 2738 duabus
1149 2668 1249 2736 dietis
1268 2667 1383 2734 abillo

254 2769 400 2837 distabat
417 2771 515 2854 locor,
541 2769 673 2837 deferri.
715 2767 778 2836 Ubi
796 2768 947 2836 diarrhea
972 2767 1157 2836 infirmitate
1175 2766 1332 2834 laborans
1354 2771 1384 2833 et

253 2871 286 2935 in
305 2869 393 2935 bona
412 2868 628 2936 consessione
648 2873 681 2934 et
694 2866 804 2934 cordis
821 2868 1019 2935 contritione
1043 2865 1147 2954 pridie
1169 2871 1247 2934 onte
1264 2865 1383 2933 festum

255 2969 361 3033 sancti
379 2966 576 3033 blicbahelis
597 2963 701 3056 [sept.
722 2965 786 3052 28]
805 2965 847 3033 de
867 2965 931 3034 boc
950 2966 1066 3034 seculo
1084 2966 1247 3051 migravit.
1434 2947 1435 3030 l

326 3063 425 3132 Anno
451 3065 574 3132 domini
602 3065 795 3132 m.c.xo.viii.
831 3063 998 3152 Philippus
1024 3064 1091 3132 dux
1117 3065 1260 3151 Saone,
1287 3063 1384 3130 irater

253 3163 398 3230 Heirrrici
416 3163 573 3252 predicti,
598 3163 690 3251 apud
707 3161 926 3231 Frarrlrcniurt
949 3163 990 3230 ab
1008 3181 1074 3232 unu
1091 3169 1183 3250 parte
1202 3163 1382 3250 principun

255 3262 383 3330 electus
410 3269 463 3329 cst
492 3265 526 3330 in
550 3281 672 3348 regem.
715 3260 791 3328 Alio
815 3269 925 3330 autern
959 3279 1036 3348 pars
1073 3263 1256 3349 principum
1284 3261 1380 3328 lilium
1433 3303 1434 3330 2

253 3361 398 3428 Heinrioi
417 3361 584 3454 quondam
610 3361 706 3428 duois
725 3360 872 3428 Saxonis
898 3362 1031 3428 nomino
1051 3358 1226 3448 Ottonem‚
1251 3361 1307 3446 qui
1326 3377 1380 3426 co-

254 3478 324 3528 mes
350 3459 410 3527 luit
436 3460 598 3548 Pinario,
626 3477 739 3545 regem
765 3457 930 3546 iecerunt,
959 3466 1059 3545 utque
1086 3458 1226 3526 Colonie
1252 3477 1327 3526 eum
1350 3460 1378 3524 in

253 3577 367 3644 regem
393 3565 567 3628 unxerunt.
615 3555 767 3625 Audiens
794 3562 904 3626 autom
933 3557 1101 3645 Philippus
1134 3558 1225 3643 regis
1250 3554 1377 3624 Ottonis

254 3659 452 3726 electionem
491 3662 661 3726 trecentos
697 3656 817 3723 milites
861 3674 933 3724 oum
962 3657 1072 3724 multis
1106 3657 1180 3724 aliis
1217 3655 1377 3724 scutiieris
1432 3699 1433 3704 ,

253 3753 456 3841 Aquisgrani
482 3757 588 3844 misit,
619 3759 656 3822 ut
679 3771 793 3840 regern
817 3751 975 3824 Ottonem
999 3755 1040 3824 ab
1066 3756 1224 3840 ingressu
1241 3755 1378 3824 civitatis

255 3861 422 3942 arcerent,
449 3856 484 3922 et
506 3855 569 3920 sibi
595 3854 761 3920 civitatem
789 3860 822 3920 et
844 3853 960 3922 sedern
977 3854 1071 3939 regni
1089 3859 1276 3928 servarent..
1317 3848 1377 3920 Sed

255 3949 333 4018 Otto
351 3970 410 4019 ren
428 3969 501 4019 curn
527 3954 596 4019 suis
614 3951 820 4019 adiutoribus
839 3953 945 4038 ipsam
964 3953 1130 4020 civitatem
1149 3950 1284 4020 obsedit
1302 3957 1334 4020 et
1349 3953 1377 4018 in

255 4055 403 4138 ternpore
421 4049 542 4119 messis
561 4051 766 4138 crepitatque
791 4051 825 4117 in
851 4050 933 4122 sedo
958 4052 1053 4137 regni
1070 4049 1178 4118 triduo
1197 4051 1306 4139 sedit,
1333 4052 1377 4137 ip-

255 4167 393 4236 samque
413 4151 582 4218 civitatem
598 4147 749 4216 tideiibus
769 4150 840 4216 suis
858 4149 1110 4218 custodiendam
1122 4149 1302 4217 commisit.
1329 4149 1376 4216 ln·
