2878 4834
253 197 324 264 262
619 221 810 272 cmmrsrmnos
830 221 1022 272 moeunmucs.

250 363 286 430 im
306 363 454 432 claustro
478 363 652 431 llberbucb
676 363 801 432 ordinis
829 363 1080 454 cisterciensis,
1106 364 1162 450 (pri
1181 363 1290 450 ipsum
1312 358 1375 428 Ar·

249 461 386 530 meldum
403 479 463 549 pro
481 465 552 530 suis
571 463 768 532 excessibus
787 477 868 550 sepa
886 464 992 530 literis
1010 463 1137 552 arguit,
1157 467 1191 530 et
1208 463 1375 528 immlmam-
1427 461 1428 492 ³

251 562 295 628 tiu
328 562 477 648 pericula
508 563 678 630 intimavit.
710 563 787 630 Erat
817 561 961 648 quedam
984 569 1102 630 sanata
1127 564 1223 646 virgo
1249 561 1375 628 nomime

192 703 194 707 -
251 659 484 751 Hildegardis,
516 677 581 748 pue
605 677 666 748 per
690 657 838 748 spiritum
858 658 941 728 vidit
957 663 1065 750 ipsum
1083 658 1268 728 Arncldum
1285 660 1375 726 eitius
1427 647 1428 694 l

250 760 456 846 moriturum;
476 761 654 848 scripsisse
675 773 809 846 quoque
827 759 946 828 dicitur
963 761 993 828 ei
1008 762 1041 828 iu
1062 761 1126 828 bec
1140 756 1260 828 verba:
1278 758 1377 824 Potor
1427 761 1428 793 l

248 859 403 943 prospice
430 856 503 941 tldt,
533 858 667 926 combas
691 861 775 925 cutm
795 863 873 925 sumt
894 859 995 942 fomes
1017 858 1193 940 abstracti,
1215 857 1376 942 autima-
1427 850 1428 854 ’

251 961 394 1042 quantor
412 961 450 1024 te.
478 957 553 1024 Non
575 963 684 1025 autem
705 959 873 1044 acquievit
886 960 1019 1026 monitis
1039 957 1234 1044 aliquorum.
1427 949 1428 994 l

325 1054 456 1123 Accidit
473 1062 509 1124 ut
528 1058 563 1124 im
587 1056 702 1142 uigilia
726 1057 862 1124 loannis
879 1057 1026 1146 Baptista
1043 1063 1123 1145 post
1142 1052 1315 1144 prandium
1337 1053 1374 1121 do
1427 1048 1428 1093 ³

251 1153 397 1242 quodam
420 1155 544 1243 oppido
569 1157 697 1242 bingen
721 1156 846 1224 civitati
861 1155 1113 1243 blagumtimemsi
1130 1155 1376 1243 appropinqua·
1427 1148 1428 1214 ἐ

250 1259 319 1343 ret,
339 1271 378 1320 ac
396 1272 433 1322 sc
451 1256 484 1320 im
504 1255 650 1323 claustro
669 1254 903 1322 monachorum
928 1257 1020 1324 iuxta
1036 1272 1148 1340 muros
1173 1254 1314 1322 civitatis
1339 1251 1376 1318 ud
1427 1265 1428 1291 t

252 1358 403 1419 sanctum
428 1351 591 1420 lacobum
615 1355 648 1420 im
676 1358 787 1420 moute
813 1355 989 1442 specioso,
1015 1355 1064 1421 sio
1085 1354 1172 1420 emim
1191 1351 1325 1440 dicitur,
1343 1367 1375 1418 se
1427 1347 1428 1392 l

251 1451 387 1518 locaret.
415 1452 454 1518 Et
472 1467 551 1519 ecce
568 1452 848 1539 Magantlnonsas
862 1469 969 1540 usque
985 1455 1018 1520 im
1034 1453 1214 1520 crastinum
1231 1466 1311 1518 sese
1327 1467 1375 1515 ar·
1427 1447 1428 1493 l

251 1554 357 1638 mant,
393 1556 427 1616 et
451 1553 674 1640 constituunt,
707 1560 742 1618 ut
770 1553 899 1619 cumin
925 1554 1001 1640 ipsc
1027 1551 1080 1618 die
1103 1551 1240 1618 loannis
1265 1545 1374 1638 [1160
1427 1548 1428 1593 l

166 1733 170 1740 .
252 1648 320 1714 iuni
340 1645 404 1739 bb]
425 1649 538 1717 andita
558 1649 655 1716 luerit
669 1665 846 1740 campana,
867 1649 1005 1738 quilibet
1022 1653 1064 1718 sit
1079 1657 1227 1738 paratus.
1252 1648 1295 1715 Et
1313 1645 1375 1714 lac·
1427 1647 1428 1692 ³

252 1753 320 1814 lum
341 1753 394 1814 est
411 1749 466 1815 ita.
494 1748 592 1816 Venit
614 1749 703 1838 dics,
723 1756 756 1816 ct
772 1752 932 1817 maturius
950 1750 1050 1818 solito
1072 1747 1238 1836 prandent
1256 1763 1374 1832 ommes,
1427 1745 1428 1789 ἒ

252 1847 403 1934 pulsatur
421 1861 600 1937 campana,
620 1855 653 1916 ct
670 1865 690 1915 a
707 1851 849 1916 maximo
867 1850 1026 1936 usquein
1043 1849 1210 1914 minimum
1228 1847 1376 1913 universa
1427 1849 1428 1890 l

252 1946 371 2012 civitas
391 1953 626 2032 congregatur.
652 1947 768 2015 Presul
785 1945 953 2016 Armoldus
974 1963 1011 2015 se
1031 1949 1096 2014 iam
1114 1946 1253 2014 dederat
1271 1943 1375 2032 quieti,
1427 1948 1428 1990 ³

253 2049 288 2110 el
304 2044 417 2112 audito
435 2057 596 2134 campane
616 2047 728 2114 sonitu
745 2047 828 2114 ultra
849 2063 946 2133 uuam
966 2046 1054 2114 credi
1074 2047 1185 2133 possit
1200 2043 1378 2130 vehemens
1427 2040 1428 2044 ’

252 2149 304 2210 ter
323 2145 474 2231 expavit,
503 2151 537 2211 el
562 2146 658 2212 timor
679 2146 771 2212 irruit
798 2159 899 2233 super
921 2162 1013 2234 eum,
1032 2147 1226 2231 amissoque
1246 2142 1374 2210 rationis
1427 2147 1428 2192 l

253 2241 500 2332 gubernaclis,
520 2243 599 2330 quid
617 2250 735 2332 posset
752 2243 863 2312 lacere
878 2244 1065 2330 ignorabat.
1082 2241 1258 2310 ¹Obstruuit
1274 2245 1374 2308 autem
1427 2248 1428 2292 l

254 2341 460 2430 repagulum,
476 2349 510 2408 ct
524 2342 692 2430 lapidibus
709 2344 852 2429 ellignis
861 2343 1122 2431 quibuspolerat
1131 2343 1253 2409 ianuas
1267 2355 1374 2408 omnes
1427 2347 1428 2390 t

253 2441 446 2506 monasterii
460 2443 639 2508 memorali.
658 2441 766 2509 Turba
783 2449 891 2510 autem
905 2443 1040 2509 turbela·
1051 2459 1093 2509 ex
1106 2439 1252 2508 adverso
1267 2454 1372 2506 ommes

252 2545 367 2628 portas
386 2545 420 2606 et
435 2538 613 2629 fenestras>
632 2539 685 2607 vel
704 2555 925 2628 quoscunque
943 2543 1028 2608 allos
1040 2532 1154 2608 verr'itus
1172 2535 1372 2623 observabat

254 2653 296 2704 me
324 2635 483 2705 euaderet
506 2653 605 2726 quem
634 2641 826 2726 querebant.
852 2641 921 2708 lam
942 2641 1062 2725 ignem⁴
1079 2637 1122 2706 ad
1143 2638 1296 2706 ollioimas
1316 2634 1372 2701 ud·
1427 2645 1428 2686 l

252 2737 442 2804 movebant.
469 2734 534 2804 Vix
554 2741 589 2805 et
610 2753 682 2804 oum
702 2737 803 2806 multa
819 2738 1012 2807 dllllcultate
1036 2737 1189 2805 monachi
1212 2749 1370 2804 recessum

252 2835 477 2903 obtinuerunt.
503 2837 544 2904 ut
559 2837 636 2904 dum
653 2837 890 2906 monasterium
907 2837 994 2905 bimo
1013 2837 1156 2925 plenum,
1176 2835 1370 2918 llammisque

251 2951 311 3021 per
331 2935 502 3002 circuitum
524 2943 742 3026 premeretur,
761 2935 834 3024 ipse
856 2937 969 3024 presul
985 2937 1095 3002 turrim
1117 2935 1306 3002 monasterii
1321 2948 1370 2996 as-

252 3031 420 3122 cendens,
445 3035 702 3102 misericordiam
725 3033 998 3125 deprecatur,·el
1014 3035 1043 3102 si
1063 3050 1161 3122 quern
1186 3031 1370 3100 offendisset
1427 3041 1428 3104 l

252 3131 428 3199 verbovel
451 3131 538 3200 lacto
561 3133 805 3202 satisfacturum
830 3151 868 3202 sc
889 3135 1082 3222 suppliciter
1102 3131 1287 3221 pollicetur.
1312 3125 1368 3196 Sed
1425 3159 1426 3162 ¹

252 3228 363 3318 turbu,
390 3232 464 3300 viso
488 3232 662 3322 pontifice,
691 3232 831 3300 clamare
859 3233 1110 3320 cepltluriose,
1138 3249 1202 3298 meo
1229 3229 1369 3318 poteraut

253 3330 473 3417 supplicantis
503 3331 608 3398 verba
635 3347 693 3420 pre
721 3333 861 3399 tumultu
890 3332 1019 3399 turbate
1042 3331 1139 3398 turbe
1163 3329 1303 3414 intelligi
1323 3322 1367 3391 vel

252 3427 366 3496 audiri.
394 3429 461 3497 Sed
484 3429 618 3498 admoto
636 3432 715 3516 igne
735 3429 777 3498 ad
797 3433 909 3498 turrim
926 3432 960 3498 im
982 3447 1047 3518 pua
1066 3430 1196 3518 stabul,
1215 3430 1319 3516 ipsum
1334 3422 1367 3490 de

252 3529 329 3594 turri
348 3527 556 3596 descendere
578 3530 832 3616 compellebant.
858 3530 1003 3598 Flamma
1023 3531 1086 3597 iam
1103 3527 1302 3596 monasterio
1315 3522 1367 3591 do-

254 3627 403 3694 minatur.
431 3628 558 3695 Videns
584 3645 665 3714 ergo
687 3629 871 3696 monachos
893 3630 1029 3696 obtenta
1054 3629 1233 3695 securitate
1255 3625 1366 3693 absce-

254 3723 335 3792 dere
344 3777 354 3814 ‚
373 3732 480 3793 tentat
498 3729 526 3793 si
544 3726 627 3795 torte
645 3733 677 3794 et
694 3725 767 3814 ipse
787 3743 860 3794 curm
875 3728 924 3794 eis
943 3733 976 3795 el
989 3729 1073 3794 inter
1092 3743 1153 3794 eos
1171 3725 1281 3814 possit
1295 3737 1366 3789 eva-

254 3821 344 3890 dere.
370 3823 551 3914 Assumpto
572 3828 685 3913 itaque
699 3823 813 3894 babitu
829 3828 1014 3894 monastico
1036 3826 1322 3908 occultaritemtal,
1339 3821 1367 3883 ul

255 3927 289 3987 ct
303 3921 415 4006 ignem
432 3927 488 4010 qui
507 3925 709 4013 invaluerat,
729 3931 762 3992 et
781 3925 927 4011 gladium
945 3923 1103 3993 evaderet
1123 3941 1222 4012 quem
1239 3918 1365 3988 timebat

254 4017 388 4107 alpertis
402 4023 549 4090 ecclesie
565 4025 672 4091 valvis
692 4041 764 4092 cum
784 4025 958 4092 monacbis
981 4024 1049 4092 lere
1065 4023 1288 4090 abscesserat.
1309 4011 1364 4083 Scd

255 4118 438 4204 aquodam
461 4126 513 4186 csl
538 4124 694 4207 cognitus
717 4131 749 4191 et
772 4123 928 4190 detentus
957 4121 1080 4190 infelix.
1112 4119 1252 4201 Quidam
1275 4116 1363 4205 primo

255 4217 400 4302 gladium
421 4216 575 4308 vibrans,
600 4220 687 4288 collo
710 4223 873 4310 episcopo
894 4223 1061 4290 immersit.
1099 4219 1194 4288 Alter
1216 4220 1250 4286 in
1273 4215 1364 4283 iromto
