2886 4834
388 227 550 276 canomreom
573 227 778 276 comunarersa.
1103 199 1146 268 73

36 367 232 455 praedamnatae·
246 368 348 434 mostra
370 367 489 434 vellent
505 385 566 435 aros
584 368 731 454 probiter
740 365 959 452 per·turbore,·
971 369 1058 435 verret
1078 369 1143 454 ipa·-
1164 377 1228 435 1293

36 475 76 536 tur
93 471 126 533 ut
150 467 221 550 ipse
243 464 334 532 mobis
364 469 397 532 et
423 482 484 534 mos
506 468 535 533 ea·
555 467 746 548 fidelitatem
766 467 950 532 iuramento
970 467 1148 548 firmemus.

36 565 206 632 Subiunxit:
235 563 353 632 boote
377 581 493 632 mamm
509 568 639 632 vestros
660 568 693 632 et
714 565 842 631 iurata!
867 562 965 645 Quod
990 572 1024 634 et
1052 563 1147 634 iaaa-

40 670 106 732 runt.

92 772 214 841 Videns
226 773 378 842 dominus
388 773 431 842 de
446 773 652 863 Rapoltstain
662 791 790 863 pauoos
805 773 997 843 fidelitatem
1005 779 1147 865 iurasse,

38 873 182 958 magistris
207 871 393 940 munitarum
417 875 573 962 praeipit,
594 879 631 941 ut
653 890 734 941 suos
759 873 912 958 singulos
942 873 985 941 ad
1015 874 1149 960 singula

39 973 96 1040 loma
111 976 283 1058 uocarent,
306 971 459 1058 aquibus
481 973 624 1058 singulis
644 973 739 1060 petiit
761 970 900 1039 fideliter
915 973 1024 1040 iurari.
1052 971 1150 1053 Quod

39 1070 110 1136 mrdti
122 1067 274 1136 iecerunt
290 1070 394 1138 inviti.
409 1069 627 1159 Expelluntur
641 1073 696 1158 qui
712 1070 747 1138 id
762 1069 870 1138 faeere
892 1075 1064 1139 recusant:
1084 1073 1148 1138 mi·

37 1169 94 1235 litas
114 1165 289 1235 Rustarius
310 1175 342 1236 et
365 1167 489 1237 domini
505 1169 547 1238 de
567 1169 793 1259 Nortgassan,
813 1175 847 1237 et
863 1187 905 1238 ex
925 1169 1053 1237 nivibus
1069 1169 1149 1258 plu-

39 1285 78 1334 ras
91 1265 205 1334 divites
226 1273 262 1334 et
276 1267 418 1336 honesti.

95 1375 160 1445 Rex
173 1375 320 1446 Adoiius
340 1379 488 1465 reginam
505 1380 674 1450 Brisaoum
688 1381 801 1465 mittit,
816 1382 889 1468 ipse
912 1398 985 1447 oum
1005 1381 1152 1447 exercitu

39 1493 132 1544 marsus
159 1475 335 1545 Coloniam
353 1477 583 1566 proficisoitur.
610 1479 708 1548 Cives
727 1478 1019 1548 Columbarieoses
1039 1477 1151 1546 dorni-

40 1575 211 1662 mioarigilia
227 1576 562 1646 exaltationisCruois
583 1574 686 1668 [sapt.
706 1575 770 1670 13]
789 1580 822 1646 in
839 1583 996 1646 montana
1007 1579 1149 1667 agressi,

40 1675 127 1740 rimam
145 1691 244 1742 suurn
270 1674 416 1743 nondum
439 1684 601 1745 maturum
625 1677 795 1762 eolligunt.
827 1677 989 1746 Dominus
1015 1675 1056 1744 da
1081 1675 1151 1744 Ra-

13 1813 14 1816 =
40 1771 173 1859 poitstein
198 1773 314 1842 viliam
340 1773 548 1842 Turimoheim
570 1775 741 1866 predatur,
770 1793 962 1865 pecoraque
987 1775 1093 1862 abigit
1117 1777 1151 1842 in

42 1869 217 1939 domioilium
234 1889 331 1940 suum
348 1873 462 1942 Wilre.
490 1874 780 1943 Columbariemsas
800 1893 874 1942 oum
892 1874 1017 1961 gaudio
1034 1891 1152 1942 ravar-

42 1975 129 2036 tamtur
151 1975 184 2038 et
207 1989 248 2039 se
269 1979 449 2061 preparant
475 1991 542 2060 quo
568 1973 727 2062 ampliora
749 1975 909 2059 eolligunt
928 1979 961 2042 at
984 1972 1047 2041 sibi
1070 1991 1152 2060 pro·

41 2069 167 2154 spioiant.
827 2133 830 2138 ,

96 2164 161 2235 Rex
181 2165 327 2238 Adoiius
351 2169 415 2238 hee
441 2169 582 2238 audiens
612 2170 810 2240 advoootum
838 2171 1004 2260 premittit.
1036 2167 1099 2237 Hie
1119 2172 1157 2237 im

43 2263 157 2334 siatstat
179 2267 330 2355 plurimis
353 2267 540 2337 hominibus
566 2287 679 2338 seeum
696 2272 894 2360 assumptis,
921 2269 1041 2338 vallem
1060 2267 1152 2336 urbis

13 2399 14 2402 π
43 2381 91 2448 qua
104 2365 161 2433 sub
176 2373 291 2434 eastro
307 2366 469 2436 Hohenao
484 2377 538 2436 est
557 2368 752 2458 ingreditur,
773 2370 868 2438 villas
888 2368 1012 2436 domini
1030 2366 1152 2436 dana-

41 2461 177 2546 poltsteim
193 2466 381 2556 suooendit,
404 2467 557 2536 homines
572 2470 670 2558 capit,
687 2485 809 2557 peoora
822 2468 917 2556 tollit,
937 2485 1010 2535 oum
1027 2465 1152 2552 gaudio

13 2599 14 2602 =
43 2559 124 2650 radit,
138 2563 171 2630 in
189 2563 438 2633 Wintzemheim
457 2572 491 2633 et
513 2563 735 2653 Ongersheim
753 2569 874 2634 exitum
897 2565 1152 2634 columbarien-

44 2658 109 2726 sium
122 2662 332 2748 prestolatur.
361 2664 651 2734 columbariamsas
672 2665 787 2752 egredi
804 2683 871 2733 nom
890 2664 1066 2732 audebant.
1082 2663 1154 2730 Rex

44 2773 100 2824 aum
125 2762 273 2828 exaroitu
300 2759 586 2850 Rappersebmiire
619 2763 767 2855 obsedit,
794 2765 911 2831 vineas
942 2761 1084 2830 destruit
1113 2780 1153 2829 ae

13 2879 15 2946 g
44 2853 148 2925 domos.
173 2859 258 2927 Post
277 2858 349 2928 dies
374 2861 489 2929 daoem
515 2861 755 2931 Colurmbariam
782 2879 900 2931 versus
924 2861 1152 2950 prodoisoitur,

43 2955 283 3026 molendinarum
298 2957 432 3028 ssuviurm
453 2959 581 3029 derivat
597 2961 662 3030 aiio
671 2955 692 3052 ²,
711 2961 846 3049 singula
869 2959 1023 3029 devastat
1043 2965 1154 3048 preter

43 3049 250 3139 leprosorium.
278 3055 484 3127 Civesvailis
499 3062 607 3128 saneti
630 3061 780 3147 Gregorii
803 3059 845 3129 ad
874 3059 977 3128 Wiira
999 3063 1152 3148 pergunt,

45 3152 133 3220 vinum
151 3155 315 3242 eolligunt
331 3163 365 3224 et
379 3157 422 3226 ad
439 3161 573 3247 propria
597 3159 774 3227 dedueunt.
802 3158 1089 3228 columbarienses
1107 3157 1151 3225 li·

47 3255 87 3316 eet
100 3251 229 3342 obsessi
245 3271 287 3322 ax
303 3256 494 3332 vernaomiis
515 3259 634 3344 viginti
653 3260 783 3327 mittunt
801 3257 1024 3326 Wilremsibus
1040 3257 1154 3326 subsi-

47 3345 95 3415 im.
119 3351 214 3421 Cives
226 3353 429 3440 Gregoriane
445 3355 540 3424 vallis
556 3356 707 3446 seeundo
721 3359 858 3426 veniunt
874 3356 916 3424 ad
934 3355 1052 3442 wilre,
1069 3371 1154 3442 quos

46 3445 174 3518 incautos
191 3449 382 3521 Wilrenses
404 3461 438 3522 at
460 3453 750 3525 columbariensas
778 3455 921 3524 obruunt
945 3452 1101 3523 oaoidumt
1123 3459 1155 3520 ot

48 3548 165 3632 rapiunt.
190 3547 387 3620 Advoeatus
409 3557 495 3622 terra
518 3553 685 3623 domimum
706 3555 747 3623 da
766 3553 937 3623 Beroheim
962 3571 1034 3620 ourn
1052 3553 1154 3639 quim-

50 3647 137 3725 gantis
151 3647 339 3717 bominibus
357 3657 472 3720 eontra
490 3651 676 3721 Wiirensas
695 3655 800 3721 mittit.
818 3653 980 3720 Dominus
993 3649 1035 3718 de
1050 3651 1154 3718 Bare-

50 3738 240 3816 baimvailam
261 3751 368 3816 saneti
383 3750 532 3838 Gregorii
547 3755 733 3842 imgressus,
743 3751 826 3820 duas
836 3751 1004 3818 maehinas
1018 3767 1157 3836 magmas

50 3836 156 3927 lapides
180 3847 381 3936 proioiemtes
406 3855 438 3917 et
466 3857 604 3941 oatturn,
634 3849 789 3919 videlieet
810 3851 1062 3918 instrumentum
1091 3865 1157 3936 quo

53 3943 135 4011 turres
158 3944 389 4037 destruuntur,
415 3951 558 4039 aooepit,
587 3949 691 4018 Wiire
717 3949 867 4039 obsedit,
900 3947 1018 4038 pauois
1041 3946 1158 4016 diebus

53 4036 169 4111 obtinuit
192 4053 351 4136 rastrum,
381 4053 414 4114 et
443 4051 615 4117 rastellum
643 4049 788 4118 iunditus
816 4049 942 4117 avertit.
978 4047 1064 4115 Hine
1086 4066 1158 4116 eorm

81 4213 104 4274 i)
120 4230 146 4267 so
165 4216 248 4271 drueir
268 4219 319 4272 und
339 4219 390 4287 hs,
410 4217 547 4275 vialiaicbt
565 4220 666 4274 alveo?
