2886 4834
278 219 326 288 aa
647 243 807 292 cnnomcon
830 245 1045 294 rorsrnrsnsr.

197 401 258 457 rael
279 387 381 454 teroia
405 390 498 472 parte
523 386 574 452 sui
600 383 714 452 habuit
738 390 881 453 castrum
898 383 981 453 forta
1000 387 1034 453 in
1052 384 1163 474 lapide
1182 387 1296 472 situm,
1316 386 1399 471 quod

275 503 343 554 non
366 490 496 572 potarat
521 483 654 552 subfodi
679 502 742 553 nea
767 486 952 572 expugnari
978 486 1051 553 sine
1069 484 1238 554 laboribus
1256 485 1397 551 maximis

276 591 309 652 et
339 584 508 670 expensis
547 581 584 650 ln
616 591 732 671 quarta
757 589 850 671 parte
878 583 1022 651 habebat
1047 584 1176 652 fossam
1198 581 1396 672 profundam,

275 702 400 751 murum
425 681 543 750 fortem
572 688 605 750 et
631 684 750 772 altum,
778 688 905 770 portam
929 688 961 750 et
979 684 1089 750 turrim
1107 699 1171 770 que
1190 699 1258 749 non
1276 688 1397 768 poterat

275 783 415 850 faoiliter
432 782 625 869 expugnari.
651 782 804 849 Habebat
821 781 972 849 homines
990 781 1109 871 lones,
1136 782 1284 868 quinque
1302 783 1398 847 oomi-

275 889 328 950 tes
347 888 381 949 et
398 881 525 947 eleetos
550 897 680 970 eorum,
706 881 761 968 qui
780 882 948 948 exercitati
966 888 1059 948 erant
1076 882 1109 948 in
1126 881 1251 969 preliis,
1271 886 1306 946 et
1322 880 1398 946 alios

276 982 499 1068 quingentoS,
519 981 574 1066 qui
593 981 621 1046 si
639 981 672 1046 in
691 997 809 1067 eampo
822 980 923 1067 plano
937 978 1081 1048 fuissent
1094 985 1127 1047 et
1141 981 1278 1047 oiroase
1294 996 1398 1066 sepem

275 1078 473 1146 habuissent
490 1077 532 1144 ab
550 1078 676 1146 infinita
693 1078 861 1146 hominum
878 1079 1086 1146 multitudine
1104 1095 1183 1146 sese
1202 1078 1326 1145 diutius
1344 1077 1397 1144 de-

275 1178 473 1246 fendissent,
500 1178 573 1244 Rex
596 1183 706 1245 autom
731 1176 877 1245 habebat
902 1178 1052 1246 homines
1071 1179 1207 1265 nimios,
1226 1178 1275 1242 ita
1292 1183 1329 1243 ut
1344 1194 1397 1242 an-

277 1279 358 1365 tiqui
375 1281 489 1364 patres
508 1275 672 1344 diberent:
690 1294 855 1362 nunquam
873 1276 1014 1344 uideant
1030 1277 1129 1344 lolem
1149 1280 1182 1342 et
1196 1279 1326 1342 tontum
1344 1278 1397 1348 ml-

275 1376 380 1444 ltta’um
395 1379 640 1460 oooqraqotum.
676 1375 853 1444 Servorum
879 1382 987 1444 autem
1006 1393 1187 1464 pauperum
1211 1375 1270 1460 qui
1291 1373 1399 1440 dieun-

275 1481 327 1543 tur
352 1474 442 1542 bubii
459 1479 549 1541 tanta
572 1473 632 1542 fuit
652 1473 842 1563 multitudo,
862 1473 953 1562 quod
973 1476 1043 1560 rogi
1066 1473 1240 1542 dicabant:
1270 1472 1397 1540 flumina

276 1575 355 1640 dota
378 1571 470 1640 nobis
495 1589 550 1639 rea
570 1591 632 1658 que
657 1577 734 1640 aunt
752 1575 788 1640 in
814 1575 946 1641 oiottota
973 1577 1007 1640 et
1024 1572 1117 1641 vohis
1140 1590 1215 1639 eom
1238 1570 1399 1638 trademus

276 1674 348 1740 aaa
369 1668 490 1739 fertone
516 1689 558 1738 ao
586 1673 832 1740 detrimentem
857 1676 1003 1740 oestrum
1036 1671 1174 1740 liberum
1199 1673 1397 1756 potestatam.

277 1767 347 1839 Rex
369 1771 432 1839 hoo
447 1773 557 1838 renuit
571 1770 682 1840 faeere
698 1777 734 1839 ut
757 1789 811 1839 ras
830 1773 1034 1839 inimieorum
1060 1788 1195 1840 suorum
1220 1768 1267 1836 ad
1285 1769 1397 1836 libitum

277 1868 476 1939 devastaret.

349 1969 562 2056 Expugnavit
579 1974 688 2036 autem
706 1987 765 2037 rex
782 1969 868 2037 hano
886 1969 1053 2037 civitatem
1069 1986 1129 2056 per
1142 1967 1210 2036 duo
1224 1985 1312 2036 vasa
1326 1983 1398 2035 eon·

275 2087 376 2157 aava,
396 2085 461 2154 qua
475 2066 643 2136 faciebant
656 2067 799 2135 artifroes
814 2069 996 2156 sapientes.
1014 2069 1121 2136 Unum
1138 2084 1199 2135 vas
1219 2071 1329 2134 cottus
1345 2083 1398 2133 va-

276 2168 430 2253 cabatur,
456 2165 546 2233 aliud
563 2183 692 2234 ounoer.
726 2167 828 2235 Erant
846 2167 908 2235 heo
933 2185 1017 2234 vasa
1042 2167 1146 2251 longa
1164 2165 1329 2252 qrradrata
1345 2163 1396 2231 de-

275 2268 378 2334 missa
388 2283 430 2332 ex
448 2267 536 2332 omni
550 2273 643 2354 parte
656 2267 794 2334 latemm
808 2266 923 2333 olausa
935 2283 995 2353 per
1008 2265 1124 2332 aseola
1136 2265 1262 2352 paritor
1276 2271 1310 2332 et
1322 2271 1396 2350 apta.
1434 2283 1435 2326 r

275 2364 368 2431 Vasa
385 2363 448 2430 heo
464 2382 583 2432 versus
601 2371 703 2432 teram
722 2365 846 2433 nullum
864 2365 1029 2431 munimen
1046 2363 1232 2452 habebam,
1255 2361 1317 2431 serl
1331 2379 1396 2428 ver·
1434 2381 1435 2388 ¹

276 2481 335 2530 sus
354 2463 462 2530 oelum
479 2462 521 2530 de
538 2464 661 2531 tabulis
679 2463 817 2554 fortibus
828 2469 861 2530 et
875 2464 995 2551 spissis
1006 2463 1148 2548 etlignis
1162 2463 1396 2550 parvisteotum

275 2562 446 2630 habebant
468 2561 559 2649 quod
584 2563 805 2630 maehinamm
828 2561 957 2649 lapides
984 2563 1113 2629 minime
1132 2561 1314 2628 metuebat.
1346 2559 1396 2626 Par
1433 2613 1434 2622 ,

276 2660 344 2729 duo
370 2666 480 2729 autam
505 2680 588 2730 vasa
606 2667 887 2749 supramemorata
904 2660 965 2728 fuit
982 2662 1099 2728 eivitas
1117 2659 1260 2728 futiliter
1278 2677 1395 2747 expug-

276 2767 366 2828 nata.
393 2759 509 2828 Cattus
533 2761 609 2828 leve
634 2777 696 2827 vas
723 2765 793 2826 erat
811 2765 844 2828 et
861 2758 1000 2828 faciliter
1016 2759 1216 2827 trahebatur.
1245 2757 1327 2827 Cum
1343 2757 1395 2823 hoo

275 2877 339 2927 vas
365 2858 408 2926 ad
424 2860 589 2926 eivitatem
613 2857 734 2927 fuisset
750 2857 955 2948 perductum,
975 2851 1091 2944 signa1
1110 2857 1254 2945 quedam
1271 2874 1329 2945 pro
1345 2873 1395 2943 pe·
1432 2893 1433 2926 ;

277 2957 374 3027 dibus
393 2957 456 3024 sibi
473 2955 631 3047 feoemnt,
649 2963 685 3025 ut
702 2957 744 3025 ad
762 2975 887 3026 mumm
903 2975 963 3044 per
980 2956 1144 3025 fossatum
1160 2961 1307 3044 possent
1324 2953 1394 3022 faci·
1432 2953 1433 3048 l

276 3055 351 3124 liter
367 3056 549 3142 pervenire.
578 3057 616 3122 at
633 3073 707 3123 oum
725 3055 768 3124 ad
785 3074 910 3124 murum
927 3057 1179 3144 pervenissent,
1206 3056 1345 3122 iuvenes
1361 3050 1394 3117 de
1432 3057 1433 3061 ’

161 3209 164 3218 .
278 3155 412 3222 civitate
439 3155 569 3240 egressi
592 3160 681 3223 outto
706 3154 812 3242 perles
837 3154 1049 3223 suooiderunt
1066 3159 1100 3222 et
1115 3156 1149 3224 in
1167 3153 1332 3222 fossatum
1347 3168 1395 3218 aa·
1431 3203 1432 3230 2

277 3253 356 3320 dere
374 3257 566 3339 ooegemnt.
593 3253 642 3321 De
660 3253 725 3321 hoo
742 3272 800 3322 rex
818 3252 878 3322 fuit
895 3271 963 3322 non
981 3251 1144 3320 modinum
1160 3252 1375 3340 perturbatus.

352 3352 433 3419 Post
457 3351 520 3418 heo
542 3370 695 3420 oanmum
714 3352 757 3419 ad
774 3353 939 3420 oivitatom
959 3369 1032 3419 oum
1049 3352 1221 3419 laboribus
1240 3348 1393 3438 perduxe-

277 3456 360 3517 runt.
385 3450 459 3518 Fuit
481 3451 567 3518 enim
591 3467 714 3518 oanoer
736 3452 987 3518 instrumentum
1013 3469 1168 3537 magnum
1186 3449 1272 3517 forte
1290 3448 1395 3536 pariter

279 3555 313 3616 ot
329 3548 565 3637 ponderosum.
591 3549 630 3616 ln
647 3567 689 3618 eo
703 3555 812 3617 antam
828 3555 898 3618 arat
911 3548 1001 3616 trabs
1012 3567 1145 3638 magna,
1159 3549 1282 3636 pariter
1294 3547 1392 3630 longa,
1430 3561 1431 3614 r

277 3649 312 3714 in
329 3665 396 3714 una
413 3653 505 3736 parte
523 3666 655 3738 grossa,
674 3649 708 3715 in
726 3649 828 3716 altera
846 3655 938 3736 parte
956 3667 1068 3736 parva.
1085 3648 1123 3715 ln
1140 3647 1303 3734 grossiori
1315 3650 1394 3732 parta

279 3747 351 3813 sive
377 3748 410 3812 in
435 3747 543 3834 capite
568 3747 629 3814 fuit
651 3746 737 3816 ferro
764 3747 838 3814 forti
856 3746 1057 3816 oiroumdata
1074 3747 1157 3814 etin
1176 3745 1283 3814 fronte
1301 3744 1392 3836 ipsius

278 3845 388 3911 oanori
414 3844 502 3912 ferro
527 3845 707 3914 fortissime
732 3846 899 3933 oolligata.
937 3845 1043 3914 Trabs
1067 3846 1131 3913 hoo
1147 3863 1248 3933 super
1266 3840 1392 3930 quedam

280 3943 496 4012 instrumenta
514 3945 615 4012 iacuit
632 3944 722 4031 quod
740 3943 879 4014 faciliter
898 3951 1092 4014 moveretur.
1113 3943 1177 4012 llio
1195 3960 1314 4012 oaneer
1331 3955 1391 4006 oum

281 4038 322 4107 ad
349 4057 472 4108 murum
497 4044 724 4130 pervenisset,
752 4049 829 4112 ooto
855 4045 889 4112 in
915 4044 1058 4116 oiroulos
1078 4043 1185 4132 quiin
1205 4041 1393 4110 trabearum

281 4135 378 4206 funes
388 4139 613 4230 immisissent,
632 4159 674 4210 ex
686 4143 801 4229 pauois
817 4141 937 4210 iotibus
953 4160 1026 4212 oum
1041 4143 1202 4212 iecissent
1215 4158 1274 4229 pro
1290 4151 1394 4222 magna

316 4247 346 4312 l)
365 4262 395 4299 so
414 4245 499 4300 druclr
517 4247 572 4300 und
590 4247 640 4313 ha,
657 4248 790 4303 Urstisius
806 4249 959 4304 uermulhet
977 4249 1049 4318 ligna
1067 4251 1134 4305 oder
1151 4251 1230 4320 tigna.
