2886 4834
274 175 319 244 26
645 204 775 252 annuens
796 205 1027 252 connumerans

187 367 260 424 ‘rasa
277 373 432 443 magnum
455 363 489 426 61
503 355 625 427 bouum
651 361 685 424 et
705 353 858 426 iratribus
879 355 1147 426 Prcdioateribus
1163 359 1389 429 inconsuetum.

271 454 394 524 Eadem
416 454 471 524 die
493 456 692 546 proscripsit
708 453 861 524 dominos
883 453 926 524 de
945 455 1135 544 Gyrsperch
1161 474 1221 545 pro
1247 475 1289 527 co
1313 461 1389 547 quod

272 553 468 624 occidemut
501 553 656 624 Silridum
677 554 812 622 militem
839 553 881 623 de
912 553 1150 624 Gundolsbeim
1173 555 1390 628 fraudulenter.

271 651 397 722 Eadem
418 656 605 744 septimana
629 654 766 723 occisus
783 658 836 722 est
850 671 963 723 eomes
990 653 1032 722 de
1050 653 1251 746 Hohiubcrc‚
1271 673 1389 744 cogna-

272 758 328 820 tus
343 754 452 844 regis,
482 752 650 823 acivibus
670 752 897 822 Beruensibus
916 753 1089 823 violenter.
1116 754 1304 844 Gyrspcreb
1320 775 1389 824 eas-

272 857 356 920 tmm
379 870 399 921 a
420 851 701 922 colmariensibus
721 851 905 921 obsidetur.
942 852 1066 922 Civitas
1086 852 1301 924 Rotwilansis
1319 871 1390 924 em·

271 953 360 1040 ritur.
387 951 486 1021 Cives
501 953 691 1020 Bcrnenses
704 969 778 1020 cum
793 950 1024 1038 regcRudcllo
1041 957 1301 1041 composuemnt
1316 960 1391 1022 etse

270 1052 305 1120 in
333 1068 427 1120 suam
459 1056 661 1140 potestatem
691 1051 876 1120 voluntarie
907 1050 1120 1120 tradiderunt.
1166 1051 1325 1121 Dominus
1356 1053 1390 1120 de

271 1149 441 1220 Bnldeclre
456 1150 498 1220 de
513 1150 748 1240 procuratione
771 1167 889 1237 areae
909 1150 971 1219 sibi
991 1151 1206 1220 commissae
1227 1152 1317 1238 regis
1334 1151 1391 1220 lilio

238 1239 242 1250 '
271 1253 468 1320 removetur.
508 1251 546 1318 ln
562 1250 730 1318 Treverim
753 1249 958 1337 septingenti
981 1249 1100 1318 iratres
1121 1252 1259 1318 venisse
1279 1250 1321 1318 ad
1343 1269 1391 1318 ca-

270 1349 407 1438 pitulum
422 1348 616 1439 ralemntur,
640 1347 774 1416 fratrum
801 1349 890 1416 servi
909 1350 1056 1418 trecenti.
1089 1349 1242 1418 Castrum
1263 1350 1391 1418 Ermirs-

270 1447 379 1517 buche
404 1446 528 1516 domini
553 1448 681 1516 comitis
702 1447 920 1515 Phirretamm
943 1449 1047 1536 primo
1070 1447 1134 1522 kal.
1155 1449 1230 1517 maii
1254 1467 1274 1517 a
1296 1447 1391 1517 domi-

271 1549 324 1615 nis
338 1601 428 1615 .....
455 1547 606 1635 arripitur
626 1545 860 1615 fraudulenter.
910 1546 981 1615 llex
1002 1543 1123 1633 bug-bc
1149 1545 1305 1620 iratribus
1325 1547 1392 1615 Pre-

272 1645 476 1715 dicatoribus
504 1647 560 1734 qui
574 1651 739 1715 venerunt
757 1646 793 1713 in
809 1646 967 1714 Trevirim
984 1646 1027 1714 ad
1045 1647 1223 1736 capitulum
1246 1647 1393 1734 gencrale
1411 1685 1414 1694 ·

271 1744 375 1814 tribus
392 1745 509 1814 diebus
525 1744 734 1814 abundanter
748 1747 945 1814 necessaria
970 1747 1176 1834 ministravit,
1195 1745 1277 1834 plus
1301 1747 1392 1814 eciam

272 1863 370 1932 quam
395 1838 500 1914 cceo¹
521 1845 556 1912 iu
581 1845 648 1912 illis
671 1846 825 1912 serviens
847 1843 1066 1934 expendebat.
1097 1845 1198 1914 Filius
1221 1837 1314 1931 regis
1333 1844 1391 1912 Rn-

273 1942 352 2012 dollr
378 1950 523 2014 castmm
544 1943 756 2013 Doohinbero
777 1942 910 2012 abbatis
937 1945 1053 2013 sancti
1069 1944 1152 2012 Galli
1176 1941 1323 2013 creditur
1342 1961 1391 2011 en·-

270 2061 451 2132 pugnasse.
477 2037 515 2111 ln
535 2041 735 2112 Lombardia
760 2041 879 2111 iratres
900 2042 1050 2112 Minores
1069 2043 1259 2111 habuerunt
1275 2043 1391 2131 capitu-
1434 2115 1435 2118 ,

270 2142 352 2234 lum,
374 2148 409 2212 61
426 2144 520 2212 venit
534 2143 613 2211 illuc
627 2160 714 2232 papa
728 2141 889 2210 Nicolaus
907 2141 1007 2210 irater
1024 2141 1149 2210 ordinis
1163 2143 1313 2230 ipsorum
1330 2159 1390 2210 cum

272 2240 427 2310 iratribus
442 2241 533 2311 dccc.
549 2242 637 2330 Papa
649 2239 810 2310 Nicolaus
830 2240 1006 2330 expellitur
1019 2240 1061 2309 de
1074 2241 1188 2331 Rama,
1205 2242 1288 2328 quia
1305 2240 1389 2308 lilium

272 2339 383 2410 Caroli
399 2342 434 2408 in
458 2358 573 2428 regem
597 2341 646 2409 eis
675 2339 981 2409 contradicentibus
1005 2341 1232 2430 consecravit,
1278 2346 1311 2408 et
1330 2357 1390 2408 eum

271 2439 329 2509 illo
354 2455 431 2529 pars
457 2457 561 2529 pape;
584 2439 640 2508 ubi
666 2457 709 2508 ex
727 2445 867 2526 utraque
888 2446 982 2528 parte
1007 2439 1083 2528 plns
1111 2457 1208 2526 quam
1227 2439 1391 2526 quingenti

271 2555 409 2608 numero
426 2541 604 2629 perierunt.
629 2538 700 2608 Rex
712 2537 873 2608 Rudollus
893 2537 1021 2607 babens
1040 2537 1107 2607 dno
1125 2538 1227 2606 millia
1243 2555 1391 2626 equorum

270 2638 530 2728 phaleratam,
551 2637 618 2707 duo
638 2637 740 2706 millia
755 2639 920 2727 equitum,
945 2637 1005 2706 tria
1026 2637 1126 2706 millia
1149 2637 1392 2722 balistariorum,
1433 2675 1434 2718 r

271 2739 388 2825 viginti
412 2737 512 2806 millia
533 2738 684 2825 bigarum
706 2755 768 2806 seu
784 2755 952 2827 curruum,
973 2743 1105 2805 centum
1126 2737 1226 2804 millia
1242 2735 1390 2824 peditum,
1433 2777 1434 2800 1

271 2842 389 2904 terram
406 2835 590 2924 ingreditur
611 2836 825 2924 Gallicorum,
847 2840 881 2902 et
894 2835 970 2923 plus
986 2853 1084 2922 quam
1100 2885 1194 2904 .....
1212 2835 1390 2924 Episcopus

271 2935 483 3003 Coloniensis
506 2953 527 3003 a
552 2935 743 3024 captivitate
767 2934 933 3002 liberatur.
973 2933 1045 3002 Rex
1073 2929 1237 3003 Rudellns
1259 2951 1321 3023 pro
1342 2933 1390 3000 tri-

271 3035 363 3120 ginta
383 3033 474 3101 libris
492 3035 623 3120 argenti
637 3051 773 3102 caveam
791 3034 825 3100 iu
841 3033 976 3100 Basilea
996 3033 1050 3102 avi
1065 3034 1209 3122 psittaco
1226 3050 1390 3121 compara·
1432 3074 1433 3117 p

270 3133 325 3200 vit.
349 3131 425 3200 Dux
441 3131 648 3220 Lutteringie
672 3134 763 3222 cepit
782 3133 936 3202 comitem
954 3131 986 3200 S.
1010 3131 1052 3200 de
1067 3132 1232 3201 Friburch.
1258 3132 1390 3221 Episeo·
1432 3175 1433 3218 p

270 3247 335 3320 pus
352 3229 517 3301 Maiensis
539 3234 628 3322 eepit
647 3233 785 3300 comites
802 3230 889 3300 duos
915 3229 957 3299 de
978 3230 1163 3318 biningen:
1189 3231 1389 3300 Terremctus

269 3330 378 3400 lactus
398 3349 466 3400 uno
483 3330 536 3400 die
557 3331 745 3420 quinquies.
769 3330 902 3399 lucluso
918 3331 951 3398 iu
970 3329 1145 3398 llatzental
1165 3347 1203 3398 se
1224 3330 1259 3397 iu
1283 3327 1389 3398 Amer-

267 3431 425 3500 scbwilcr
437 3432 676 3500 transtulerunt
690 3436 723 3498 61
738 3428 860 3498 ibidem
876 3430 1053 3498 claustrum
1072 3435 1339 3517 oonstmxemut‚
1363 3431 1389 3492 et

270 3529 390 3599 codem
407 3547 497 3600 anno
518 3531 553 3598 in
577 3530 722 3618 capitulo
739 3529 937 3598 Trevercnsi
959 3526 1114 3597 iratribus
1135 3526 1388 3597 Prcdioatoubus
1431 3567 1432 3604 r

269 3629 303 3696 in
317 3629 525 3698 Columbaria
540 3630 796 3716 committuntur,
812 3629 846 3695 in
864 3626 951 3696 leste
969 3626 1146 3696 Catharine
1165 3628 1301 3716 primam
1319 3626 1388 3693 mis·
1431 3643 1432 3658 ¹

269 3745 339 3796 sam
354 3730 387 3796 in
401 3747 480 3796 arca
498 3730 629 3818 propria
643 3727 914 3797 decantaverunt.
938 3726 1201 3796 MilitesAlsatie
1217 3726 1388 3814 culparem

270 3831 398 3894 vestem
419 3828 524 3894 tribus
550 3828 647 3896 annis
671 3843 759 3916 pene
790 3825 936 3893 tulerant
959 3831 993 3893 et
1022 3842 1060 3893 se
1082 3825 1310 3911 Nobileringin
1332 3839 1386 3889 no·
1430 3901 1431 3912 χ

270 3925 494 4015 minaverunt,
519 3925 561 3994 ad
587 3927 677 4012 regis
694 3924 896 4014 presentiam
917 3925 1066 3992 citantur.
1092 3925 1224 3993 incluse
1246 3925 1280 3991 in
1295 3922 1386 3990 Sunt-

270 4023 357 4092 bcim
375 4041 484 4092 aream
506 4025 721 4092 in'Gebwiler
743 4030 875 4093 eentum
892 4024 1011 4090 marcis
1027 4029 1266 4112 compararunt.
1293 4021 1386 4088 Sero

270 4139 324 4191 res
340 4122 403 4191 sub
417 4123 500 4192 'lilia
517 4125 651 4192 terciam
672 4123 803 4192 domum
820 4121 956 4190 claustri
975 4123 1026 4190 sui
1042 4121 1253 4210 perfecerunt
1267 4117 1385 4204 magnis

305 4241 335 4305 1)
355 4239 404 4293 der
421 4255 519 4294 namon
537 4239 613 4293 einer
630 4242 783 4294 mduzsorte
802 4240 907 4294 sobeinl
926 4239 985 4294 hier
1002 4257 1035 4294 ao
1054 4241 1153 4298 leblen.
