2946 4828
421 243 582 292 canonicor
605 243 833 292 aaruonurrnsn.
1123 217 1192 286 tet

51 393 108 456 est
124 379 241 455 sanate
256 382 440 473 Elisabeth,
453 390 611 472 presente
624 383 791 452 Friderieo
809 385 1008 472 imperatore
1025 403 1067 454 uo
1085 385 1190 454 tribus
1210 405 1277 462 rate

49 483 530 574 arehiepiseopisbioguntino
545 482 739 552 Coloniensi
757 483 937 552 Bremensi.
964 483 1026 553 Ubi
1045 503 1087 554 ex
1104 485 1192 554 illius

50 585 193 654 ossibus
212 585 322 652 oleum
340 581 588 651 evidentissime
607 581 792 650 desudavit.
809 575 821 618 ¹

128 683 203 752 Hoo
220 699 309 751 anno
327 701 358 750 v.
376 681 440 749 kal.
457 682 596 750 ianuarii
613 681 647 748 in
663 681 765 750 Fulde
778 681 878 749 Judei
895 683 1069 770 utriusque
1087 700 1191 752 sexus

49 784 377 870 trigintaquetuona
404 797 503 848 eruoe
530 781 672 866 signatis
699 779 893 848 Christianis
917 788 995 850 sunt
1019 785 1192 874 perempti,

51 883 214 970 quoniam
232 880 299 950 duo
318 899 361 950 ex
377 879 496 948 iisdem
513 878 632 948 iudeis
657 881 692 947 in
717 887 834 948 saneto
861 880 915 948 die
935 878 1055 950 Christi
1073 883 1193 950 euius·-

52 981 132 1049 dam
152 979 398 1069 molendinarii,
424 986 517 1048 extra
540 995 653 1046 muros
677 978 855 1046 habitantis
881 986 915 1048 et
931 980 1059 1050 interim
1077 982 1111 1048 in
1130 998 1192 1050 eo-

53 1081 163 1150 olesia
181 1096 254 1148 oum
272 1095 376 1148 uxore
396 1096 457 1146 sna
475 1079 648 1166 manentis,
664 1080 810 1166 quinque
827 1096 950 1166 pueros
965 1079 1194 1148 miserabiliter
1313 1131 1320 1138 .

51 1181 309 1268 interemerant,
337 1196 376 1245 au
399 1179 546 1266 ipsorum
572 1178 768 1263 sanguinem
796 1178 830 1245 in
850 1179 964 1246 wsaeeis
990 1195 1067 1247 oera
1090 1179 1193 1247 linitis

52 1283 297 1367 susceperant,
326 1279 474 1365 igneque
500 1275 612 1346 domui
638 1277 815 1364 supposito
841 1275 1051 1346 recedentes.
1091 1279 1193 1346 Cuius

51 1379 103 1446 rei
121 1378 261 1446 veritate
279 1383 447 1465 eomperta
465 1379 499 1444 et
515 1375 557 1444 ab
575 1375 658 1465 ipsis
676 1376 741 1444 reis
759 1374 877 1446 iudeis
896 1375 1069 1467 uonlessu,
1087 1377 1194 1466 puniti

52 1483 137 1545 sunt
153 1482 190 1544 ut
211 1493 311 1564 supra
330 1475 450 1544 dietum
469 1479 529 1544 ost.

134 1573 209 1644 Hoo
235 1593 324 1644 auno
351 1573 437 1643 adeo
465 1572 574 1643 oalida
592 1572 655 1642 luit
679 1573 802 1663 hiems,
828 1579 864 1642 ut
881 1572 936 1641 vix
954 1571 1100 1642 sedeeim
1120 1572 1193 1642 dies

54 1675 222 1762 glaoiales
240 1675 274 1741 in
299 1691 339 1742 ea
357 1675 536 1761 computari
554 1673 739 1764 potuerint,
773 1673 807 1740 in
835 1678 959 1761 quaet
983 1672 1096 1741 audita
1115 1676 1194 1741 sunt

50 1776 200 1842 tonitrua
217 1775 251 1842 vi
267 1772 342 1842 idus
359 1773 475 1842 martii.
795 1769 799 1776 '

132 1870 207 1941 lieo
224 1889 313 1940 anno
332 1872 513 1958 Pragensis
532 1871 764 1960 episcopusin
792 1886 907 1937 mense
924 1876 1073 1955 augusto
1101 1869 1193 1960 obiit,

55 1973 110 2040 oui
127 1967 353 2040 soholastious
371 1969 521 2040 eiusdem
539 1970 685 2039 eeclesia
705 1967 894 2038 suoeedens
913 1969 1051 2058 eleutus,
1069 1967 1193 2036 domini

53 2071 248 2156 Mogurrtini
278 2073 474 2140 auctoritate
498 2067 680 2158 Erphordie
709 2069 743 2136 in
777 2067 921 2136 eoelesia
945 2074 1061 2136 saneto
1088 2066 1192 2136 illarie

53 2170 96 2238 ab
116 2170 171 2238 his
192 2169 295 2237 tribus
321 2167 477 2257 personis
494 2168 614 2236 abbate
636 2168 748 2236 saneti
768 2167 864 2256 Petri,
883 2165 1012 2236 deeano
1032 2172 1066 2236 et
1089 2165 1192 2236 seho-

51 2271 175 2338 lastioo
208 2268 396 2356 supradicte
422 2269 565 2336 eoelesie
586 2265 799 2336 oonhrmutns
819 2273 879 2336 est.

128 2367 231 2436 Anno
246 2367 369 2436 domini
378 2368 602 2436 moexxrnvii,
612 2368 789 2456 imperator
798 2363 1094 2452 Langobardorum
1109 2378 1193 2452 per-

53 2469 201 2534 tinaoem
219 2467 337 2536 videns
364 2467 621 2556 oontumaeiam,
648 2467 765 2534 iterum
789 2466 871 2553 ipsis
896 2482 1051 2550 magnum
1070 2481 1193 2552 super·

52 2565 188 2635 induxit
213 2568 400 2635 exereitum.
434 2565 471 2633 ln
499 2583 565 2652 qua
591 2563 803 2652 expeditione
830 2563 1008 2632 Paduenos
1032 2564 1066 2630 in
1091 2561 1192 2630 dedi-

51 2668 181 2734 tionem
198 2667 333 2755 reuepit,
352 2684 426 2734 oum
444 2663 755 2732 Mediolanensibus
771 2679 851 2731 vero
870 2661 1058 2747 oonlligens
1077 2659 1193 2729 deeem

53 2765 160 2832 millia
184 2765 379 2854 prostravit,
404 2781 445 2832 ae
469 2763 556 2830 mille
583 2762 625 2831 de
649 2761 841 2830 melioribus
866 2761 1019 2850 eaptivos
1046 2758 1193 2848 abduxit,

53 2863 265 2950 victoriaque
283 2867 409 2952 potitus
427 2861 630 2931 earroehium
656 2863 804 2950 ipsorum
823 2860 982 2928 Romanis
1001 2860 1192 2926 transmisit.

132 2960 208 3030 lion
221 2980 309 3030 enno
324 2961 428 3050 pridie
443 2977 550 3030 nonas
566 2961 641 3029 maii
652 2960 733 3048 [mai
745 2959 784 3047 6]
800 2961 833 3027 in
843 2957 1037 3027 Babenbero
1052 2956 1193 3026 dedine-

55 3068 125 3130 tum
144 3066 197 3130 est
214 3063 448 3130 monasterium
474 3059 516 3127 ab
543 3059 595 3128 his
620 3060 806 3149 episeopis:
830 3058 1050 3148 Erbipolense
1067 3058 1192 3146 Eyste-

54 3167 156 3229 tense
174 3159 474 3246 Nuwenburgense
492 3158 794 3246 blerseburgense3
814 3157 947 3227 domino
965 3175 1051 3248 papa
1069 3155 1192 3225 ibidem

55 3275 213 3346 magnum
227 3258 370 3328 iaciente
388 3258 638 3344 indulgentium.
654 3249 667 3294 ²

132 3356 258 3426 Eodem
277 3358 330 3426 die
348 3359 569 3445 Moguntinus
588 3357 630 3424 ab
648 3345 871 3444 imperatore³
895 3355 1111 3444 Erphordiam
1130 3373 1192 3424 ve-

55 3458 156 3524 niens
175 3457 402 3546 sollempniter
427 3475 447 3525 a
473 3457 563 3524 olero
587 3461 765 3543 susceptus
784 3459 845 3522 est.
880 3451 943 3534 Qui
962 3456 1109 3542 proxima
1130 3471 1192 3522 se-

55 3557 173 3642 quenti
192 3555 356 3624 dominioa
373 3557 406 3625 in
425 3555 567 3624 ecelesia
585 3555 693 3622 saneti
710 3555 796 3622 Petri
813 3552 982 3622 Lutollum
999 3553 1031 3620 in
1050 3551 1192 3638 Helber-

55 3654 250 3722 stadensem
269 3662 302 3723 et
319 3653 543 3724 Bernhardum
561 3655 594 3721 in
607 3653 812 3740 Pragensem
827 3653 1037 3720 consecravit
1055 3652 1192 3740 episeo-

55 3772 133 3842 pum
143 3805 154 3843 ,
186 3755 446 3843 cooperantibus
480 3753 545 3822 sibi
569 3754 644 3822 istis
669 3751 877 3841 presulibus:
907 3750 1191 3837 Merseburgonse

91 3928 122 3994 l)
141 3933 311 4006 presente-
325 3927 467 3982 desudavit
490 3930 524 3982 ist
549 3943 598 3983 aus
621 3927 682 3981 dem
700 3927 777 3982 (loni.
796 3925 889 3978 Lemb.
909 3931 1027 3994 enganni.
1064 3927 1095 3992 2)
1114 3923 1191 3977 diese

56 3993 102 4046 sur
120 3993 165 4047 dre
183 3995 338 4064 geschichte
356 3995 405 4049 der
424 3996 558 4052 bauhunst
575 3995 702 4064 wiehtige
721 3993 861 4048 neehrieht
879 4011 933 4047 von
951 3993 999 4046 der
1016 3991 1191 4060 einweilrung

56 4061 103 4116 des
121 4065 257 4118 munstero
283 4081 317 4117 zu
340 4061 463 4119 Bamber'
495 4066 564 4120 wird
581 4063 665 4118 durch
685 4063 746 4116 eine
765 4079 826 4115 vom
845 4061 954 4116 bisehos
967 4060 1119 4130 Engelbard
1138 4077 1190 4114 von

55 4129 212 4210 Naumburg
230 4131 332 4186 daunais
349 4133 377 4186 iu
394 4081 529 4201 Bamffierg
540 4131 699 4186 verliehene
717 4131 859 4198 indulgens
873 4131 1004 4200 bestitigt.
1025 4129 1111 4197 Vargl.
1123 4126 1189 4195 Rrg.
1220 4198 1224 4205 Ι

56 4198 131 4254 Bere.
149 4203 238 4264 2365.
275 4203 306 4268 3)
324 4201 377 4255 den
401 4201 450 4257 der
476 4199 633 4256 erzbischol
651 4198 701 4254 aul
724 4199 786 4253 dem
815 4215 882 4268 euge
902 4199 970 4254 rraoh
989 4196 1131 4255 Oestreieh
1151 4195 1191 4250 bis

56 4267 139 4321 Wiarr
160 4267 287 4337 begleitet
306 4270 388 4326 hatte.
1049 4297 1051 4304 ·
