2884 4834
268 197 337 294 160
637 224 764 272 rrurtrs
787 223 1022 274 wonurrrrnsus

339 364 483 432 Fuerunt
501 363 577 432 clim
598 363 708 430 multis
732 363 932 451 temporibus
951 368 982 432 in
1001 367 1136 434 civitate
1154 365 1400 452 wormaciensi
1433 451 1434 454 ρ

264 462 484 552 quadraginta
503 461 679 552 consules,
698 462 853 530 videlicet
871 465 987 550 viginti
1006 471 1083 532 octo
1100 468 1190 534 eires
1211 472 1245 532 ct
1260 463 1400 534 duode-
1433 491 1434 500 τ

264 565 324 632 olm
344 563 463 630 milites
489 560 631 628 ecclesie
651 561 904 651 ministeriales,
932 563 987 650 qui
1010 580 1069 650 per
1086 581 1123 632 sc
1140 565 1213 632 sluc
1230 565 1398 652 episcopo
1433 601 1434 630 τ

264 668 366 731 totam
399 666 555 728 rexerunt
587 661 761 728 civitatem.
793 661 834 728 Et
854 661 884 728 si
905 679 991 730 unus
1015 661 1160 732 decessit
1186 665 1251 750 ipsi
1275 681 1335 751 par
1357 681 1397 731 se
1433 709 1434 716 κ

264 761 363 828 alium
382 761 641 847 constituerunt,
657 777 772 846 pacem
790 761 892 826 eciam
908 761 1103 830 iudicantes
1129 763 1168 830 Et
1187 762 1250 830 heo
1262 761 1399 830 luerunt
1433 765 1434 810 t

266 861 307 928 ab
323 858 573 946 imperatoribus
592 865 624 926 et
645 859 780 943 regibus
798 853 1016 928 homanorum
1038 861 1198 950 stabilita,
1223 869 1257 928 et
1281 879 1397 929 eorum
1433 883 1434 948 3

264 959 449 1048 privilegiis
475 957 552 1024 datu
578 964 611 1024 et
628 956 830 1025 eontirmata.
857 957 983 1027 Videns
1002 960 1064 1027 heo
1082 959 1282 1056 venerabilis
1303 967 1399 1048 puter
1433 959 1434 1052 l

266 1057 419 1126 domiuus
437 1056 613 1124 Heinricus
632 1055 893 1124 Wcrmaciansis
908 1059 1107 1149 episeopus,
1128 1061 1177 1126 vir
1200 1061 1338 1147 sapiens
1365 1067 1400 1126 et

265 1159 542 1243 circumspectus,
564 1153 654 1242 quod
672 1157 744 1243 ipse
763 1155 855 1223 nullo
877 1157 993 1225 honori
1011 1158 1074 1226 nisi
1094 1158 1169 1226 solo
1191 1167 1253 1227 suc
1271 1157 1397 1226 iudicio
1433 1161 1434 1252 ξ

264 1255 435 1344 utebatur,
453 1262 487 1322 et
505 1273 523 1321 a
540 1255 668 1322 civibus
685 1252 781 1340 quasi
801 1255 885 1322 alius
909 1256 1055 1344 prolatus
1076 1257 1306 1347 reputabatur,
1328 1259 1396 1324 ho·

265 1372 379 1422 norem
394 1355 538 1421 ecclesie
554 1371 614 1420 suo
629 1353 817 1442 attendens,
835 1357 980 1423 accessit
994 1355 1035 1422 ad
1051 1358 1175 1424 curiam
1193 1356 1318 1424 domini
1333 1359 1396 1424 im·
1433 1357 1434 1440 l

265 1454 426 1542 perstetis
459 1451 615 1519 Frlderici
637 1453 671 1519 in
702 1451 871 1521 Ravenna·
888 1455 1021 1522 civitate
1050 1457 1250 1524 celebratam
1277 1451 1395 1546 [1232

264 1547 359 1642 ian.].
386 1551 427 1620 Et
442 1551 487 1618 ibi
505 1568 614 1619 coram
630 1551 739 1618 multis
755 1552 958 1640 principibus
975 1572 1074 1640 super
1090 1556 1165 1622 istis
1182 1555 1317 1622 domino
1332 1555 1396 1620 irn-

265 1651 424 1740 peratori,
450 1656 483 1716 et
507 1667 607 1737 super
632 1652 803 1719 consortio
828 1651 1066 1720 fraternitatum
1093 1658 1255 1740 cuiusque
1281 1655 1396 1741 operis

266 1748 1396 1842 suasquerirnoniasdemonstrarit.Altlrmansinstanter,sepropter

265 1847 504 1917 multitudinem
515 1847 687 1916 consulum
702 1856 733 1915 et
752 1850 946 1918 societatem
961 1849 1197 1920 fraternitatum
1212 1853 1394 1918 incivitate

266 1966 327 2017 sua
353 1965 412 2035 ρτο
438 1947 560 2038 nichilo
587 1948 740 2034 reputari.
766 1945 919 2016 Audiens
945 1950 1007 2017 heo
1030 1949 1183 2019 dominus
1204 1952 1392 2038 imperator,

265 2046 391 2114 sedens
409 2045 700 2134 comprincipibus
723 2065 782 2133 per
797 2049 995 2116 sententiam
1017 2067 1127 2116 eorum
1149 2050 1211 2118 hec
1232 2055 1323 2116 staro
1338 2049 1393 2117 ul-

264 2147 367 2214 terius
386 2163 452 2212 non
476 2163 578 2232 posse
595 2144 810 2234 abiudicavit,
834 2141 882 2212 et¹
898 2147 1008 2215 literas
1025 2167 1114 2242 suas!
1130 2149 1271 2216 bullatas
1293 2165 1393 2236 super

265 2245 330 2314 hoc
344 2243 478 2312 domino
493 2245 654 2331 episcopo
673 2244 802 2312 tradidit
819 2241 929 2336 [mai]⁸

339 2341 507 2410 Reversus
533 2343 644 2429 itaquo
663 2361 735 2411 cum
759 2343 882 2429 gaudio
900 2344 1009 2412 dictus
1031 2345 1184 2414 dominus
1212 2347 1390 2435 episcopus

266 2443 354 2510 misit
378 2442 412 2508 in
435 2443 601 2508 civitatem
616 2441 730 2510 literas
745 2442 956 2511 inhibitionis
974 2443 1096 2512 domini
1113 2445 1319 2533 imperatoris
1334 2464 1391 2534 per

265 2539 488 2609 Reinhardum
513 2540 688 2609 scultetum
713 2541 754 2608 de
779 2541 894 2632 Lutra,
923 2561 1007 2630 quas
1030 2546 1121 2611 cives
1146 2545 1276 2612 minime
1293 2562 1389 2612 cura-

266 2645 391 2708 verunt.
418 2638 565 2706 Tandem
584 2639 736 2708 dominus
757 2643 946 2729 episcopus,
964 2642 1083 2710 videns
1096 2660 1209 2710 eorum
1227 2645 1389 2712 resisten-

266 2741 361 2828 tiam,
382 2738 527 2826 gladium
545 2757 639 2806 suum
658 2741 858 2826 spiritualem
876 2740 1007 2808 admisit
1014 2794 1022 2830 ,
1039 2759 1170 2830 ponens
1188 2748 1290 2810 totam
1310 2743 1388 2810 oiri·

266 2847 366 2906 tatem
381 2839 442 2906 snb
459 2837 651 2924 interdict03
670 2845 789 2925 postea
809 2839 902 2906 cives
922 2843 1098 2908 universos
1113 2839 1327 2910 denuntiavit.
1352 2841 1390 2908 Et

267 2956 341 3005 oum
366 2937 428 3004 hiis
454 2954 491 3004 se
513 2936 611 3004 nichil
628 2937 789 3024 prolicere
810 2945 845 3004 ut
864 2937 961 3026 vidit,
978 2939 1101 3007 clerum
1118 2945 1221 3008 totum
1238 2943 1326 3008 eniro
1343 2943 1387 3006 ci-

266 3037 400 3104 vitatem
422 3035 534 3123 iussit,
559 3036 649 3104 nullo
674 3035 719 3102 ibi
741 3044 954 3123 permanente
980 3040 1044 3106 nisi
1069 3039 1316 3128 parrochianis,
1337 3040 1386 3125 qrri

267 3135 308 3204 ab
331 3133 466 3200 infirmis
488 3135 680 3202 concionem
701 3142 918 3222 acceperunt,
940 3143 977 3204 ut
1001 3137 1127 3205 reddito
1147 3139 1230 3226 ipsis
1250 3141 1385 3208 sanitate

267 3233 402 3300 domino
417 3233 579 3319 episcopo
597 3233 771 3302 obedirent
787 3252 846 3321 per
866 3240 985 3302 omnia.
1011 3237 1052 3303 Et
1066 3242 1143 3304 tunc
1158 3239 1266 3327 ipsos,
1282 3243 1314 3306 ct
1327 3255 1387 3304 non

267 3333 374 3421 aliter,
395 3332 739 3422 communicaverunt,
764 3340 908 3402 attamen
932 3340 1077 3402 mortuos
1093 3353 1158 3402 non
1182 3337 1386 3424 sepelierunt.

340 3432 380 3499 Ilt
398 3449 470 3498 cum
488 3430 552 3498 hec
568 3433 733 3499 sententia
752 3431 793 3499 dc
812 3431 865 3499 die
887 3433 919 3499 irr
939 3433 1023 3501 diem
1042 3443 1228 3521 aggravata
1247 3434 1316 3504 lere
1334 3453 1386 3524 per

267 3549 388 3598 annum
411 3530 581 3618 durasset,
607 3529 738 3616 qnidam
764 3530 805 3598 de
826 3531 969 3621 ciuibus,
993 3540 1026 3600 ct
1047 3535 1186 3602 maxime
1210 3535 1384 3620 monetarii,

269 3647 306 3698 sc
324 3633 388 3698 ista
411 3630 549 3698 ulterius
571 3627 659 3696 nolle
682 3631 845 3697 sustinere
867 3629 1080 3700 affirmabant.
1107 3631 1291 3716 Audierrtes
1305 3651 1384 3703 oon·

269 3729 360 3798 sules
380 3736 413 3796 et
430 3729 652 3817 universitas,
673 3729 828 3796 timentes
845 3730 960 3817 peloro
976 3731 1039 3798 sihi
1060 3735 1295 3822 supervenire,
1316 3733 1383 3818 quin

269 3826 420 3894 dominus
437 3829 616 3914 episcopus
633 3826 804 3896 induratus
823 3835 901 3917 erat,
919 3847 1131 3916 conquerens
1150 3833 1256 3898 ceiam
1281 3833 1383 3898 amicis

269 3929 338 3992 suls
356 3934 389 3992 et
404 3927 681 4014 consanguineis,
711 3927 880 3994 eratenim
900 3927 997 3995 ualde
1016 3929 1154 4019 rrobiliS,
1180 3929 1280 3998 irater
1294 3929 1383 3997 vide·

268 4024 346 4092 licet
363 4025 488 4100 comitis
512 4023 553 4090 de
569 4023 754 4114 biningen,
778 4033 1005 4094 convenerunt
1025 4029 1056 4094 in
1079 4047 1198 4118 unum,
1228 4031 1382 4098 mittentes

270 4123 403 4191 nuntios
430 4120 472 4188 ad
494 4120 660 4190 dominum
686 4125 890 4213 episcopum.
932 4127 970 4192 llt
989 4135 1067 4214 post
1091 4127 1211 4196 multos
1237 4134 1381 4196 tractatus

306 4233 335 4296 l]
353 4239 380 4284 et
399 4229 464 4282 l'e-hlt
485 4230 510 4280 in
529 4227 580 4281 deu
599 4229 651 4283 hss.
