2888 4824
266 173 339 242 tto
666 201 704 245 ex
724 199 853 246 uanrrno
874 199 997 246 rououo.

183 348 251 404 1268
267 357 363 409 mam.
387 339 453 408 Ubi
471 356 544 407 cum
568 339 728 426 imperiali
750 338 877 406 bonore
895 337 1123 424 sollempniter
1140 341 1301 426 receptus
1322 335 1409 406 luis-

265 446 336 526 set,
367 439 538 507 associato
558 437 622 505 sibi
646 442 802 504 senatore
831 436 922 504 urbis
946 435 1081 503 domino
1108 435 1271 522 Henrieo,
1304 436 1407 504 fratre

264 539 356 623 regis
390 536 553 625 Castellc,
580 541 613 603 et
637 535 901 622 quamplurimis
931 533 1109 624 Romanis,
1143 542 1259 603 contra
1287 553 1406 620 regem

264 635 422 704 Karolum
448 633 599 722 Apuliam
624 634 766 701 intravit.
802 632 869 700 Sed
886 639 965 721 post
982 632 1100 700 durum
1118 639 1312 721 campestre
1332 634 1405 700 bel-

263 734 332 802 lum
356 733 566 802 Contudinus
598 751 671 800 cum
697 733 767 800 suis
797 738 892 817 terga
915 731 1121 813 vertentibus
1151 733 1300 821 capitur,
1330 739 1365 799 et
1387 751 1405 799 a

265 833 387 900 llarolo
409 850 482 900 cum
501 832 611 899 multis
630 830 795 899 nobilibus
811 830 1003 906 decollatur.
1157 834 1159 838 ’

340 928 438 999 Anno
463 929 587 998 domini
611 929 768 996 mcclxx.
792 928 973 997 Lodwieus
997 945 1056 995 rex
1078 928 1219 998 Francia
1243 929 1403 997 christia-

265 1030 444 1118 nissimus,
469 1047 536 1096 non
561 1030 690 1096 territus
715 1029 876 1115 preteritis
894 1027 1063 1095 laboribus
1083 1033 1118 1094 et
1135 1029 1301 1116 expensis
1323 1046 1404 1114 quas

266 1128 390 1196 lecerat
407 1129 483 1196 olim
501 1129 588 1194 ultra
606 1145 712 1215 mare,
729 1127 848 1194 iterato
868 1143 941 1193 cum
960 1126 1035 1193 liliis
1054 1125 1204 1216 duobuS,
1233 1125 1403 1194 adiunctis

265 1227 330 1296 sibi
348 1244 428 1312 rege
450 1226 597 1294 Navarre
619 1233 653 1292 et
672 1243 770 1312 quam
794 1226 942 1314 plurimis
968 1224 1182 1294 ecelesiarum
1205 1225 1353 1312 prelatis
1374 1233 1404 1292 et

265 1325 467 1414 baronibus,
492 1343 553 1413 pro
584 1325 837 1411 recuperatione
863 1329 950 1391 terre
973 1329 1089 1391 sancte
1116 1326 1178 1391 iter
1206 1325 1402 1411 assumpsit.

264 1423 388 1492 Verum
406 1423 449 1490 ad
467 1423 531 1492 hoc
547 1429 584 1492 ut
601 1422 730 1490 facilius
749 1428 869 1491 terram
887 1429 1036 1490 sanctam
1053 1428 1290 1510 recuperaret,
1317 1423 1402 1488 inei-

267 1522 315 1590 dit
328 1523 410 1609 ipsis
427 1523 620 1610 consilium,
638 1528 675 1589 ut
691 1539 829 1607 regnum
843 1521 1014 1610 Thunusii,
1034 1520 1126 1608 quod
1139 1522 1173 1587 in
1189 1519 1306 1588 medio
1322 1538 1402 1588 con-

266 1622 393 1688 sistens
419 1637 488 1687 non
516 1639 653 1708 parvum
683 1619 783 1687 dabat
805 1617 1094 1687 transfretantibus
1116 1618 1401 1707 impedimentum,

267 1720 415 1806 primitus
448 1719 510 1786 sub
545 1719 801 1788 Christianorum
828 1718 1018 1786 subicerent
1045 1724 1225 1806 potestate.
1261 1718 1400 1785 Etcum

266 1823 396 1905 portum
414 1817 456 1884 ad
475 1816 725 1904 Carthaginem,
745 1836 809 1904 que
829 1823 881 1885 est
897 1835 1001 1904 prope
1020 1817 1246 1906 Thunusium,
1273 1817 1401 1904 potenti

267 1933 367 1982 manu
381 1917 570 2005 cepissent,
588 1916 777 1996 infirmitas,
797 1933 862 2002 quc
878 1916 934 1984 illo
950 1933 1037 1984 anno
1056 1917 1196 1983 maxime
1215 1916 1309 1983 circa
1323 1933 1401 1982 eon-

269 2015 347 2082 lmia
364 2016 462 2083 maris
475 2017 593 2103 viguit,
610 2016 644 2081 in
663 2033 776 2083 eorum
792 2014 1051 2084 Christianorum
1070 2016 1219 2082 exercitu
1238 2015 1339 2080 nimis
1353 2015 1401 2079 in-

267 2113 380 2181 valuit.
407 2113 447 2180 Et
467 2115 571 2201 primo
594 2114 725 2199 quidem
753 2113 794 2181 de
816 2115 904 2200 regis
930 2115 1066 2182 Francie
1088 2113 1163 2181 liliis
1185 2131 1308 2202 uuum,
1328 2118 1402 2200 post

268 2211 415 2297 legatum
438 2211 563 2281 domini
586 2229 673 2300 pape
699 2212 866 2279 dominum
887 2211 1113 2280 Albanensem
1131 2210 1354 2299 cardinalem,
1372 2215 1401 2277 et

270 2307 401 2401 demum
418 2311 527 2397 ipsum
550 2329 662 2396 regem
687 2311 994 2380 christianissimum
1015 2311 1211 2378 Ludwicum
1235 2328 1312 2377 oum
1329 2310 1399 2397 plu-

270 2407 360 2475 ribus
380 2409 556 2476 comitibus
574 2415 607 2477 et
620 2410 817 2499 baronibus,
835 2427 969 2478 necnon
986 2416 1019 2478 et
1035 2411 1108 2476 aliis
1123 2409 1344 2497 simplicibus,
1361 2407 1398 2475 de

267 2505 377 2574 medio
396 2509 539 2576 sustulit.
566 2506 671 2588 Quam
693 2507 829 2576 lelicitcr
847 2517 957 2577 autern
973 2508 1143 2596 predictus
1164 2526 1223 2575 rex
1237 2509 1397 2575 termina-

267 2607 368 2694 verit,
388 2623 447 2673 rcx
465 2607 611 2675 Navarre
636 2606 772 2676 domino
792 2607 984 2676 Tusculano
1011 2607 1170 2676 cardinali
1194 2625 1255 2694 per
1274 2607 1395 2674 litteras

267 2705 438 2772 intimavit.
465 2705 547 2773 Nam
564 2707 598 2772 in
617 2705 804 2774 infirmitate
821 2723 881 2774 sua
896 2705 1033 2774 laudare
1048 2723 1170 2774 nomen
1189 2705 1316 2772 domini
1333 2723 1394 2774 nou

268 2821 426 2893 cessauS,
444 2805 532 2872 illam
548 2805 731 2872 orationem
747 2804 950 2893 quandoque
970 2805 1158 2872 inserebat:
1174 2805 1243 2870 Fac
1262 2822 1325 2870 nor
1338 2805 1393 2870 do-

267 2903 353 2968 rntcc
364 2921 532 2988 prospere
547 2904 657 2970 meandi
675 2903 842 2989 despicere
865 2907 897 2970 ct
909 2903 1002 2970 nulle
1019 2905 1089 2970 ctus
1110 2903 1258 2970 aduersu
1278 2903 1391 2986 fernd-

269 2999 361 3065 dcrc.
388 2997 513 3068 Orabat
530 3007 634 3088 etpro
657 3003 782 3090 populo
798 3021 895 3088 quem
917 3019 1030 3081 secum
1051 3001 1247 3090 adduxerat,
1268 3001 1391 3069 dicens:

267 3097 348 3163 Esto
371 3097 500 3166 dominc
512 3099 599 3184 plebi
617 3105 670 3167 tce
689 3101 914 3182 sanctificator
928 3104 960 3166 ct
976 3104 1095 3168 custos,
1121 3101 1163 3167 Et
1180 3118 1257 3167 oum
1276 3118 1391 3188 apprc-

267 3197 444 3282 pinquarct
470 3197 512 3264 ad
543 3197 639 3266 linem
664 3201 816 3288 suspexit
840 3201 872 3266 in
903 3199 1010 3266 celum
1032 3198 1166 3266 dicens:
1193 3197 1343 3266 Introilrc
1363 3201 1391 3264 iu

267 3293 399 3360 domm
415 3299 513 3378 tuam,
531 3297 681 3364 adorabo
703 3298 918 3384 adtemptare
933 3301 1085 3364 sunctum
1104 3302 1203 3380 tuum,
1220 3303 1254 3364 ct
1267 3298 1391 3378 eonfite-

268 3391 330 3460 bcr
343 3395 464 3461 nomint
479 3398 544 3462 tuo.
571 3395 611 3462 Et
627 3397 691 3463 boc
712 3397 800 3464 dicto
820 3397 1018 3466 obdormivit
1036 3397 1070 3462 in
1093 3396 1237 3464 domino.
1265 3397 1306 3464 Et
1327 3415 1391 3462 omn

269 3491 311 3559 dc
325 3499 428 3560 morte
444 3494 487 3580 pii
505 3495 595 3579 regis
616 3494 874 3562 Christianorum
893 3496 1056 3562 exercitus
1073 3495 1255 3562 turbaretur
1272 3502 1305 3562 et
1321 3496 1390 3562 Sar-

269 3592 382 3658 raceni
394 3592 585 3681 letarentur,
605 3592 758 3660 dominus
771 3593 912 3662 Karalus
930 3612 987 3662 rex
1002 3593 1127 3680 Syeilie
1145 3593 1288 3661 bellator
1301 3611 1389 3679 egre-

202 3699 207 3708 ·
268 3689 364 3776 gius,
383 3709 442 3776 pro
462 3709 528 3778 quo
548 3691 657 3758 adbuc
674 3694 792 3759 vivens
812 3693 912 3759 trater
928 3710 1009 3759 suus
1029 3711 1087 3760 rex
1104 3693 1243 3759 Francia
1263 3691 1387 3759 manda-

268 3793 378 3875 verat,
405 3791 540 3875 navigio
564 3807 637 3857 cum
663 3809 783 3876 magna
815 3792 934 3858 milicia
962 3790 1107 3858 advenit.
1140 3790 1192 3858 De
1216 3793 1310 3858 cuius
1333 3790 1387 3858 ad-

270 3891 371 3950 ventu
391 3884 584 3956 Christianis
611 3889 767 3975 gaudium
794 3895 826 3957 et
849 3891 1042 3967 sarracenis
1070 3891 1221 3956 mesticia
1249 3891 1386 3957 accrevit.

268 3981 307 4048 Et
327 3983 405 4049 licet
426 3986 660 4074 multoplures
682 3987 871 4056 viderentur
895 3989 1071 4056 sarraceni
1098 4007 1197 4076 quam
1217 3987 1386 4075 Christiani,

268 4079 458 4149 nullatcnus
482 4089 590 4151 tamen
613 4086 781 4154 audebant
807 4088 895 4155 bello
922 4089 1071 4172 generali
1105 4105 1179 4154 cum
1209 4087 1386 4155 Christianis

269 4177 428 4270 aggredi,
447 4181 508 4249 sed
529 4201 588 4270 per
612 4183 773 4270 quasdam
802 4187 950 4254 astucias
971 4185 1053 4254 alias
1080 4187 1181 4256 multa
1204 4187 1254 4254 eis
1273 4188 1386 4254 incom-
