<?xml version="1.0" encoding="UTF-8"?>
<!DOCTYPE html PUBLIC "-//W3C//DTD XHTML 1.0 Transitional//EN"
    "http://www.w3.org/TR/xhtml1/DTD/xhtml1-transitional.dtd">
<html xmlns="http://www.w3.org/1999/xhtml" xml:lang="en" lang="en">
 <head>
  <title>
</title>
<meta http-equiv="Content-Type" content="text/html;charset=utf-8" />
  <meta name='ocr-system' content='tesseract 3.04.00' />
  <meta name='ocr-capabilities' content='ocr_page ocr_carea ocr_par ocr_line ocrx_word'/>
</head>
<body>
  <div class='ocr_page' id='page_1' title='image "./fontesrerumgerm00hubegoog_0132.png"; bbox 0 0 2886 4834; ppageno 0'>
   <div class='ocr_carea' id='block_1_1' title="bbox 382 217 1149 294">
    <p class='ocr_par' dir='ltr' id='par_1_1' title="bbox 382 217 1149 294">
     <span class='ocr_line' id='line_1_1' title="bbox 382 217 1149 294; baseline -0.001 -2"><span class='ocrx_word' id='word_1_1' title='bbox 382 244 546 293; x_wconf 82' lang='lat' dir='ltr'><strong>crraovrcon</strong></span> <span class='ocrx_word' id='word_1_2' title='bbox 567 245 782 294; x_wconf 74' lang='lat' dir='ltr'><strong>counaarmsrr.</strong></span> <span class='ocrx_word' id='word_1_3' title='bbox 1105 217 1149 285; x_wconf 85' lang='lat'><strong>69</strong></span> 
     </span>
    </p>
   </div>
   <div class='ocr_carea' id='block_1_2' title="bbox 36 385 1151 2356">
    <p class='ocr_par' dir='ltr' id='par_1_2' title="bbox 36 385 1151 1144">
     <span class='ocr_line' id='line_1_2' title="bbox 37 385 1150 471; baseline 0.002 -19"><span class='ocrx_word' id='word_1_4' title='bbox 37 386 130 471; x_wconf 81' lang='lat' dir='ltr'><strong>aliana</strong></span> <span class='ocrx_word' id='word_1_5' title='bbox 168 385 322 453; x_wconf 78' lang='lat' dir='ltr'><strong>victualia</strong></span> <span class='ocrx_word' id='word_1_6' title='bbox 359 403 420 452; x_wconf 92' lang='lat' dir='ltr'><strong>seu</strong></span> <span class='ocrx_word' id='word_1_7' title='bbox 463 386 658 454; x_wconf 88' lang='lat' dir='ltr'><strong>necessaria</strong></span> <span class='ocrx_word' id='word_1_8' title='bbox 695 385 890 452; x_wconf 78' lang='lat' dir='ltr'><strong>ministrent.</strong></span> <span class='ocrx_word' id='word_1_9' title='bbox 963 385 1044 454; x_wconf 91' lang='lat' dir='ltr'><strong>Post</strong></span> <span class='ocrx_word' id='word_1_10' title='bbox 1087 385 1150 454; x_wconf 89' lang='lat' dir='ltr'><strong>hcc</strong></span> 
     </span>
     <span class='ocr_line' id='line_1_3' title="bbox 37 481 1150 573; baseline 0.001 -23"><span class='ocrx_word' id='word_1_11' title='bbox 37 481 184 550; x_wconf 90' lang='lat' dir='ltr'><strong>mandavit</strong></span> <span class='ocrx_word' id='word_1_12' title='bbox 208 501 263 552; x_wconf 86' lang='lat' dir='ltr'><strong>rex</strong></span> <span class='ocrx_word' id='word_1_13' title='bbox 289 483 396 552; x_wconf 91' lang='lat' dir='ltr'><strong>eidem</strong></span> <span class='ocrx_word' id='word_1_14' title='bbox 420 483 571 573; x_wconf 92' lang='lat' dir='ltr'><strong>domino,</strong></span> <span class='ocrx_word' id='word_1_15' title='bbox 605 490 643 552; x_wconf 92' lang='lat' dir='ltr'><strong>ut</strong></span> <span class='ocrx_word' id='word_1_16' title='bbox 666 483 820 552; x_wconf 87' lang='lat' dir='ltr'><strong>civitates</strong></span> <span class='ocrx_word' id='word_1_17' title='bbox 843 481 973 552; x_wconf 86' lang='lat' dir='ltr'><strong>Alsatie</strong></span> <span class='ocrx_word' id='word_1_18' title='bbox 1000 501 1150 571; x_wconf 87' lang='lat' dir='ltr'><strong>congre-</strong></span> 
     </span>
     <span class='ocr_line' id='line_1_4' title="bbox 36 581 1149 670; baseline 0.003 -22"><span class='ocrx_word' id='word_1_19' title='bbox 36 587 112 667; x_wconf 87' lang='lat' dir='ltr'><strong>garet</strong></span> <span class='ocrx_word' id='word_1_20' title='bbox 135 588 168 649; x_wconf 90' lang='lat' dir='ltr'><strong>ct</strong></span> <span class='ocrx_word' id='word_1_21' title='bbox 197 582 332 650; x_wconf 89' lang='lat' dir='ltr'><strong>invilla</strong></span> <span class='ocrx_word' id='word_1_22' title='bbox 358 583 475 650; x_wconf 87' lang='lat' dir='ltr'><strong>Gemer</strong></span> <span class='ocrx_word' id='word_1_23' title='bbox 500 587 643 650; x_wconf 88' lang='lat' dir='ltr'><strong>castrum</strong></span> <span class='ocrx_word' id='word_1_24' title='bbox 668 582 816 668; x_wconf 92' lang='lat' dir='ltr'><strong>ligneum</strong></span> <span class='ocrx_word' id='word_1_25' title='bbox 842 581 1028 650; x_wconf 77' lang='lat' dir='ltr'><strong>fabricaret.</strong></span> <span class='ocrx_word' id='word_1_26' title='bbox 1070 584 1149 670; x_wconf 91' lang='lat' dir='ltr'><strong>lpse</strong></span> 
     </span>
     <span class='ocr_line' id='line_1_5' title="bbox 37 681 1150 772; baseline 0.002 -26"><span class='ocrx_word' id='word_1_27' title='bbox 37 688 126 748; x_wconf 88' lang='lat' dir='ltr'><strong>autem</strong></span> <span class='ocrx_word' id='word_1_28' title='bbox 152 683 236 749; x_wconf 89' lang='lat' dir='ltr'><strong>intra</strong></span> <span class='ocrx_word' id='word_1_29' title='bbox 263 687 413 749; x_wconf 89' lang='lat' dir='ltr'><strong>octavam</strong></span> <span class='ocrx_word' id='word_1_30' title='bbox 444 681 528 749; x_wconf 87' lang='lat' dir='ltr'><strong>Petri</strong></span> <span class='ocrx_word' id='word_1_31' title='bbox 554 687 588 749; x_wconf 89' lang='lat' dir='ltr'><strong>et</strong></span> <span class='ocrx_word' id='word_1_32' title='bbox 619 681 711 749; x_wconf 90' lang='lat' dir='ltr'><strong>Pauli</strong></span> <span class='ocrx_word' id='word_1_33' title='bbox 738 681 891 748; x_wconf 92' lang='lat' dir='ltr'><strong>civitates</strong></span> <span class='ocrx_word' id='word_1_34' title='bbox 919 683 1150 772; x_wconf 77' lang='lat' dir='ltr'><strong>congregavit,</strong></span> 
     </span>
     <span class='ocr_line' id='line_1_6' title="bbox 37 779 1151 869; baseline 0.002 -24"><span class='ocrx_word' id='word_1_35' title='bbox 37 783 230 868; x_wconf 89' lang='lat' dir='ltr'><strong>etcastmm,</strong></span> <span class='ocrx_word' id='word_1_36' title='bbox 254 786 290 847; x_wconf 91' lang='lat' dir='ltr'><strong>ut</strong></span> <span class='ocrx_word' id='word_1_37' title='bbox 313 780 376 848; x_wconf 94' lang='lat' dir='ltr'><strong>sibi</strong></span> <span class='ocrx_word' id='word_1_38' title='bbox 394 782 607 869; x_wconf 90' lang='lat' dir='ltr'><strong>imperatum,</strong></span> <span class='ocrx_word' id='word_1_39' title='bbox 632 779 801 848; x_wconf 89' lang='lat' dir='ltr'><strong>inchoavit</strong></span> <span class='ocrx_word' id='word_1_40' title='bbox 826 784 860 848; x_wconf 91' lang='lat' dir='ltr'><strong>et</strong></span> <span class='ocrx_word' id='word_1_41' title='bbox 885 781 918 846; x_wconf 93' lang='lat' dir='ltr'><strong>in</strong></span> <span class='ocrx_word' id='word_1_42' title='bbox 944 779 1037 848; x_wconf 94' lang='lat' dir='ltr'><strong>brevi</strong></span> <span class='ocrx_word' id='word_1_43' title='bbox 1061 785 1151 848; x_wconf 88' lang='lat' dir='ltr'><strong>tam-</strong></span> 
     </span>
     <span class='ocr_line' id='line_1_7' title="bbox 37 877 1151 966; baseline 0.002 -22"><span class='ocrx_word' id='word_1_44' title='bbox 37 895 100 964; x_wconf 91' lang='lat' dir='ltr'><strong>pore</strong></span> <span class='ocrx_word' id='word_1_45' title='bbox 116 881 334 948; x_wconf 88' lang='lat' dir='ltr'><strong>consumavit.</strong></span> <span class='ocrx_word' id='word_1_46' title='bbox 369 878 574 948; x_wconf 85' lang='lat' dir='ltr'><strong>Consumato</strong></span> <span class='ocrx_word' id='word_1_47' title='bbox 599 883 711 948; x_wconf 88' lang='lat' dir='ltr'><strong>castro</strong></span> <span class='ocrx_word' id='word_1_48' title='bbox 730 879 850 946; x_wconf 89' lang='lat' dir='ltr'><strong>milites</strong></span> <span class='ocrx_word' id='word_1_49' title='bbox 876 877 920 945; x_wconf 90' lang='lat' dir='ltr'><strong>ibi</strong></span> <span class='ocrx_word' id='word_1_50' title='bbox 946 879 1151 966; x_wconf 84' lang='lat' dir='ltr'><strong>reliquemnt</strong></span> 
     </span>
     <span class='ocr_line' id='line_1_8' title="bbox 38 975 1150 1066; baseline 0.002 -23"><span class='ocrx_word' id='word_1_51' title='bbox 38 981 61 1043; x_wconf 90' lang='lat' dir='ltr'><strong>et</strong></span> <span class='ocrx_word' id='word_1_52' title='bbox 87 975 125 1044; x_wconf 88' lang='lat' dir='ltr'><strong>ad</strong></span> <span class='ocrx_word' id='word_1_53' title='bbox 157 979 291 1066; x_wconf 88' lang='lat' dir='ltr'><strong>propria</strong></span> <span class='ocrx_word' id='word_1_54' title='bbox 324 977 499 1046; x_wconf 89' lang='lat' dir='ltr'><strong>rediemnt.</strong></span> <span class='ocrx_word' id='word_1_55' title='bbox 564 975 649 1048; x_wconf 85' lang='lat' dir='ltr'><strong>Acta</strong></span> <span class='ocrx_word' id='word_1_56' title='bbox 687 983 766 1046; x_wconf 89' lang='lat' dir='ltr'><strong>suut</strong></span> <span class='ocrx_word' id='word_1_57' title='bbox 805 977 868 1046; x_wconf 92' lang='lat' dir='ltr'><strong>hec</strong></span> <span class='ocrx_word' id='word_1_58' title='bbox 902 994 991 1046; x_wconf 90' lang='lat' dir='ltr'><strong>anno</strong></span> <span class='ocrx_word' id='word_1_59' title='bbox 1027 976 1150 1046; x_wconf 91' lang='lat' dir='ltr'><strong>damini</strong></span> 
     </span>
     <span class='ocr_line' id='line_1_9' title="bbox 39 1075 256 1144; baseline 0.014 -4"><span class='ocrx_word' id='word_1_60' title='bbox 39 1075 256 1144; x_wconf 81' lang='lat' dir='ltr'><strong>dcclxxxvii.</strong></span> 
     </span>
    </p>

    <p class='ocr_par' dir='ltr' id='par_1_3' title="bbox 38 1173 1151 2356">
     <span class='ocr_line' id='line_1_10' title="bbox 72 1173 1151 1263; baseline 0.004 -23"><span class='ocrx_word' id='word_1_61' title='bbox 72 1173 226 1243; x_wconf 87' lang='lat' dir='ltr'><strong>Dominus</strong></span> <span class='ocrx_word' id='word_1_62' title='bbox 254 1175 296 1243; x_wconf 91' lang='lat' dir='ltr'><strong>de</strong></span> <span class='ocrx_word' id='word_1_63' title='bbox 319 1175 529 1263; x_wconf 88' lang='lat' dir='ltr'><strong>Rapoltstein</strong></span> <span class='ocrx_word' id='word_1_64' title='bbox 554 1177 640 1242; x_wconf 93' lang='lat' dir='ltr'><strong>intra</strong></span> <span class='ocrx_word' id='word_1_65' title='bbox 665 1173 828 1244; x_wconf 80' lang='lat' dir='ltr'><strong>kalendas</strong></span> <span class='ocrx_word' id='word_1_66' title='bbox 858 1177 994 1261; x_wconf 90' lang='lat' dir='ltr'><strong>augusti</strong></span> <span class='ocrx_word' id='word_1_67' title='bbox 1013 1175 1151 1245; x_wconf 86' lang='lat' dir='ltr'><strong>Galliam</strong></span> 
     </span>
     <span class='ocr_line' id='line_1_11' title="bbox 38 1273 1150 1364; baseline 0.005 -27"><span class='ocrx_word' id='word_1_68' title='bbox 38 1274 165 1363; x_wconf 92' lang='lat' dir='ltr'><strong>intravit,</strong></span> <span class='ocrx_word' id='word_1_69' title='bbox 190 1273 303 1362; x_wconf 89' lang='lat' dir='ltr'><strong>ibique</strong></span> <span class='ocrx_word' id='word_1_70' title='bbox 321 1293 341 1340; x_wconf 95' lang='lat' dir='ltr'><strong>a</strong></span> <span class='ocrx_word' id='word_1_71' title='bbox 359 1273 493 1342; x_wconf 93' lang='lat' dir='ltr'><strong>domino</strong></span> <span class='ocrx_word' id='word_1_72' title='bbox 512 1273 554 1342; x_wconf 91' lang='lat' dir='ltr'><strong>de</strong></span> <span class='ocrx_word' id='word_1_73' title='bbox 572 1273 813 1342; x_wconf 80' lang='lat' dir='ltr'><strong>blanobiberob</strong></span> <span class='ocrx_word' id='word_1_74' title='bbox 839 1279 984 1359; x_wconf 87' lang='lat' dir='ltr'><strong>cognate</strong></span> <span class='ocrx_word' id='word_1_75' title='bbox 1004 1293 1066 1343; x_wconf 93' lang='lat' dir='ltr'><strong>suo</strong></span> <span class='ocrx_word' id='word_1_76' title='bbox 1084 1291 1150 1364; x_wconf 91' lang='lat' dir='ltr'><strong>pe-</strong></span> 
     </span>
     <span class='ocr_line' id='line_1_12' title="bbox 38 1368 1151 1462; baseline 0.006 -26"><span class='ocrx_word' id='word_1_77' title='bbox 38 1368 104 1438; x_wconf 90' lang='lat' dir='ltr'><strong>dites</strong></span> <span class='ocrx_word' id='word_1_78' title='bbox 121 1377 152 1438; x_wconf 89' lang='lat' dir='ltr'><strong>et</strong></span> <span class='ocrx_word' id='word_1_79' title='bbox 169 1375 302 1460; x_wconf 83' lang='lat' dir='ltr'><strong>equites</strong></span> <span class='ocrx_word' id='word_1_80' title='bbox 320 1372 562 1462; x_wconf 87' lang='lat' dir='ltr'><strong>accomodavit,</strong></span> <span class='ocrx_word' id='word_1_81' title='bbox 582 1378 680 1440; x_wconf 89' lang='lat' dir='ltr'><strong>nocte</strong></span> <span class='ocrx_word' id='word_1_82' title='bbox 697 1389 801 1461; x_wconf 90' lang='lat' dir='ltr'><strong>prope</strong></span> <span class='ocrx_word' id='word_1_83' title='bbox 818 1372 929 1440; x_wconf 90' lang='lat' dir='ltr'><strong>villam</strong></span> <span class='ocrx_word' id='word_1_84' title='bbox 948 1373 1151 1460; x_wconf 89' lang='lat' dir='ltr'><strong>Sigolzbeim</strong></span> 
     </span>
     <span class='ocr_line' id='line_1_13' title="bbox 39 1470 1150 1561; baseline 0.005 -26"><span class='ocrx_word' id='word_1_85' title='bbox 39 1471 234 1561; x_wconf 90' lang='lat' dir='ltr'><strong>perducebat,</strong></span> <span class='ocrx_word' id='word_1_86' title='bbox 264 1477 297 1539; x_wconf 88' lang='lat' dir='ltr'><strong>et</strong></span> <span class='ocrx_word' id='word_1_87' title='bbox 313 1473 358 1540; x_wconf 94' lang='lat' dir='ltr'><strong>ibi</strong></span> <span class='ocrx_word' id='word_1_88' title='bbox 377 1489 437 1539; x_wconf 92' lang='lat' dir='ltr'><strong>eos</strong></span> <span class='ocrx_word' id='word_1_89' title='bbox 456 1473 489 1539; x_wconf 94' lang='lat' dir='ltr'><strong>in</strong></span> <span class='ocrx_word' id='word_1_90' title='bbox 507 1470 649 1542; x_wconf 89' lang='lat' dir='ltr'><strong>diversis</strong></span> <span class='ocrx_word' id='word_1_91' title='bbox 666 1472 750 1540; x_wconf 92' lang='lat' dir='ltr'><strong>locis</strong></span> <span class='ocrx_word' id='word_1_92' title='bbox 767 1488 830 1560; x_wconf 94' lang='lat' dir='ltr'><strong>pro</strong></span> <span class='ocrx_word' id='word_1_93' title='bbox 847 1471 977 1540; x_wconf 89' lang='lat' dir='ltr'><strong>insidiis</strong></span> <span class='ocrx_word' id='word_1_94' title='bbox 996 1474 1150 1541; x_wconf 88' lang='lat' dir='ltr'><strong>colloca-</strong></span> 
     </span>
     <span class='ocr_line' id='line_1_14' title="bbox 38 1569 1150 1658; baseline 0.006 -26"><span class='ocrx_word' id='word_1_95' title='bbox 38 1569 78 1634; x_wconf 93' lang='lat' dir='ltr'><strong>vit.</strong></span> <span class='ocrx_word' id='word_1_96' title='bbox 105 1569 203 1638; x_wconf 88' lang='lat' dir='ltr'><strong>illane</strong></span> <span class='ocrx_word' id='word_1_97' title='bbox 222 1577 334 1639; x_wconf 90' lang='lat' dir='ltr'><strong>autern</strong></span> <span class='ocrx_word' id='word_1_98' title='bbox 352 1569 442 1638; x_wconf 88' lang='lat' dir='ltr'><strong>lacto</strong></span> <span class='ocrx_word' id='word_1_99' title='bbox 460 1587 584 1657; x_wconf 78' lang='lat' dir='ltr'><strong>greges</strong></span> <span class='ocrx_word' id='word_1_100' title='bbox 601 1570 680 1638; x_wconf 92' lang='lat' dir='ltr'><strong>ville</strong></span> <span class='ocrx_word' id='word_1_101' title='bbox 697 1571 796 1658; x_wconf 90' lang='lat' dir='ltr'><strong>pauci</strong></span> <span class='ocrx_word' id='word_1_102' title='bbox 815 1578 1016 1658; x_wconf 87' lang='lat' dir='ltr'><strong>acceperunt</strong></span> <span class='ocrx_word' id='word_1_103' title='bbox 1034 1577 1067 1639; x_wconf 90' lang='lat' dir='ltr'><strong>ct</strong></span> <span class='ocrx_word' id='word_1_104' title='bbox 1083 1589 1150 1640; x_wconf 91' lang='lat' dir='ltr'><strong>ve-</strong></span> 
     </span>
     <span class='ocr_line' id='line_1_15' title="bbox 39 1666 1150 1759; baseline 0.008 -29"><span class='ocrx_word' id='word_1_105' title='bbox 39 1666 133 1736; x_wconf 92' lang='lat' dir='ltr'><strong>lociter</strong></span> <span class='ocrx_word' id='word_1_106' title='bbox 149 1669 313 1737; x_wconf 92' lang='lat' dir='ltr'><strong>abierunt.</strong></span> <span class='ocrx_word' id='word_1_107' title='bbox 340 1669 460 1737; x_wconf 90' lang='lat' dir='ltr'><strong>Villani</strong></span> <span class='ocrx_word' id='word_1_108' title='bbox 478 1677 587 1737; x_wconf 90' lang='lat' dir='ltr'><strong>autem</strong></span> <span class='ocrx_word' id='word_1_109' title='bbox 611 1667 747 1758; x_wconf 93' lang='lat' dir='ltr'><strong>predam</strong></span> <span class='ocrx_word' id='word_1_110' title='bbox 771 1670 914 1738; x_wconf 89' lang='lat' dir='ltr'><strong>insecuti</strong></span> <span class='ocrx_word' id='word_1_111' title='bbox 930 1669 1070 1738; x_wconf 89' lang='lat' dir='ltr'><strong>liberare</strong></span> <span class='ocrx_word' id='word_1_112' title='bbox 1087 1689 1150 1759; x_wconf 89' lang='lat' dir='ltr'><strong>pe-</strong></span> 
     </span>
     <span class='ocr_line' id='line_1_16' title="bbox 40 1765 1149 1856; baseline 0.006 -26"><span class='ocrx_word' id='word_1_113' title='bbox 40 1782 98 1834; x_wconf 91' lang='lat' dir='ltr'><strong>cora</strong></span> <span class='ocrx_word' id='word_1_114' title='bbox 113 1768 299 1836; x_wconf 88' lang='lat' dir='ltr'><strong>voluerunt.</strong></span> <span class='ocrx_word' id='word_1_115' title='bbox 325 1767 428 1854; x_wconf 87' lang='lat' dir='ltr'><strong>Igitur</strong></span> <span class='ocrx_word' id='word_1_116' title='bbox 444 1769 596 1836; x_wconf 89' lang='lat' dir='ltr'><strong>homines</strong></span> <span class='ocrx_word' id='word_1_117' title='bbox 614 1766 737 1836; x_wconf 94' lang='lat' dir='ltr'><strong>domini</strong></span> <span class='ocrx_word' id='word_1_118' title='bbox 755 1767 797 1835; x_wconf 92' lang='lat' dir='ltr'><strong>de</strong></span> <span class='ocrx_word' id='word_1_119' title='bbox 810 1765 1017 1856; x_wconf 89' lang='lat' dir='ltr'><strong>Rapoltstein</strong></span> <span class='ocrx_word' id='word_1_120' title='bbox 1036 1768 1078 1837; x_wconf 92' lang='lat' dir='ltr'><strong>de</strong></span> <span class='ocrx_word' id='word_1_121' title='bbox 1096 1771 1149 1837; x_wconf 94' lang='lat' dir='ltr'><strong>in-</strong></span> 
     </span>
     <span class='ocr_line' id='line_1_17' title="bbox 40 1863 1149 1955; baseline 0.007 -27"><span class='ocrx_word' id='word_1_122' title='bbox 40 1863 111 1933; x_wconf 89' lang='lat' dir='ltr'><strong>sidiis</strong></span> <span class='ocrx_word' id='word_1_123' title='bbox 134 1868 266 1953; x_wconf 85' lang='lat' dir='ltr'><strong>egressi</strong></span> <span class='ocrx_word' id='word_1_124' title='bbox 292 1865 441 1955; x_wconf 86' lang='lat' dir='ltr'><strong>luerunt,</strong></span> <span class='ocrx_word' id='word_1_125' title='bbox 477 1883 606 1954; x_wconf 88' lang='lat' dir='ltr'><strong>eosque</strong></span> <span class='ocrx_word' id='word_1_126' title='bbox 632 1866 955 1955; x_wconf 89' lang='lat' dir='ltr'><strong>comprehenderunt</strong></span> <span class='ocrx_word' id='word_1_127' title='bbox 979 1875 1012 1936; x_wconf 91' lang='lat' dir='ltr'><strong>et</strong></span> <span class='ocrx_word' id='word_1_128' title='bbox 1036 1885 1149 1936; x_wconf 91' lang='lat' dir='ltr'><strong>eorum</strong></span> 
     </span>
     <span class='ocr_line' id='line_1_18' title="bbox 39 1963 1149 2054; baseline 0.005 -25"><span class='ocrx_word' id='word_1_129' title='bbox 39 1963 204 2052; x_wconf 85' lang='lat' dir='ltr'><strong>plusquam</strong></span> <span class='ocrx_word' id='word_1_130' title='bbox 223 1973 357 2036; x_wconf 87' lang='lat' dir='ltr'><strong>contum</strong></span> <span class='ocrx_word' id='word_1_131' title='bbox 383 1971 417 2033; x_wconf 91' lang='lat' dir='ltr'><strong>et</strong></span> <span class='ocrx_word' id='word_1_132' title='bbox 433 1967 567 2052; x_wconf 89' lang='lat' dir='ltr'><strong>triginta</strong></span> <span class='ocrx_word' id='word_1_133' title='bbox 593 1965 636 2034; x_wconf 92' lang='lat' dir='ltr'><strong>ad</strong></span> <span class='ocrx_word' id='word_1_134' title='bbox 653 1966 785 2054; x_wconf 91' lang='lat' dir='ltr'><strong>propria</strong></span> <span class='ocrx_word' id='word_1_135' title='bbox 807 1964 1040 2053; x_wconf 86' lang='lat' dir='ltr'><strong>perduxerunt.</strong></span> <span class='ocrx_word' id='word_1_136' title='bbox 1074 1966 1149 2034; x_wconf 88' lang='lat' dir='ltr'><strong>llo-</strong></span> 
     </span>
     <span class='ocr_line' id='line_1_19' title="bbox 39 2063 1151 2152; baseline 0.006 -26"><span class='ocrx_word' id='word_1_137' title='bbox 39 2063 120 2130; x_wconf 90' lang='lat' dir='ltr'><strong>nioes</strong></span> <span class='ocrx_word' id='word_1_138' title='bbox 138 2064 178 2132; x_wconf 88' lang='lat' dir='ltr'><strong>de</strong></span> <span class='ocrx_word' id='word_1_139' title='bbox 192 2065 349 2134; x_wconf 92' lang='lat' dir='ltr'><strong>Horburc</strong></span> <span class='ocrx_word' id='word_1_140' title='bbox 364 2064 518 2132; x_wconf 91' lang='lat' dir='ltr'><strong>videntes</strong></span> <span class='ocrx_word' id='word_1_141' title='bbox 534 2063 668 2152; x_wconf 87' lang='lat' dir='ltr'><strong>predam</strong></span> <span class='ocrx_word' id='word_1_142' title='bbox 684 2081 838 2150; x_wconf 91' lang='lat' dir='ltr'><strong>magnam</strong></span> <span class='ocrx_word' id='word_1_143' title='bbox 854 2082 982 2152; x_wconf 91' lang='lat' dir='ltr'><strong>paucos</strong></span> <span class='ocrx_word' id='word_1_144' title='bbox 999 2064 1151 2133; x_wconf 89' lang='lat' dir='ltr'><strong>hominos</strong></span> 
     </span>
     <span class='ocr_line' id='line_1_20' title="bbox 41 2158 1151 2254; baseline 0.006 -29"><span class='ocrx_word' id='word_1_145' title='bbox 41 2158 195 2253; x_wconf 85' lang='lat' dir='ltr'><strong>ducentes,</strong></span> <span class='ocrx_word' id='word_1_146' title='bbox 222 2165 297 2233; x_wconf 88' lang='lat' dir='ltr'><strong>sine</strong></span> <span class='ocrx_word' id='word_1_147' title='bbox 321 2163 562 2232; x_wconf 83' lang='lat' dir='ltr'><strong>deliberatione</strong></span> <span class='ocrx_word' id='word_1_148' title='bbox 585 2161 721 2251; x_wconf 90' lang='lat' dir='ltr'><strong>predam</strong></span> <span class='ocrx_word' id='word_1_149' title='bbox 737 2161 881 2231; x_wconf 90' lang='lat' dir='ltr'><strong>liberare</strong></span> <span class='ocrx_word' id='word_1_150' title='bbox 898 2163 1074 2254; x_wconf 83' lang='lat' dir='ltr'><strong>volentes,</strong></span> <span class='ocrx_word' id='word_1_151' title='bbox 1101 2165 1151 2232; x_wconf 91' lang='lat' dir='ltr'><strong>si-</strong></span> 
     </span>
     <span class='ocr_line' id='line_1_21' title="bbox 41 2260 793 2356; baseline 0.008 -33"><span class='ocrx_word' id='word_1_152' title='bbox 41 2261 132 2329; x_wconf 90' lang='lat' dir='ltr'><strong>militer</strong></span> <span class='ocrx_word' id='word_1_153' title='bbox 148 2266 324 2352; x_wconf 90' lang='lat' dir='ltr'><strong>capiuntur</strong></span> <span class='ocrx_word' id='word_1_154' title='bbox 341 2268 375 2331; x_wconf 84' lang='lat' dir='ltr'><strong>el¹</strong></span> <span class='ocrx_word' id='word_1_155' title='bbox 391 2279 464 2330; x_wconf 92' lang='lat' dir='ltr'><strong>cum</strong></span> <span class='ocrx_word' id='word_1_156' title='bbox 482 2263 558 2330; x_wconf 90' lang='lat' dir='ltr'><strong>aliis</strong></span> <span class='ocrx_word' id='word_1_157' title='bbox 576 2260 793 2356; x_wconf 86' lang='lat' dir='ltr'><strong>deducuntur.</strong></span> 
     </span>
    </p>
   </div>
   <div class='ocr_carea' id='block_1_3' title="bbox 14 2513 1151 2704">
    <p class='ocr_par' dir='ltr' id='par_1_4' title="bbox 14 2513 1151 2704">
     <span class='ocr_line' id='line_1_22' title="bbox 14 2513 1151 2606; baseline 0.005 -26"><span class='ocrx_word' id='word_1_158' title='bbox 14 2591 15 2594; x_wconf 8' lang='grc' dir='ltr'><strong>Ἴ</strong></span> <span class='ocrx_word' id='word_1_159' title='bbox 40 2513 75 2582; x_wconf 85' lang='lat' dir='ltr'><strong>lic</strong></span> <span class='ocrx_word' id='word_1_160' title='bbox 88 2517 234 2586; x_wconf 74' lang='lat' dir='ltr'><strong>necnec</strong></span> <span class='ocrx_word' id='word_1_161' title='bbox 252 2519 391 2588; x_wconf 74' lang='lat' dir='ltr'><strong>Idocnai</strong></span> <span class='ocrx_word' id='word_1_162' title='bbox 408 2522 562 2606; x_wconf 81' lang='lat' dir='ltr'><strong>episcopo</strong></span> <span class='ocrx_word' id='word_1_163' title='bbox 577 2519 755 2588; x_wconf 83' lang='lat' dir='ltr'><strong>Basilionsi</strong></span> <span class='ocrx_word' id='word_1_164' title='bbox 766 2521 885 2606; x_wconf 83' lang='lat' dir='ltr'><strong>posteo</strong></span> <span class='ocrx_word' id='word_1_165' title='bbox 900 2517 1151 2606; x_wconf 75' lang='lat' dir='ltr'><strong>archiepiscopo</strong></span> 
     </span>
     <span class='ocr_line' id='line_1_23' title="bbox 114 2616 361 2704; baseline 0.008 -20"><span class='ocrx_word' id='word_1_166' title='bbox 114 2616 361 2704; x_wconf 80' lang='lat' dir='ltr'><strong>Mopunlincosi.</strong></span> 
     </span>
    </p>
   </div>
   <div class='ocr_carea' id='block_1_4' title="bbox 14 2763 1150 3744">
    <p class='ocr_par' dir='ltr' id='par_1_5' title="bbox 14 2763 1150 3324">
     <span class='ocr_line' id='line_1_24' title="bbox 14 2763 1149 2855; baseline 0.003 -25"><span class='ocrx_word' id='word_1_167' title='bbox 14 2781 15 2788; x_wconf 51' lang='lat'>¹</span> <span class='ocrx_word' id='word_1_168' title='bbox 97 2763 172 2833; x_wconf 85' lang='lat' dir='ltr'><strong>lres</strong></span> <span class='ocrx_word' id='word_1_169' title='bbox 189 2767 359 2855; x_wconf 88' lang='lat' dir='ltr'><strong>principes</strong></span> <span class='ocrx_word' id='word_1_170' title='bbox 378 2767 541 2835; x_wconf 89' lang='lat' dir='ltr'><strong>&#39;leutonie</strong></span> <span class='ocrx_word' id='word_1_171' title='bbox 560 2767 624 2834; x_wconf 90' lang='lat' dir='ltr'><strong>orti</strong></span> <span class='ocrx_word' id='word_1_172' title='bbox 650 2764 692 2833; x_wconf 88' lang='lat' dir='ltr'><strong>de</strong></span> <span class='ocrx_word' id='word_1_173' title='bbox 711 2765 790 2833; x_wconf 89' lang='lat' dir='ltr'><strong>lsini</strong></span> <span class='ocrx_word' id='word_1_174' title='bbox 810 2763 933 2833; x_wconf 89' lang='lat' dir='ltr'><strong>Suevie</strong></span> <span class='ocrx_word' id='word_1_175' title='bbox 953 2763 1077 2854; x_wconf 91' lang='lat' dir='ltr'><strong>oppido</strong></span> <span class='ocrx_word' id='word_1_176' title='bbox 1095 2783 1149 2833; x_wconf 87' lang='lat' dir='ltr'><strong>rc-</strong></span> 
     </span>
     <span class='ocr_line' id='line_1_25' title="bbox 41 2857 1150 2954; baseline 0.008 -31"><span class='ocrx_word' id='word_1_177' title='bbox 41 2857 170 2930; x_wconf 89' lang='lat' dir='ltr'><strong>iemntur.</strong></span> <span class='ocrx_word' id='word_1_178' title='bbox 204 2865 342 2933; x_wconf 89' lang='lat' dir='ltr'><strong>Scilicet</strong></span> <span class='ocrx_word' id='word_1_179' title='bbox 367 2867 549 2954; x_wconf 89' lang='lat' dir='ltr'><strong>episcopus</strong></span> <span class='ocrx_word' id='word_1_180' title='bbox 568 2864 737 2932; x_wconf 72' lang='lat' dir='ltr'><strong>bullensis</strong></span> <span class='ocrx_word' id='word_1_181' title='bbox 765 2864 821 2952; x_wconf 88' lang='lat' dir='ltr'><strong>qui</strong></span> <span class='ocrx_word' id='word_1_182' title='bbox 845 2861 929 2930; x_wconf 87' lang='lat' dir='ltr'><strong>labri</strong></span> <span class='ocrx_word' id='word_1_183' title='bbox 947 2862 1034 2931; x_wconf 91' lang='lat' dir='ltr'><strong>tilius</strong></span> <span class='ocrx_word' id='word_1_184' title='bbox 1053 2863 1150 2933; x_wconf 90' lang='lat' dir='ltr'><strong>dioe-</strong></span> 
     </span>
     <span class='ocr_line' id='line_1_26' title="bbox 42 2955 1150 3052; baseline 0.008 -30"><span class='ocrx_word' id='word_1_185' title='bbox 42 2955 130 3043; x_wconf 89' lang='lat' dir='ltr'><strong>batur‚</strong></span> <span class='ocrx_word' id='word_1_186' title='bbox 151 2964 230 3031; x_wconf 90' lang='lat' dir='ltr'><strong>item</strong></span> <span class='ocrx_word' id='word_1_187' title='bbox 250 2964 520 3052; x_wconf 88' lang='lat' dir='ltr'><strong>archiepiscopus</strong></span> <span class='ocrx_word' id='word_1_188' title='bbox 540 2962 796 3050; x_wconf 86' lang='lat' dir='ltr'><strong>Salzburgensis</strong></span> <span class='ocrx_word' id='word_1_189' title='bbox 822 2963 877 3052; x_wconf 89' lang='lat' dir='ltr'><strong>qui</strong></span> <span class='ocrx_word' id='word_1_190' title='bbox 904 2967 996 3030; x_wconf 92' lang='lat' dir='ltr'><strong>ortus</strong></span> <span class='ocrx_word' id='word_1_191' title='bbox 1021 2981 1063 3031; x_wconf 87' lang='lat' dir='ltr'><strong>ex</strong></span> <span class='ocrx_word' id='word_1_192' title='bbox 1087 2981 1150 3051; x_wconf 90' lang='lat' dir='ltr'><strong>pa-</strong></span> 
     </span>
     <span class='ocr_line' id='line_1_27' title="bbox 43 3059 1150 3152; baseline 0.01 -33"><span class='ocrx_word' id='word_1_193' title='bbox 43 3059 161 3128; x_wconf 89' lang='lat' dir='ltr'><strong>rentibus</strong></span> <span class='ocrx_word' id='word_1_194' title='bbox 185 3063 390 3150; x_wconf 90' lang='lat' dir='ltr'><strong>pauperibus</strong></span> <span class='ocrx_word' id='word_1_195' title='bbox 417 3062 478 3130; x_wconf 89' lang='lat' dir='ltr'><strong>sed</strong></span> <span class='ocrx_word' id='word_1_196' title='bbox 504 3061 672 3131; x_wconf 90' lang='lat' dir='ltr'><strong>nobilibus</strong></span> <span class='ocrx_word' id='word_1_197' title='bbox 697 3061 893 3152; x_wconf 86' lang='lat' dir='ltr'><strong>predicatur,</strong></span> <span class='ocrx_word' id='word_1_198' title='bbox 911 3060 999 3130; x_wconf 92' lang='lat' dir='ltr'><strong>idem</strong></span> <span class='ocrx_word' id='word_1_199' title='bbox 1017 3061 1150 3130; x_wconf 89' lang='lat' dir='ltr'><strong>archio-</strong></span> 
     </span>
     <span class='ocr_line' id='line_1_28' title="bbox 43 3155 1150 3317; baseline 0.009 -97"><span class='ocrx_word' id='word_1_200' title='bbox 43 3155 175 3317; x_wconf 56' lang='lat' dir='ltr'><strong>gillius</strong></span> <span class='ocrx_word' id='word_1_201' title='bbox 193 3159 412 3248; x_wconf 85' lang='lat' dir='ltr'><strong>Magantinus</strong></span> <span class='ocrx_word' id='word_1_202' title='bbox 438 3161 494 3249; x_wconf 85' lang='lat' dir='ltr'><strong>qui</strong></span> <span class='ocrx_word' id='word_1_203' title='bbox 512 3162 596 3229; x_wconf 91' lang='lat' dir='ltr'><strong>inter</strong></span> <span class='ocrx_word' id='word_1_204' title='bbox 612 3162 772 3251; x_wconf 90' lang='lat' dir='ltr'><strong>pistomm</strong></span> <span class='ocrx_word' id='word_1_205' title='bbox 797 3159 883 3230; x_wconf 92' lang='lat' dir='ltr'><strong>lilios</strong></span> <span class='ocrx_word' id='word_1_206' title='bbox 908 3159 1051 3230; x_wconf 91' lang='lat' dir='ltr'><strong>nobilior</strong></span> <span class='ocrx_word' id='word_1_207' title='bbox 1076 3179 1150 3230; x_wconf 91' lang='lat' dir='ltr'><strong>cre-</strong></span> 
     </span>
     <span class='ocr_line' id='line_1_29' title="bbox 58 3253 162 3324; baseline 0.058 -5"><span class='ocrx_word' id='word_1_208' title='bbox 58 3253 162 3324; x_wconf 90' lang='lat' dir='ltr'><strong>ebatur.</strong></span> 
     </span>
    </p>

    <p class='ocr_par' dir='ltr' id='par_1_6' title="bbox 44 3355 1150 3744">
     <span class='ocr_line' id='line_1_30' title="bbox 97 3355 1149 3447; baseline 0.004 -26"><span class='ocrx_word' id='word_1_209' title='bbox 97 3355 128 3422; x_wconf 94' lang='lat' dir='ltr'><strong>ln</strong></span> <span class='ocrx_word' id='word_1_210' title='bbox 147 3355 269 3426; x_wconf 91' lang='lat' dir='ltr'><strong>Suevio</strong></span> <span class='ocrx_word' id='word_1_211' title='bbox 288 3359 368 3426; x_wconf 88' lang='lat' dir='ltr'><strong>villa</strong></span> <span class='ocrx_word' id='word_1_212' title='bbox 384 3359 484 3427; x_wconf 90' lang='lat' dir='ltr'><strong>lsena</strong></span> <span class='ocrx_word' id='word_1_213' title='bbox 500 3361 605 3447; x_wconf 91' lang='lat' dir='ltr'><strong>pistor</strong></span> <span class='ocrx_word' id='word_1_214' title='bbox 622 3365 659 3427; x_wconf 89' lang='lat' dir='ltr'><strong>nt</strong></span> <span class='ocrx_word' id='word_1_215' title='bbox 676 3357 848 3426; x_wconf 87' lang='lat' dir='ltr'><strong>dicebatur</strong></span> <span class='ocrx_word' id='word_1_216' title='bbox 863 3359 1078 3426; x_wconf 90' lang='lat' dir='ltr'><strong>communiter</strong></span> <span class='ocrx_word' id='word_1_217' title='bbox 1095 3373 1149 3425; x_wconf 91' lang='lat' dir='ltr'><strong>re-</strong></span> 
     </span>
     <span class='ocr_line' id='line_1_31' title="bbox 44 3449 1148 3548; baseline 0.007 -34"><span class='ocrx_word' id='word_1_218' title='bbox 44 3449 131 3521; x_wconf 89' lang='lat' dir='ltr'><strong>sidens</strong></span> <span class='ocrx_word' id='word_1_219' title='bbox 153 3464 242 3548; x_wconf 87' lang='lat' dir='ltr'><strong>erat,</strong></span> <span class='ocrx_word' id='word_1_220' title='bbox 268 3458 323 3544; x_wconf 87' lang='lat' dir='ltr'><strong>qui</strong></span> <span class='ocrx_word' id='word_1_221' title='bbox 339 3457 463 3526; x_wconf 92' lang='lat' dir='ltr'><strong>liberos</strong></span> <span class='ocrx_word' id='word_1_222' title='bbox 485 3475 567 3526; x_wconf 86' lang='lat' dir='ltr'><strong>suos</strong></span> <span class='ocrx_word' id='word_1_223' title='bbox 584 3463 652 3525; x_wconf 88' lang='lat' dir='ltr'><strong>arte</strong></span> <span class='ocrx_word' id='word_1_224' title='bbox 672 3475 733 3526; x_wconf 90' lang='lat' dir='ltr'><strong>sua</strong></span> <span class='ocrx_word' id='word_1_225' title='bbox 746 3455 954 3525; x_wconf 89' lang='lat' dir='ltr'><strong>laudabiliter</strong></span> <span class='ocrx_word' id='word_1_226' title='bbox 976 3454 1148 3524; x_wconf 91' lang='lat' dir='ltr'><strong>educabat.</strong></span> 
     </span>
     <span class='ocr_line' id='line_1_32' title="bbox 45 3545 1150 3647; baseline 0.009 -35"><span class='ocrx_word' id='word_1_227' title='bbox 45 3545 201 3622; x_wconf 81' lang='lat' dir='ltr'><strong>Hirtilium</strong></span> <span class='ocrx_word' id='word_1_228' title='bbox 226 3557 358 3647; x_wconf 88' lang='lat' dir='ltr'><strong>genuit,</strong></span> <span class='ocrx_word' id='word_1_229' title='bbox 387 3555 578 3624; x_wconf 86' lang='lat' dir='ltr'><strong>Heinricum</strong></span> <span class='ocrx_word' id='word_1_230' title='bbox 602 3573 674 3626; x_wconf 92' lang='lat' dir='ltr'><strong>eum</strong></span> <span class='ocrx_word' id='word_1_231' title='bbox 701 3555 900 3644; x_wconf 92' lang='lat' dir='ltr'><strong>nominavit,</strong></span> <span class='ocrx_word' id='word_1_232' title='bbox 931 3554 1048 3622; x_wconf 91' lang='lat' dir='ltr'><strong>litteris</strong></span> <span class='ocrx_word' id='word_1_233' title='bbox 1074 3571 1150 3622; x_wconf 90' lang='lat' dir='ltr'><strong>eum</strong></span> 
     </span>
     <span class='ocr_line' id='line_1_33' title="bbox 45 3649 1149 3744; baseline 0.002 -26"><span class='ocrx_word' id='word_1_234' title='bbox 45 3653 180 3743; x_wconf 81' lang='lat' dir='ltr'><strong>apposuit,</strong></span> <span class='ocrx_word' id='word_1_235' title='bbox 194 3659 229 3721; x_wconf 88' lang='lat' dir='ltr'><strong>et</strong></span> <span class='ocrx_word' id='word_1_236' title='bbox 245 3661 282 3722; x_wconf 92' lang='lat' dir='ltr'><strong>ut</strong></span> <span class='ocrx_word' id='word_1_237' title='bbox 293 3671 366 3722; x_wconf 88' lang='lat' dir='ltr'><strong>cum</strong></span> <span class='ocrx_word' id='word_1_238' title='bbox 383 3655 535 3723; x_wconf 90' lang='lat' dir='ltr'><strong>clericum</strong></span> <span class='ocrx_word' id='word_1_239' title='bbox 549 3653 672 3723; x_wconf 84' lang='lat' dir='ltr'><strong>laceret</strong></span> <span class='ocrx_word' id='word_1_240' title='bbox 686 3672 747 3744; x_wconf 92' lang='lat' dir='ltr'><strong>pro</strong></span> <span class='ocrx_word' id='word_1_241' title='bbox 762 3653 885 3721; x_wconf 89' lang='lat' dir='ltr'><strong>viribus</strong></span> <span class='ocrx_word' id='word_1_242' title='bbox 898 3651 1082 3720; x_wconf 89' lang='lat' dir='ltr'><strong>laborabat.</strong></span> <span class='ocrx_word' id='word_1_243' title='bbox 1097 3649 1149 3720; x_wconf 87' lang='lat' dir='ltr'><strong>Ad</strong></span> 
     </span>
    </p>
   </div>
   <div class='ocr_carea' id='block_1_5' title="bbox 47 3747 1262 3844">
    <p class='ocr_par' dir='ltr' id='par_1_7' title="bbox 47 3747 1262 3844">
     <span class='ocr_line' id='line_1_34' title="bbox 47 3747 1262 3844; baseline 0.01 -35"><span class='ocrx_word' id='word_1_244' title='bbox 47 3748 130 3816; x_wconf 88' lang='lat' dir='ltr'><strong>scolas</strong></span> <span class='ocrx_word' id='word_1_245' title='bbox 146 3751 290 3821; x_wconf 89' lang='lat' dir='ltr'><strong>Parisios</strong></span> <span class='ocrx_word' id='word_1_246' title='bbox 309 3753 439 3822; x_wconf 86' lang='lat' dir='ltr'><strong>tandem</strong></span> <span class='ocrx_word' id='word_1_247' title='bbox 458 3757 565 3843; x_wconf 92' lang='lat' dir='ltr'><strong>ipsum</strong></span> <span class='ocrx_word' id='word_1_248' title='bbox 581 3755 681 3844; x_wconf 89' lang='lat' dir='ltr'><strong>misit,</strong></span> <span class='ocrx_word' id='word_1_249' title='bbox 702 3759 735 3821; x_wconf 92' lang='lat' dir='ltr'><strong>et</strong></span> <span class='ocrx_word' id='word_1_250' title='bbox 755 3759 792 3820; x_wconf 91' lang='lat' dir='ltr'><strong>ut</strong></span> <span class='ocrx_word' id='word_1_251' title='bbox 812 3752 898 3820; x_wconf 90' lang='lat' dir='ltr'><strong>benc</strong></span> <span class='ocrx_word' id='word_1_252' title='bbox 915 3749 1062 3819; x_wconf 89' lang='lat' dir='ltr'><strong>disceret</strong></span> <span class='ocrx_word' id='word_1_253' title='bbox 1075 3769 1149 3820; x_wconf 86' lang='lat' dir='ltr'><strong>eum</strong></span> <span class='ocrx_word' id='word_1_254' title='bbox 1258 3747 1262 3754; x_wconf 86' lang='grc'>’</span> 
     </span>
    </p>
   </div>
   <div class='ocr_carea' id='block_1_6' title="bbox 46 3840 1149 4316">
    <p class='ocr_par' dir='ltr' id='par_1_8' title="bbox 46 3840 1149 4316">
     <span class='ocr_line' id='line_1_35' title="bbox 46 3840 1149 3940; baseline 0.01 -33"><span class='ocrx_word' id='word_1_255' title='bbox 46 3840 156 3916; x_wconf 89' lang='lat' dir='ltr'><strong>idoliter</strong></span> <span class='ocrx_word' id='word_1_256' title='bbox 170 3850 370 3920; x_wconf 91' lang='lat' dir='ltr'><strong>hortabatur.</strong></span> <span class='ocrx_word' id='word_1_257' title='bbox 398 3853 531 3921; x_wconf 90' lang='lat' dir='ltr'><strong>Iuvenis</strong></span> <span class='ocrx_word' id='word_1_258' title='bbox 546 3854 610 3922; x_wconf 90' lang='lat' dir='ltr'><strong>iste</strong></span> <span class='ocrx_word' id='word_1_259' title='bbox 628 3853 762 3922; x_wconf 89' lang='lat' dir='ltr'><strong>multum</strong></span> <span class='ocrx_word' id='word_1_260' title='bbox 781 3850 891 3920; x_wconf 92' lang='lat' dir='ltr'><strong>subito</strong></span> <span class='ocrx_word' id='word_1_261' title='bbox 907 3849 1149 3940; x_wconf 73' lang='lat' dir='ltr'><strong>proiecitpre-</strong></span> 
     </span>
     <span class='ocr_line' id='line_1_36' title="bbox 47 3938 1148 4040; baseline 0.01 -35"><span class='ocrx_word' id='word_1_262' title='bbox 47 3938 199 4018; x_wconf 91' lang='lat' dir='ltr'><strong>dicationes</strong></span> <span class='ocrx_word' id='word_1_263' title='bbox 216 3956 253 4018; x_wconf 90' lang='lat' dir='ltr'><strong>ut</strong></span> <span class='ocrx_word' id='word_1_264' title='bbox 266 3951 442 4040; x_wconf 84' lang='lat' dir='ltr'><strong>proiceret</strong></span> <span class='ocrx_word' id='word_1_265' title='bbox 457 3950 590 4040; x_wconf 84' lang='lat' dir='ltr'><strong>quando</strong></span> <span class='ocrx_word' id='word_1_266' title='bbox 606 3949 779 4020; x_wconf 89' lang='lat' dir='ltr'><strong>commode</strong></span> <span class='ocrx_word' id='word_1_267' title='bbox 794 3951 904 4038; x_wconf 90' lang='lat' dir='ltr'><strong>potuit</strong></span> <span class='ocrx_word' id='word_1_268' title='bbox 919 3947 1148 4038; x_wconf 81' lang='lat' dir='ltr'><strong>frequentavit.</strong></span> 
     </span>
     <span class='ocr_line' id='line_1_37' title="bbox 48 4035 1149 4139; baseline 0.005 -28"><span class='ocrx_word' id='word_1_269' title='bbox 48 4035 71 4104; x_wconf 82' lang='lat' dir='ltr'><strong>ll</strong></span> <span class='ocrx_word' id='word_1_270' title='bbox 83 4045 297 4129; x_wconf 89' lang='lat' dir='ltr'><strong>predicatione</strong></span> <span class='ocrx_word' id='word_1_271' title='bbox 313 4049 483 4118; x_wconf 90' lang='lat' dir='ltr'><strong>cuiusdam</strong></span> <span class='ocrx_word' id='word_1_272' title='bbox 502 4049 720 4139; x_wconf 90' lang='lat' dir='ltr'><strong>predicatoris</strong></span> <span class='ocrx_word' id='word_1_273' title='bbox 738 4050 971 4138; x_wconf 88' lang='lat' dir='ltr'><strong>compungitur</strong></span> <span class='ocrx_word' id='word_1_274' title='bbox 986 4049 1040 4116; x_wconf 92' lang='lat' dir='ltr'><strong>bic</strong></span> <span class='ocrx_word' id='word_1_275' title='bbox 1053 4050 1149 4117; x_wconf 91' lang='lat' dir='ltr'><strong>iuve-</strong></span> 
     </span>
     <span class='ocr_line' id='line_1_38' title="bbox 49 4138 1148 4236; baseline 0.012 -35"><span class='ocrx_word' id='word_1_276' title='bbox 49 4138 96 4226; x_wconf 91' lang='lat' dir='ltr'><strong>nis,</strong></span> <span class='ocrx_word' id='word_1_277' title='bbox 112 4149 141 4210; x_wconf 87' lang='lat' dir='ltr'><strong>et</strong></span> <span class='ocrx_word' id='word_1_278' title='bbox 157 4149 253 4215; x_wconf 93' lang='lat' dir='ltr'><strong>vitam</strong></span> <span class='ocrx_word' id='word_1_279' title='bbox 278 4165 372 4216; x_wconf 88' lang='lat' dir='ltr'><strong>suam</strong></span> <span class='ocrx_word' id='word_1_280' title='bbox 387 4149 548 4236; x_wconf 90' lang='lat' dir='ltr'><strong>cogitavit</strong></span> <span class='ocrx_word' id='word_1_281' title='bbox 569 4148 708 4217; x_wconf 89' lang='lat' dir='ltr'><strong>irdoliter</strong></span> <span class='ocrx_word' id='word_1_282' title='bbox 727 4145 915 4216; x_wconf 87' lang='lat' dir='ltr'><strong>emendare.</strong></span> <span class='ocrx_word' id='word_1_283' title='bbox 942 4147 1020 4236; x_wconf 94' lang='lat' dir='ltr'><strong>lpsa</strong></span> <span class='ocrx_word' id='word_1_284' title='bbox 1038 4153 1148 4215; x_wconf 87' lang='lat' dir='ltr'><strong>autern</strong></span> 
     </span>
     <span class='ocr_line' id='line_1_39' title="bbox 49 4244 1146 4316; baseline 0.008 -13"><span class='ocrx_word' id='word_1_285' title='bbox 49 4245 221 4313; x_wconf 82' lang='lat' dir='ltr'><strong>ructaverit</strong></span> <span class='ocrx_word' id='word_1_286' title='bbox 236 4245 278 4315; x_wconf 92' lang='lat' dir='ltr'><strong>ad</strong></span> <span class='ocrx_word' id='word_1_287' title='bbox 296 4265 370 4315; x_wconf 90' lang='lat' dir='ltr'><strong>eum</strong></span> <span class='ocrx_word' id='word_1_288' title='bbox 389 4247 543 4316; x_wconf 93' lang='lat' dir='ltr'><strong>diabolus</strong></span> <span class='ocrx_word' id='word_1_289' title='bbox 559 4249 592 4315; x_wconf 93' lang='lat' dir='ltr'><strong>in</strong></span> <span class='ocrx_word' id='word_1_290' title='bbox 610 4247 749 4316; x_wconf 89' lang='lat' dir='ltr'><strong>somniis</strong></span> <span class='ocrx_word' id='word_1_291' title='bbox 766 4253 801 4314; x_wconf 90' lang='lat' dir='ltr'><strong>ut</strong></span> <span class='ocrx_word' id='word_1_292' title='bbox 820 4245 882 4315; x_wconf 91' lang='lat' dir='ltr'><strong>sibi</strong></span> <span class='ocrx_word' id='word_1_293' title='bbox 897 4244 1071 4315; x_wconf 90' lang='lat' dir='ltr'><strong>videbatur·</strong></span> <span class='ocrx_word' id='word_1_294' title='bbox 1088 4261 1146 4313; x_wconf 92' lang='lat' dir='ltr'><strong>cs-</strong></span> 
     </span>
    </p>
   </div>
   <div class='ocr_carea' id='block_1_7' title="bbox 0 0 1460 4834">
    <p class='ocr_par' dir='ltr' id='par_1_9' title="bbox 0 0 1460 4834">
     <span class='ocr_line' id='line_1_40' title="bbox 0 0 1460 4834; baseline 0 0"><span class='ocrx_word' id='word_1_295' title='bbox 0 0 1460 4834; x_wconf 95' lang='lat' dir='ltr'><strong> </strong></span> 
     </span>
    </p>
   </div>
  </div>
 </body>
</html>
