2888 4824
466 200 504 246 rx
526 200 623 246 rncrm
645 199 749 248 wrvrs.
1103 178 1176 244 etr

28 337 241 404 lamentatus
269 336 333 405 heu
360 337 445 426 proh
469 336 564 406 dolor
588 340 761 427 expiravit.
795 337 901 408 Huius
926 343 1005 410 anni
1021 343 1173 429 lugubris
1193 349 1257 410 tati

29 437 182 502 exaratio
205 437 270 502 iam
289 437 457 524 quiescat,
483 438 517 504 in
536 454 602 523 quo
621 443 670 506 tot
687 438 830 528 nobilcS,
859 439 1061 510 firmissimas
1083 444 1179 528 regni

28 535 132 602 nostri
153 534 345 625 columnas,
360 553 447 604 mors
462 553 597 624 parcere
610 538 726 606 nescia
739 537 781 606 de
799 540 964 626 presentis
978 541 1044 608 vite
1064 547 1179 609 sustu·

27 633 250 700 mmmmm

100 729 214 800 Anno
234 750 300 818 quo
317 732 494 801 visibilium
515 737 549 800 et
565 733 780 800 invisibilium
797 736 977 823 plasmator
989 737 1177 829 muniiicns,

28 837 142 898 nostre
164 825 358 899 condolens
376 833 525 920 miserie,
554 831 652 899 filiurn
671 849 770 898 suum
789 835 876 902 misit
899 835 934 903 in
953 837 1045 903 terris
1064 839 1178 924 propi·-
1271 839 1274 844 '

31 930 188 996 tiatorem
218 948 279 1017 pro
304 933 452 1018 peccatis
477 931 602 998 nostris
627 931 800 999 mcclxxi
827 928 960 1024 [1272]
993 933 1177 1004 Richardus

31 1027 262 1096 Romanorum
281 1046 339 1096 rex
356 1030 511 1118 illustris,
526 1030 784 1114 ingravescente
802 1031 916 1100 morbo
926 1084 936 1120 ,
962 1032 1177 1102 devotissima

33 1125 235 1214 penitudine
255 1132 342 1195 retro
361 1135 435 1196 acta
453 1127 649 1217 deplorans,
669 1133 870 1197 testamento
889 1130 1037 1220 condito,
1057 1151 1177 1202 sacro-

32 1233 149 1292 sancto
172 1226 353 1294 roboratus
372 1227 511 1312 viatico,
530 1227 574 1292 iiii
593 1243 670 1294 non.
689 1229 801 1314 aprilis
822 1225 908 1318 [apr.
928 1226 986 1320 2],
1006 1230 1060 1298 dic
1079 1233 1177 1299 scili-

34 1328 82 1390 cet
99 1323 240 1392 sabbati
258 1327 407 1412 proxima
431 1331 508 1392 ante
535 1323 674 1392 mediam
695 1325 995 1418 quadragesimam,
1023 1330 1178 1414 migravit

34 1441 49 1488 a
67 1423 203 1510 seculo,
222 1425 362 1508 gloriam
380 1423 492 1492 mundi
511 1423 732 1491 transitoriam
749 1443 807 1512 pro
828 1427 944 1494 celesti
962 1445 1067 1514 regno
1083 1445 1177 1496 com-

35 1528 178 1609 mutans,
199 1521 303 1606 gleba
316 1523 467 1610 corporis
487 1523 539 1590 sui
556 1521 590 1588 in
609 1523 755 1590 ecclesia
773 1527 986 1593 conventuali
1005 1532 1178 1595 monaste-

34 1621 69 1684 rii
86 1620 138 1685 sui
159 1619 206 1686 de
226 1619 372 1709 Heyles,
400 1620 491 1707 quod
514 1620 698 1706 sumptibus
724 1623 794 1689 suis
819 1640 839 1689 a
863 1622 1086 1693 fundamentis
1112 1643 1177 1693 ex-

38 1723 221 1800 struxerat,
243 1736 310 1786 non
329 1719 521 1805 ignobiliter
538 1719 711 1786 collocata.

103 1815 321 1884 Meclxxiii.
340 1816 593 1898 Quintodecimo
612 1817 665 1886 dio
684 1821 762 1904 post
776 1817 897 1886 festum
911 1820 1177 1891 sanctillichae-

39 1913 75 1980 lis
94 1932 215 1983 comes
233 1914 393 1988 Radullus
413 1916 454 1984 de
473 1914 714 1984 Halesberevve
734 1915 840 1984 dictus
859 1916 950 1984 ruins
978 1917 1020 1986 de
1037 1921 1176 2006 provin-

40 2013 87 2078 cia
111 2012 316 2082 Alemannia
341 2021 522 2084 coronatus
548 2012 610 2083 luit
633 2016 667 2083 in
693 2033 806 2102 regern
835 2014 1054 2085 Romanorum
1086 2018 1176 2108 apud

40 2106 297 2198 Aquisgranum.
359 2130 361 2136 ‘

66 2776 289 2848 EXCERPTA
323 2781 379 2848 EX
417 2779 636 2850 CHRONICA
660 2779 845 2851 MARTINI
870 2779 1030 2850 POLONl
1058 2780 1150 2850 CUM

252 2876 618 2950 CONTINUATIONE.
672 2882 765 2950 12t5
786 2920 831 2930 -
853 2881 957 2960 1286.

515 3051 712 3062 ...ι-αισα...-

110 3167 179 3266 De
197 3203 336 3286 imperio
355 3207 505 3270 docente.
529 3203 713 3272 Romanum
732 3203 903 3292 imperium
922 3205 994 3272 sive
1011 3210 1090 3291 post
1108 3201 1170 3270 de·
1190 3202 1256 3255 ¹24⁵
1335 3270 1337 3274 .

50 3298 246 3381 posicionem
264 3300 419 3398 Fridericj
444 3301 583 3370 secundi
607 3301 649 3370 ab
676 3304 814 3390 imperio
839 3304 910 3370 sive
934 3308 1012 3388 post
1038 3309 1176 3370 mortem

51 3397 112 3463 aius
130 3400 219 3486 capit
235 3417 365 3468 vacare.
395 3400 478 3469 Nam
503 3407 581 3489 post
604 3399 855 3489 deposicionem
881 3401 987 3486 ipsius
1013 3417 1101 3486 papa
1118 3399 1175 3466 ln·

51 3500 222 3566 nocencius
241 3504 389 3588 quartuS,
409 3501 465 3586 qui
479 3518 552 3567 eum
572 3499 783 3588 deposuerat,
802 3499 989 3586 procuravit
1006 3515 1066 3584 per
1083 3498 1176 3584 prin-

53 3591 132 3678 cipes
149 3594 323 3664 Alemenie
343 3599 506 3666 electores
523 3599 636 3686 plures
651 3599 729 3684 eligi
750 3597 792 3664 ad
813 3597 983 3684 imperium
992 3647 1002 3684 ,
1019 3594 1177 3662 videlicet

53 3687 260 3778 lantgravium
279 3696 460 3783 Thuringie
473 3702 506 3764 et
525 3698 674 3765 comitem
690 3694 867 3764 Hollandie
881 3694 1084 3762 successive.
1112 3691 1176 3774 Qui

56 3795 218 3878 antequam
247 3793 289 3861 ad
315 3795 517 3882 imperialem
549 3794 817 3864 benedictionem
848 3794 1085 3880 pervenissent
1107 3793 1175 3860 vite

56 3888 209 3958 terminum
235 3900 430 3978 exegerunt.
475 3893 555 3962 Post
580 3899 716 3963 mortem
742 3910 820 3961 vero
843 3891 982 3980 predicti
1006 3890 1173 3980 Friderici‚

57 3983 205 4058 electores
224 3992 258 4057 in
273 3991 340 4060 duo
356 4009 394 4060 so
410 3991 616 4082 dividentes,
636 3992 767 4079 quidam
784 4008 897 4076 regem
915 3989 1077 4080 Castelle,
1089 3991 1173 4076 ,qui-

59 4079 120 4152 dam
135 4105 212 4158 vero
231 4092 384 4158 comitem
406 4091 588 4181 Cornnbic,
616 4091 748 4158 fratrem
766 4091 854 4176 regis
878 4085 1020 4179 Anglie,
1046 4088 1088 4156 ad
1105 4089 1172 4155 im·-

57 4184 163 4263 perium
185 4189 367 4275 elegerunt.
396 4188 493 4270 Quod
509 4192 631 4258 scisma
651 4190 759 4258 multis
781 4189 878 4257 annis
896 4194 930 4256 ct
944 4205 1053 4275 usque
1071 4185 1171 4254 hodie
