2888 4824
284 227 356 295 384
662 256 699 306 nx
722 253 844 300 urrunnu
867 253 1029 301 aucurrnsr.

200 406 266 460 1²15
285 399 452 482 noratum,
484 394 525 462 ab
545 391 669 461 Ottone
696 392 874 482 recedunt,
900 391 1068 460 Friderioo
1092 391 1310 480 adherentem
1341 413 1413 464 cum

281 499 391 560 tamen
417 491 579 561 haberent
602 493 760 581 plurimos
788 498 852 560 tam
880 492 921 559 de
949 492 1072 581 oppido
1105 511 1204 578 quam
1230 493 1272 560 de
1296 495 1411 563 vicinis

280 592 363 660 locis
382 593 415 660 in
433 591 496 658 hoo
514 591 577 659 sibi
595 610 662 659 nou
687 594 950 660 consentientes.
985 591 1054 659 Nec
1073 609 1174 659 mora.
1210 593 1311 659 Seras
1330 613 1412 681 quas

282 690 442 760 Arnulsus
460 689 606 758 iudexin
619 693 724 780 portis
742 690 867 760 lecerat
885 690 1095 776 lrangnut‚et
1113 709 1186 758 eum
1206 692 1239 758 in
1259 695 1411 760 munitio-

280 809 357 860 nem
376 809 473 878 quam
499 792 591 858 iuxta
608 790 764 878 palatium
787 789 914 858 lecerat
936 790 1123 878 impelluut3
1158 791 1231 876 regi
1249 789 1410 860 Friderieo

282 890 431 958 scribunt
453 894 489 957 ut
512 891 625 958 veniat
642 889 793 978 pacifice,
818 889 897 976 qnia
919 890 1025 977 parati
1044 895 1121 955 sunt
1147 905 1223 956 eum
1250 895 1412 976 tamquam

282 989 449 1057 dominum
467 990 649 1076 suscipere.
678 988 801 1076 Sicque
826 987 949 1055 laetum
973 995 1025 1054 est
1049 993 1085 1054 ut
1108 987 1280 1074 predictus
1304 989 1413 1057 Aride-

280 1089 369 1156 rious
386 1107 462 1176 rex,
490 1088 640 1155 collectis
666 1087 873 1175 principibus
899 1093 932 1154 et
949 1087 1169 1174 'optimatibus
1194 1089 1314 1176 regni,
1344 1107 1412 1155 oum

281 1205 403 1274 magna
420 1187 526 1272 gloria
543 1185 649 1274 Aquis
668 1189 797 1254 veniret
814 1187 848 1252 in
865 1185 981 1271 vigilia
998 1186 1087 1253 beati
1104 1185 1225 1253 Jacobi
1245 1183 1323 1276 [inii
1342 1185 1412 1277 2ltl.

281 1286 443 1374 Sequenti
475 1303 554 1355 vero
583 1285 637 1353 die
663 1286 696 1352 iu
727 1286 872 1354 ecclesia
898 1285 995 1352 beate
1026 1284 1129 1352 Mario
1161 1291 1214 1352 cst
1238 1287 1274 1352 in
1306 1305 1414 1372 regen

281 1390 501 1454 consecratus
525 1391 559 1452 et
583 1391 763 1453 coronatus
782 1391 816 1452 et
831 1385 864 1450 in
884 1383 1040 1451 cathedra
1058 1385 1162 1468 regali
1181 1383 1381 1453 sublimatus
1397 1403 1413 1453 a

281 1483 482 1570 Moguntino
508 1483 781 1574 archiepiscopo,
817 1483 895 1571 quia
920 1481 1131 1550 Coloniensis
1159 1483 1309 1552 eeclesia
1343 1491 1412 1550 tunc

282 1582 417 1650 carebat
432 1601 494 1652 suo
512 1588 663 1671 patrono.
696 1583 766 1652 Nec
789 1599 890 1650 mora.
917 1582 999 1649 Post
1016 1583 1150 1648 missam
1176 1581 1267 1649 idem
1295 1601 1355 1650 rex
1378 1601 1413 1650 er

280 1683 449 1770 insperato
467 1683 599 1768 signum
616 1683 749 1750 vivilice
768 1683 877 1749 cuscis
895 1682 1034 1768 accepit,
1054 1687 1086 1748 et
1105 1698 1222 1748 omnes
1241 1682 1413 1769 optimates

282 1787 316 1849 et
333 1781 501 1869 principes
528 1782 623 1867 regui
648 1786 713 1848 tam
731 1799 791 1870 per
816 1799 853 1848 se
882 1799 979 1867 quam
1001 1797 1060 1866 per
1083 1778 1339 1869 predicatoreS,
1366 1783 1413 1868 qui

281 1881 419 1948 verbum
453 1882 562 1947 crucis
597 1877 832 1969 predicabant,
869 1879 1050 1946 ammonuit
1080 1884 1117 1945 ut
1146 1877 1236 1946 idem
1263 1877 1413 1946 lacerent

282 1979 405 2067 Sioque
431 1981 588 2066 plurimos
621 1979 663 2046 ad
690 1997 891 2047 consensum
922 1996 1017 2046 suum
1044 1979 1215 2046 conuertit
1256 1977 1413 2066 Sequenti

282 2097 364 2146 vero
383 2078 453 2168 die,
473 2097 538 2165 que
558 2085 610 2144 est
628 2078 811 2167 dominica,
833 2095 914 2164 rege
933 2096 951 2144 a
970 2078 1074 2164 primo
1095 2095 1192 2144 mane
1210 2094 1325 2164 usque
1344 2078 1415 2144 lrora

192 2227 194 2230 -
283 2195 372 2244 nona
396 2178 536 2244 sedente
561 2179 594 2244 in
620 2179 782 2261 ecclesia,
809 2176 1033 2266 predicatores
1053 2173 1178 2244 sortiter
1194 2177 1329 2244 instant
1346 2194 1413 2243 ver-

282 2276 359 2343 bum
378 2279 483 2344 crucis
501 2276 690 2366 predicare,
722 2279 837 2362 sicque
864 2275 955 2342 multi
980 2276 1087 2360 gratia
1113 2275 1168 2342 dei
1192 2280 1269 2342 sunt
1298 2276 1413 2361 signati

283 2391 351 2442 non
378 2375 485 2442 solum
509 2377 676 2464 principes
701 2376 761 2444 sed
789 2378 891 2443 eciam
915 2373 1101 2442 interiores
1140 2373 1236 2442 Faria
1254 2373 1412 2461 secunda,

283 2475 385 2541 missa
404 2475 609 2543 sollemniter
633 2475 820 2564 celebrata,
845 2475 923 2540 item
949 2492 1009 2540 rex
1032 2491 1154 2560 corpus
1182 2473 1273 2541 beati
1304 2472 1413 2542 Carlo-

283 2575 412 2662 manni,
432 2573 522 2660 quod
538 2591 621 2642 avus
640 2591 721 2642 suus
739 2573 926 2642 Friderious
950 2573 1127 2660 imperator
1153 2571 1196 2639 de
1216 2579 1307 2640 terra
1325 2573 1411 2640 leva-

282 2677 386 2762 verat,
404 2673 439 2740 in
458 2673 670 2758 sarcofagum
687 2673 941 2761 nobilissimum,
960 2669 1237 2758 quoquueuses
1257 2670 1410 2756 iecerunt,

284 2789 364 2839 auro
391 2779 532 2857 argento
560 2777 768 2861 contextum,
795 2772 913 2860 reponi
932 2770 1025 2858 iecit,
1055 2777 1088 2836 et
1106 2775 1247 2858 accepto
1265 2769 1409 2837 martello

283 2869 507 2958 depositoque
533 2871 633 2958 pallio
661 2889 733 2938 cum
760 2871 883 2939 artiiroe
910 2869 1092 2936 machinam
1118 2867 1292 2956 ascendit,
1324 2875 1355 2937 et
1371 2870 1410 2934 ri·

284 2967 438 3038 dentibus
463 2971 592 3038 cunetis
618 2987 691 3037 orum
715 2963 875 3056 magistro
900 2969 1015 3036 elavos
1038 2968 1161 3035 infixos
1187 2968 1260 3034 vasi
1290 2967 1410 3035 firmiter

283 3067 421 3154 clausit,
441 3069 598 3154 reliquum
618 3068 684 3136 diei
701 3069 918 3157 predicationi
936 3068 1048 3134 cessit.
1080 3066 1205 3134 Eadem
1223 3065 1279 3133 die
1300 3067 1410 3134 Mona·

285 3168 457 3233 steriensis
477 3169 657 3256 episcopus
676 3167 718 3236 ad
736 3171 858 3236 curiam
876 3168 983 3256 vern,
1009 3167 1065 3253 qui
1092 3164 1148 3232 diu
1174 3165 1215 3232 ab
1236 3162 1364 3233 Ottone
1386 3165 1411 3229 in

283 3263 409 3333 Werda
434 3265 540 3332 luerat
565 3266 731 3335 detentus.
774 3268 848 3334 Fuit
871 3268 984 3352 itaque
1014 3263 1154 3332 celebris
1184 3261 1293 3350 Aquis
1323 3265 1410 3348 curia,

285 3360 407 3432 Ottone
426 3365 535 3432 adhuc
547 3365 717 3434 residente
735 3367 769 3432 in
788 3365 936 3434 Colonia.
970 3364 1039 3432 Nec
1056 3363 1159 3430 multo
1178 3369 1257 3450 post
1273 3382 1335 3430 reu
1351 3362 1410 3432 Fri·

284 3461 417 3531 derious
435 3463 526 3531 vadit
542 3463 698 3532 Nussiam
718 3473 750 3532 et
767 3465 851 3532 redit
869 3463 1052 3532 Coloniam.
1091 3462 1188 3550 Otto,
1215 3461 1334 3529 audito
1349 3463 1409 3527 eius

284 3562 448 3652 aduentu,
475 3581 511 3630 se
531 3563 685 3632 transfert
706 3565 740 3630 iu
761 3563 959 3652 saxoniam,
978 3563 1169 3630 licentiatus
1192 3579 1213 3626 a
1235 3559 1408 3628 Colonien-

285 3660 389 3728 sibus.
418 3661 539 3750 Sicque
554 3662 738 3730 Fridericus
756 3669 808 3730 est
820 3663 854 3730 in
873 3660 1014 3730 Colonia
1029 3659 1211 3728 honorilice
1230 3678 1251 3726 a
1266 3659 1407 3746 pluribus

286 3765 483 3850 susceptus,
503 3761 614 3828 multis
639 3763 693 3848 qui
721 3759 835 3830 Ottoni
858 3761 1065 3830 adherebant
1081 3777 1150 3826 uon
1167 3759 1286 3826 leviter
1309 3757 1407 3826 leren-

286 3857 385 3922 tibus.
412 3857 597 3927 Fridoricus
624 3859 796 3928 Coloniam
821 3862 941 3948 exivit,
970 3866 1004 3926 et
1026 3859 1141 3925 lllettis
1164 3859 1277 3944 venit,
1304 3871 1405 3944 paoem

286 3956 370 4021 inter
387 3973 448 4022 cos
466 3976 533 4025 nou
554 3961 626 4026 sine
646 3959 790 4046 dampno
804 3978 923 4028 eorum
942 3960 997 4046 qui
1013 3955 1227 4025 dissidebant.
1242 3956 1330 4023 lecit.
1346 4004 1376 4020 ..

360 4051 458 4122 Arrun
471 4056 592 4124 domini
610 4061 797 4126 manual„
816 4113 822 4124 .
839 4060 987 4146 Septimo
1004 4057 1067 4122 lral.
1085 4056 1220 4140 augusti
1235 4055 1316 4122 obiit
1331 4067 1405 4142 papa

286 4152 523 4242 Innocentius,
550 4157 600 4222 vir
633 4175 757 4225 suurruc
785 4159 953 4226 literatura
982 4162 1015 4223 et
1043 4154 1254 4242 eloquentie,
1289 4155 1336 4220 vir
1360 4149 1404 4216 alti

288 4249 399 4318 cordis
418 4259 451 4320 et
474 4256 586 4339 magni
604 4256 753 4346 consilii,
773 4259 828 4344 qui
850 4259 883 4324 in
909 4256 1026 4324 diebus
1050 4255 1121 4320 suis
1145 4250 1302 4321 Ottonem
1323 4247 1404 4318 eral-
