2886 4834
263 193 332 262 120
624 221 786 268 narramus
807 221 844 266 ns
865 219 1033 267 rnsaruenn.

182 370 247 425 racc
264 364 386 430 urinum
404 359 581 432 Rudolsum
596 379 720 450 regem,
742 378 807 428 neo
820 360 932 428 timore
950 377 1012 428 nec
1035 363 1174 427 tremore
1190 357 1245 425 vel
1266 373 1401 446 pavore

261 470 460 551 concussus,
472 459 952 549 sedtanquamleoanimosus,
965 457 1402 526 collectoexercituversus

261 569 379 628 terram
396 577 528 627 suorum
546 561 725 628 emulorum
739 560 875 647 arripuit
892 561 961 626 iter.
988 559 1029 626 Et
1046 559 1148 646 prima
1165 555 1251 624 lucie
1270 556 1406 622 invasit

261 662 413 728 comitem
430 657 472 726 de
485 657 707 748 Hellenstein,
726 659 804 746 quia
822 663 908 726 terra
925 676 986 726 suo
1003 659 1140 726 vicinior
1156 658 1185 724 ei
1200 655 1270 722 luit.
1287 653 1402 734 Quem

144 783 147 790 ⁴
261 777 354 846 mon,
374 775 448 824 cum
470 760 625 827 resistere
653 763 743 825 tante
769 759 918 846 potentie
939 775 1007 826 non
1023 757 1166 845 valeret,
1185 773 1250 824 suo
1273 753 1403 820 subiu-

262 859 355 944 gavit
372 859 520 945 imperio.
554 858 595 926 llt
614 876 672 945 per
699 857 789 925 illum
813 858 965 925 comitem
989 862 1020 924 et
1043 857 1244 924 munitiones
1264 855 1343 920 eius
1371 859 1406 920 et

262 959 426 1026 civitatem
446 957 787 1044 imperiiEzzelingen
804 973 989 1042 aggressus
1010 962 1062 1024 est
1075 956 1228 1024 comitem
1245 954 1287 1021 de
1301 951 1405 1018 Wir—

261 1057 411 1140 tenberg.
439 1055 539 1124 Cuius
564 1057 692 1125 comitis
715 1062 823 1124 castra
843 1057 1041 1124 munitiones
1062 1061 1095 1122 et
1116 1055 1214 1124 uillas
1237 1051 1404 1120 incendio

260 1157 406 1223 vastavit
427 1161 460 1222 et
476 1173 515 1222 ea
530 1157 564 1222 in
585 1155 728 1222 cinerem
743 1153 888 1245 redegit,
907 1161 940 1223 et
961 1155 1114 1222 homines
1131 1159 1217 1221 terre
1236 1169 1298 1220 sue
1323 1150 1405 1217 sul-

259 1253 411 1340 iraganle
441 1253 572 1322 fortuna
598 1253 740 1322 diversis
769 1255 1040 1343 persecutionum
1067 1253 1193 1320 malleis
1223 1251 1403 1340 persequi,

261 1355 417 1440 exigente
447 1370 560 1421 eorum
585 1371 730 1422 excessu
743 1405 753 1442 ,
780 1371 848 1422 non
871 1352 1064 1422 formidans.
1102 1353 1239 1428 Etcum
1266 1349 1405 1418 videret

261 1452 350 1540 quod
368 1451 430 1520 sihi
447 1470 515 1520 non
536 1459 655 1540 posset
675 1453 850 1542 resistere,
869 1453 1002 1538 rogarit
1016 1452 1146 1520 nobiles
1166 1457 1200 1519 et
1214 1451 1402 1538 prinoipeS,

260 1558 296 1618 ut
314 1569 373 1639 pro
390 1569 430 1618 eo
451 1551 695 1620 intercederent
716 1551 805 1640 apud
827 1570 942 1638 regem
964 1551 1006 1620 ad
1027 1553 1164 1638 gratiam
1185 1569 1280 1618 suam
1303 1549 1403 1616 obti-

261 1650 412 1718 nendam.
439 1651 577 1718 Demum
598 1657 676 1739 post
697 1654 817 1720 multas
841 1652 1000 1720 nobilium
1024 1649 1196 1718 Alemanie
1221 1649 1264 1718 ad
1286 1651 1402 1736 ipsum

260 1767 374 1836 regem
396 1767 455 1838 pro
472 1751 548 1837 ipso
565 1753 684 1818 comite
707 1749 800 1819 susas
822 1769 958 1840 preces,
983 1749 1175 1818 reducendo
1195 1751 1226 1816 ei
1251 1749 1296 1816 ad
1322 1765 1401 1813 me-

261 1850 407 1937 morium,
425 1849 565 1936 qualiter
576 1850 638 1916 sibi
650 1856 743 1918 esset
758 1851 891 1918 vinculo
909 1849 1210 1936 consanguinitatis
1226 1849 1402 1934 astrictus

262 1954 296 2016 et
314 1947 403 2036 quod
418 1947 526 2016 adhuc
542 1955 634 2018 esset
648 1953 771 2018 teneris
788 1950 850 2016 sub
868 1951 974 2039 annis,
994 1955 1027 2016 et
1044 1947 1133 2036 quod
1147 1949 1314 2036 premissa
1332 1963 1401 2014 non

263 2046 377 2116 lecerit
396 2053 485 2116 motu
510 2049 642 2136 proprio
667 2047 727 2116 sed
748 2048 920 2138 inductuS,
945 2049 1069 2136 recepit
1092 2066 1164 2115 eum
1189 2047 1232 2114 ad
1255 2047 1401 2133 gratiam

264 2165 368 2215 suam.
396 2145 475 2214 Sine
497 2165 588 2216 mora
611 2153 720 2216 autem
739 2150 923 2236 assumpsit
946 2147 1010 2218 sibi
1032 2145 1200 2235 predictos
1226 2145 1315 2214 duos
1337 2136 1402 2212 co-

263 2248 379 2335 miteS,
397 2261 483 2332 qnos
507 2265 568 2314 suo
591 2247 652 2314 sub
674 2245 819 2314 dominio
839 2247 998 2334 compulit
1014 2265 1111 2335 csse,
1131 2252 1164 2312 et
1180 2247 1306 2313 invasit
1334 2252 1400 2310 tres

265 2345 404 2412 comites
431 2343 548 2412 iratres
573 2343 615 2412 de
643 2346 858 2437 Montelorti,
884 2349 973 2415 viros
1003 2351 1159 2434 potentes
1187 2349 1222 2412 et
1250 2343 1399 2431 nobiles,

263 2443 429 2532 pollentes
446 2445 556 2512 multis
575 2443 713 2536 diuitiis,
732 2446 999 2514 animadvertens
1018 2447 1052 2512 in
1071 2462 1142 2534 eos,
1161 2449 1314 2512 ettotam
1333 2450 1402 2510 ter-

263 2561 331 2610 ram
356 2560 469 2610 eorum
497 2545 530 2610 in
557 2544 702 2612 cinerem
726 2545 864 2632 redegit.
899 2543 962 2626 Qui
986 2563 1052 2612 una
1080 2561 1164 2612 voce
1193 2548 1273 2630 post
1297 2542 1401 2610 multa

265 2641 408 2730 dampna
434 2643 484 2710 eis
510 2643 602 2710 illata
628 2646 767 2729 gratiam
796 2644 1005 2732 postulantes
1032 2650 1066 2711 et
1086 2641 1264 2711 dominium
1292 2643 1401 2730 ipsius

264 2741 387 2810 domini
409 2741 540 2834 Rudolir
564 2743 736 2810 subierunt
765 2761 877 2812 suave.
904 2745 944 2812 Et
969 2744 1018 2810 sic
1040 2761 1100 2831 per
1122 2759 1278 2827 magnam
1303 2758 1400 2808 suam

161 2919 163 2922 ,
265 2843 484 2926 sagacitatem
501 2861 574 2909 oum
595 2843 691 2910 victis
712 2844 810 2910 evicit
826 2841 1047 2932 evincendos,
1074 2848 1107 2908 et
1126 2840 1315 2908 inciderunt
1340 2841 1398 2906 in·

265 2939 456 3006 dilierenter
472 2942 505 3006 in
523 2941 672 3031 lorcam,
695 2961 792 3028 quam
817 2941 971 3010 foderunt
985 2958 1102 3008 manus
1124 2957 1248 3008 eorum.
1274 2939 1398 3006 Verum

266 3057 339 3104 curn
355 3038 471 3124 reliqui
491 3042 647 3129 comites,
667 3043 722 3127 qui
746 3059 902 3108 unacum
926 3043 990 3108 iam
1014 3041 1130 3108 evictis
1153 3040 1398 3126 conspirarunt,

264 3135 429 3204 vidissent
447 3143 480 3204 et
500 3156 561 3225 pro
585 3145 677 3226 parte
696 3141 915 3208 sentivissent
932 3158 1030 3226 quarn
1056 3145 1151 3207 caute
1168 3137 1324 3206 dominus
1344 3154 1400 3204 rer

266 3253 347 3302 suos
364 3237 542 3325 complices
560 3255 622 3306 suo
640 3238 701 3306 sub
719 3240 800 3324 iugo
819 3241 997 3328 tenuisset,
1018 3245 1140 3306 etcum
1162 3239 1212 3304 eis
1230 3239 1298 3304 iam
1316 3235 1398 3304 sub-

264 3336 389 3420 iugatis
410 3353 479 3404 non
499 3337 571 3404 sine
593 3355 716 3424 magno
741 3356 852 3406 eorum
876 3338 1036 3406 scandalo
1064 3335 1254 3404 intenderet
1282 3335 1397 3403 subiu-

265 3433 397 3520 gandos
415 3435 613 3526 subiugare,
642 3437 800 3504 timebant
821 3439 884 3505 sibi
904 3439 1017 3505 timore
1039 3454 1179 3524 magno,
1199 3442 1233 3503 et
1248 3452 1397 3521 rogave-

265 3540 340 3604 runt
363 3541 396 3602 et
422 3536 533 3621 rogari
556 3535 722 3625 lecerunt,
747 3542 784 3603 ut
812 3539 985 3604 excusatio
1013 3553 1127 3602 eorum
1156 3537 1190 3602 in
1211 3539 1398 3622 conspectu

266 3634 359 3718 regie
381 3635 563 3704 maiestatis
586 3633 779 3721 dignaretur
801 3635 934 3704 admitti.
977 3633 1040 3715 Qui
1064 3651 1136 3702 cum
1158 3636 1334 3702 uenissent
1358 3629 1397 3699 ad

268 3731 462 3818 adspectum
485 3733 603 3801 iudicis
628 3733 814 3820 metuendi,
839 3753 913 3803 cum
930 3737 1345 3819 iuramentonegaverunt
1362 3748 1396 3797 se

269 3849 341 3896 cum
361 3831 434 3907 aliis
448 3833 757 3920 contrupreuictum
776 3852 889 3920 regem
908 3835 1131 3921 conspirasse.
1148 3831 1220 3900 Rex
1232 3849 1314 3899 vero
1326 3838 1397 3897 lan-

269 3947 366 4014 quam
390 3929 543 3998 dominus
570 3935 683 4021 pacis,
710 3951 770 4001 eos
790 3933 832 4001 ad
856 3934 1104 4002 exeusationem
1123 3949 1236 4000 eorum
1254 3929 1395 4016 admisit,

269 4032 301 4094 et
320 4025 406 4094 lacto
425 4027 539 4097 ledere
557 4032 642 4098 inter
661 4049 721 4099 ecs
741 4038 773 4099 et
798 4031 966 4100 dominum
989 4029 1163 4098 Rudolium
1174 4083 1183 4119 ,
1210 4033 1398 4098 iuraverunt

269 4125 376 4216 eidem
404 4126 538 4195 domino
564 4127 706 4198 Rudollo
733 4138 766 4198 et
791 4133 928 4220 imperio
957 4132 1211 4218 inperpetuum
1239 4129 1396 4197 assistere

157 4286 160 4290 .
230 4303 232 4308 ,
270 4232 383 4294 contra
412 4233 639 4316 quoscunque.
666 4229 707 4299 Et
730 4231 779 4298 sic
797 4229 884 4299 lacta
902 4236 955 4300 est
972 4247 1037 4320 pau
1055 4231 1088 4298 in
1107 4235 1176 4299 tola
1195 4235 1280 4300 terra
1301 4227 1397 4298 Sue-
