2950 4836
286 225 356 292 ott
651 248 843 294 ansnrrnaaus
864 249 1046 294 otrannusrs.

204 401 268 458 rear
286 409 345 460 rex
364 391 501 459 Boemie
523 405 583 478 per
609 386 776 455 dominum
802 386 1034 473 Magantinum
1058 385 1284 455 coronabatur
1303 387 1415 474 Prope,

282 489 502 559 condixerunt
516 487 602 556 diem
617 488 652 554 in
669 505 736 574 quo
752 493 832 574 aput
847 487 967 572 Egram
986 487 1164 554 convenire
1184 485 1360 574 deberent,
1386 493 1417 554 et

283 595 398 658 contra
419 587 601 677 predictum
613 585 836 654 Romanorum
857 603 971 672 regem
996 586 1341 673 conspirationissue
1364 587 1415 652 in-

282 695 406 757 tentum
421 686 627 775 perlicerent.
662 684 729 752 Sed
747 703 806 772 per
833 687 1021 772 potenciam
1038 686 1144 772 ipsius
1162 687 1254 770 regis
1271 684 1415 772 impediti

283 789 317 854 in
339 788 414 856 loco
439 784 596 854 condicto
617 802 686 851 non
710 791 866 872 poterant
883 787 1082 874 convenire,
1109 782 1171 850 sed
1196 782 1288 871 apud
1311 783 1415 870 quod-

284 885 359 955 dam
374 884 531 974 oppidum
545 883 681 951 Boemie
706 885 840 950 nomine
864 882 1010 951 Chadum
1035 888 1268 950 convenerunt
1284 883 1417 970 predicti

285 987 357 1054 sine
388 983 639 1071 archiepiscopo
662 981 880 1072 Magantino,
907 983 962 1070 qui
984 1000 1043 1070 per
1064 983 1215 1048 miliciam
1240 983 1334 1067 regis
1356 983 1417 1049 ob-

285 1102 403 1154 sessus
420 1085 454 1150 in
470 1080 613 1170 quodam
633 1087 743 1149 castro
763 1087 815 1148 est
837 1099 934 1148 asuo
954 1083 1070 1148 itinere
1091 1079 1293 1148 retardatos.
1320 1081 1359 1148 Et
1376 1082 1416 1147 ob

284 1185 350 1253 hoo
366 1181 546 1251 eorundem
561 1181 761 1269 principum,
787 1181 895 1267 quise
914 1179 1071 1248 dicebant
1088 1181 1187 1246 alium
1202 1197 1322 1265 regem
1335 1180 1417 1246 velle

285 1285 428 1370 eligere,
447 1273 654 1348 machinacio
670 1282 703 1346 in
719 1279 889 1347 ridiculum
906 1285 957 1347 est
972 1297 1144 1347 conversa.

359 1380 486 1450 Eodem
503 1396 591 1446 anno
608 1396 666 1445 rex
681 1379 818 1446 Francia
843 1380 1057 1464 congregatis
1081 1379 1177 1465 quasi
1196 1378 1357 1445 omnibus
1373 1381 1418 1446 ri-

284 1481 377 1549 ribus
397 1480 468 1546 suis
487 1484 520 1545 et
538 1479 685 1545 exercitu
703 1495 825 1564 magno
843 1477 942 1546 valde
952 1531 961 1567 ‚
986 1479 1020 1544 in
1039 1495 1105 1565 quo
1124 1476 1328 1545 dicebantur
1346 1497 1419 1545 esse

285 1585 396 1669 preter
414 1579 498 1645 alios
517 1575 697 1644 bellatores
716 1577 922 1644 multamilia
941 1576 1151 1644 faleratorum
1170 1593 1354 1667 equorum,
1371 1579 1420 1644 in-

286 1679 385 1747 travit
403 1676 591 1744 comitatum
608 1675 780 1766 Flandrie,
806 1682 839 1744 et
855 1678 889 1743 in
908 1675 1017 1744 odium
1036 1677 1126 1762 regis
1149 1672 1295 1764 Anglie,
1330 1678 1421 1744 cuius

287 1777 385 1845 liliam
411 1791 523 1843 comes
549 1774 702 1842 Flandrie
727 1775 842 1842 habuit
866 1776 899 1842 in
923 1793 1076 1865 uxorem,
1104 1773 1240 1842 obsedit
1268 1777 1421 1844 civitates

287 1875 437 1945 eiusdem
454 1880 539 1941 terre
558 1872 715 1942 videlicet
732 1874 836 1941 Prnlrs
854 1874 954 1962 Eiper
980 1880 1013 1942 et
1031 1873 1237 1942 Gandavum.
1254 1867 1266 1907 ¹

360 1973 487 2044 Eodem
512 1990 600 2041 anno
627 1979 776 2041 mortuus
810 1981 862 2040 est
889 1971 1061 2041 Reimboto
1087 1973 1306 2059 Eystetensis
1335 1975 1424 2062 epis-

288 2091 405 2163 copus.
439 2071 499 2139 Cui
517 2073 683 2140 successit
708 2071 861 2140 dominus
881 2070 1076 2140 Chunradus
1096 2071 1205 2140 dictus
1224 2070 1268 2139 de
1288 2073 1424 2140 Pellen-

286 2173 417 2242 bauscn
434 2169 689 2259 Ratisponensis
715 2171 856 2238 ecclesie
883 2172 1065 2240 canonicus
1091 2177 1124 2239 et
1142 2169 1422 2261 archydiaconus,

286 2273 336 2341 vir
353 2271 452 2339 multe
470 2269 630 2337 industrie
649 2275 682 2338 at
701 2271 905 2356 sagacitatis.

197 2447 201 2454 .
361 2367 487 2438 Eodem
515 2386 602 2436 anno
630 2370 748 2436 civitas
773 2368 1028 2457 Ratisponensis
1052 2387 1112 2457 per
1136 2367 1295 2437 dominos
1324 2367 1423 2439 Otto-

196 2499 199 2510 ·
287 2487 363 2537 nem
384 2475 418 2536 et
436 2467 641 2555 Stephanum
658 2467 763 2536 duces
781 2467 931 2536 Bouaria
948 2470 1168 2557 impugnatur,
1189 2474 1222 2534 et
1239 2469 1425 2557 prohiben-

287 2575 340 2636 tur
357 2586 417 2657 per
434 2565 572 2635 cosdem
591 2566 723 2634 adeam
742 2566 864 2634 deduci
881 2568 1045 2635 victualia.
1078 2565 1174 2635 Unde
1202 2573 1234 2634 et
1254 2569 1351 2637 cives
1370 2569 1386 2636 i
1405 2607 1424 2618 -

288 2669 405 2736 rumim
423 2664 541 2734 Abaoh
559 2673 768 2734 exusserunt.
801 2666 949 2734 'landem
976 2685 1037 2754 per
1062 2662 1269 2751 diligentiam
1301 2667 1424 2736 domini

289 2764 456 2834 Cbunradi
474 2764 731 2854 Ratisponensis
750 2767 900 2854 episcopi
925 2784 998 2833 cum
1015 2767 1098 2854 ipsis
1118 2764 1262 2833 dominis
1281 2765 1421 2834 ducibus

288 2865 332 2933 ad
349 2866 495 2952 graciam
515 2870 548 2932 et
565 2864 776 2932 concordiam
793 2863 971 2932 redierunt.

362 2963 565 3031 limonarii.
584 2963 711 3032 Navata
730 2963 851 3031 bellum
875 2963 1019 3032 habitum
1038 2967 1089 3030 est
1105 2963 1192 3029 inter
1208 2959 1365 3029 Venetos
1384 2980 1421 3027 ar

288 3079 354 3129 una
378 3067 471 3149 parte
498 3069 531 3128 et
551 3061 741 3130 Januenses
766 3081 809 3131 ex
835 3063 947 3130 altera.
980 3063 1022 3130 Et
1045 3061 1142 3128 victis
1167 3059 1311 3127 Venetis
1340 3062 1420 3127 circa

288 3160 424 3245 triginta
441 3160 528 3227 milia
544 3162 714 3247 perierunt
731 3161 828 3255 armis
848 3167 881 3229 et
894 3162 988 3251 mari,
1008 3166 1041 3228 et
1058 3160 1179 3248 captivi
1196 3175 1217 3227 a
1234 3159 1421 3227 Januensi-

289 3258 351 3326 bus
369 3264 447 3327 sunt
464 3257 608 3327 abducti.
777 3340 779 3344 Ι
1467 3345 1468 3348 ¹

363 3355 462 3426 Anno
489 3356 611 3426 domini
637 3361 850 3438 mccxcviii.
883 3359 975 3426 Circa
999 3357 1141 3426 medinm
1166 3356 1420 3444 quadragesime
1467 3373 1468 3444 p

290 3455 444 3525 dominus
461 3455 617 3524 Albertirs
643 3458 711 3526 dux
727 3457 878 3547 Austrie,
906 3457 991 3525 iilius
1018 3455 1186 3544 quondam
1211 3455 1340 3524 domini
1357 3454 1420 3522 Ru·
1467 3449 1468 3482 ¹

290 3554 369 3624 dollr
392 3555 612 3624 Romanorum
635 3559 743 3646 regis,
774 3576 847 3625 cum
877 3557 991 3625 lavore
1016 3555 1139 3624 domini
1167 3552 1302 3623 Ottonis
1331 3554 1421 3623 ducis

289 3656 439 3724 transivit
466 3656 648 3723 bawariam
675 3675 745 3723 curn
770 3658 936 3745 exercitu,
962 3654 1090 3730 babens
1116 3655 1230 3722 secum
1255 3653 1418 3740 quosdam

290 3750 464 3822 Australes
488 3771 616 3842 paucos
643 3761 752 3822 tamen
776 3755 932 3842 Ungaros
958 3745 1085 3822 etiam²
1110 3753 1289 3821 Bohemos.
1322 3754 1365 3821 Et
1382 3751 1419 3819 ad

290 3859 402 3940 partes
420 3852 503 3920 Reni
523 3854 664 3921 veniens
674 3907 683 3942 ‚
702 3872 762 3941 per
779 3856 936 3922 auxilium
953 3852 1142 3939 Moguntini
1169 3852 1418 3940 archiepiscopi,

292 3957 325 4017 et
341 3948 596 4036 Argentinensis
615 3959 648 4019 et
666 3953 934 4021 Constantiensis
954 3953 1197 4041 episcoporum,
1220 3957 1253 4019 ot
1272 3969 1419 4038 quorun-

292 4048 538 4117 damnabilium
555 4051 687 4141 ibidem,
706 4053 863 4121 maiorem
881 4050 1103 4119 tortitudinem
1122 4051 1270 4140 collegit,
1291 4057 1324 4117 et
1342 4067 1418 4118 con-

326 4193 353 4258 l)
374 4207 404 4242 so
425 4190 468 4243 die
486 4190 539 4252 las,
557 4191 677 4261 dagegcn
701 4192 796 4246 Prulrk
835 4209 894 4245 rraru
914 4194 999 4246 eciam
1019 4194 1091 4264 cepit
1107 4200 1134 4245 et
1152 4191 1283 4262 quasdam
1301 4191 1374 4245 alias.
1392 4191 1418 4241 C.

292 4259 346 4312 und
366 4258 466 4313 Chron.
485 4256 583 4312 Salisb.
612 4263 651 4343 2)
670 4277 699 4315 so
719 4260 758 4314 hs.
779 4209 832 4315 nn]
852 4260 951 4316 Chr-on.
970 4259 1079 4327 Salisb.‚
1098 4269 1124 4314 et
1142 4261 1231 4316 Canis.
