2886 4834
381 232 543 278 eorrnrous
564 233 601 277 oe
623 231 787 278 ansuinum.
1085 204 1152 270 tto

10 453 11 466 χ
45 373 230 439 festinanter.
259 371 337 438 Cum
354 377 463 441 autern
481 371 574 439 cives
593 370 683 459 opidi
700 368 838 459 predicti
855 367 1040 460 audissent,
1058 368 1149 458 quod
1171 377 1235 432 teos

10 471 12 526 ἑ
44 472 176 538 dominus
192 469 356 538 Rudolins
372 477 487 540 eontra
504 487 566 540 eos
579 472 735 538 inuitatus
751 475 844 536 esset
860 467 1012 556 adirem,
1032 475 1066 536 et
1081 486 1153 536 oum

42 573 91 638 iarn
106 571 210 658 ipsius
231 569 440 640 obsidionem
460 569 526 638 sihi
541 569 893 657 viderentimmiuere,
912 568 1073 636 timebant
1091 567 1154 634 sibi

44 670 166 737 dirersis
195 670 294 756 penis
315 677 349 746 et
370 670 496 738 matteis
519 670 652 737 concuti
670 687 731 758 per
749 666 908 756 eundem,
935 685 1009 734 oum
1032 667 1155 734 seirent

9 821 11 860 ÷
43 787 69 836 se
90 768 283 855 deliquisse.
315 769 460 838 lniomnt
485 771 570 836 inter
592 787 629 838 se
656 767 847 858 eonsilium,
867 765 956 853 meod
974 766 1085 854 potius
1104 766 1154 832 eis

42 876 115 936 esset
137 885 308 936 resumere
336 868 502 938 dominum
527 886 622 936 suum
648 883 780 954 verum,
805 883 908 954 quum
928 867 1068 932 retinere
1092 864 1155 932 sibi

9 971 10 1040 ὲ
42 966 250 1056 fantasticum,
279 985 351 1036 oum
369 986 428 1056 por
452 986 566 1036 uerum
584 968 705 1036 ostium
725 963 986 1034 nefandissimus
1005 980 1072 1031 non
1097 964 1154 1030 in-

42 1069 164 1134 troisset.
201 1065 322 1135 Subito
347 1069 506 1136 miserunt
527 1067 674 1154 potiores
694 1066 840 1132 civitatis
864 1063 995 1131 obviam
1020 1061 1154 1130 domino

41 1164 161 1235 ttudotio
182 1167 276 1255 regi,
296 1165 553 1234 misericordiam
579 1171 753 1254 petentes,
771 1163 1000 1252 promittentes
1017 1160 1060 1228 od
1081 1179 1155 1228 mo-

42 1283 100 1332 num
116 1265 223 1352 ipsius
246 1267 356 1353 regis,
375 1265 465 1354 quod
489 1263 700 1334 seduotorem
728 1263 821 1330 iilum·
840 1261 1062 1350 perniciosum
1081 1267 1154 1328 tor-

42 1363 146 1432 toribus
169 1371 205 1432 et
226 1366 385 1432 ministris
408 1366 516 1454 regis,
539 1365 649 1453 ipsius
678 1364 835 1448 exigente
862 1361 1003 1449 matitia,
1031 1360 1155 1427 velient

9 1507 10 1510 =
40 1465 226 1532 committere
247 1463 493 1551 trucidandum,
513 1472 546 1531 et
571 1482 609 1532 se
632 1461 825 1530 submittere
844 1462 951 1546 gratie
967 1477 1029 1546 per
1045 1460 1156 1527 omnia

40 1563 126 1648 ipsius
153 1564 258 1648 regis.
285 1562 359 1632 Hoo
380 1562 520 1632 audiens
543 1561 666 1630 inmitia
690 1562 797 1649 ipsius
820 1557 1051 1627 nefandissimi
1078 1576 1157 1626 mox

40 1660 131 1746 iugum
154 1661 269 1749 dedit,
289 1669 321 1730 et
342 1663 544 1750 reliquenmt
561 1680 639 1730 eum
655 1661 773 1728 solum
808 1657 960 1726 Perfidus
977 1657 1031 1725 ilie
1055 1656 1155 1725 tromo

40 1761 202 1846 etquidem
225 1761 310 1830 aiter
327 1780 399 1830 oum
415 1779 475 1851 eo,
495 1779 592 1849 quem
606 1779 668 1829 sua
688 1761 817 1845 mogioe
834 1762 1059 1846 ¹enoeoaverat
1074 1762 1155 1836 orte,

38 1863 202 1943 presentati
220 1866 302 1928 sunt
319 1861 496 1930 tortoribus
512 1867 545 1929 et
559 1861 717 1928 ministris
731 1859 830 1944 regis.
849 1858 890 1926 Et
902 1856 1061 1924 submissi
1077 1862 1156 1924 sum

40 1961 192 2028 tormentis
212 1961 333 2048 variis,
352 1966 385 2028 et
404 1967 524 2048 postea
546 1961 706 2046 exigente
725 1957 871 2025 heretioo
892 1956 1054 2044 pravitate
1076 1954 1156 2040 igno

39 2065 101 2124 sunt
119 2060 334 2126 concremati.
361 2057 505 2139 Quorum
524 2061 622 2128 etium
646 2057 803 2126 memorie
825 2073 900 2124 oum
920 2055 1032 2122 sonitu
1050 2054 1156 2142 periit,

40 2161 64 2220 et
84 2175 137 2243 per
160 2175 223 2228 eos
250 2158 424 2246 preoiusus
451 2157 511 2228 suit
538 2158 653 2226 editus
676 2157 767 2245 aliiS,
796 2172 839 2222 ne
870 2153 991 2240 aliquis
1009 2152 1156 2241 'amplius

38 2254 101 2321 totio
115 2256 226 2325 iacere
244 2263 424 2345 presumat.

98 2354 262 2424 Dominus
280 2373 361 2426 vero
379 2354 542 2425 Rudoltus
563 2354 709 2424 roriuotis
727 2352 769 2422 ad
785 2352 896 2420 iumen
914 2351 1081 2439 veritatis,
1101 2351 1156 2437 qui

38 2456 150 2538 tnagioa
179 2463 253 2524 arte
280 2455 410 2524 fuerant
430 2457 596 2544 excecati,
616 2454 737 2522 taxatis
759 2452 899 2520 habenis
922 2468 1078 2518 reversus
1105 2457 1158 2540 est

39 2551 70 2617 ad
85 2555 215 2640 opidum
232 2555 451 2624 Columbarie.
478 2553 559 2622 itiox
576 2572 649 2622 oum
668 2555 759 2620 oives
778 2550 867 2638 opidi
883 2549 1023 2637 predicti
1040 2547 1157 2616 audis-

11 2657 15 2664 ·
38 2659 99 2718 sent
116 2654 299 2722 aduentum
316 2655 407 2740 rogis
424 2661 458 2722 et
478 2653 780 2721 concremationem
798 2649 941 2718 hominis
963 2648 1156 2735 perniciosi,

39 2750 179 2822 tinebant
201 2753 285 2842 sibi,
305 2771 345 2822 eo
365 2753 455 2842 quod
474 2754 563 2822 avia
578 2755 786 2820 recesserunt
804 2749 953 2815 veritatis
967 2746 1156 2814 misericor-

38 2846 108 2917 diam
135 2855 339 2940 petivemnt.
371 2852 442 2920 Rex
468 2869 548 2920 uero
573 2852 649 2938 pius
677 2867 738 2918 eos
765 2847 808 2916 ari
840 2844 1098 2916 miserioordiam
1124 2850 1157 2910 et

39 2953 159 3030 gratiam
183 2970 281 3020 suam
301 2949 444 3020 adurisit.
476 2948 630 3018 Attamen
659 2950 688 3036 oi
711 2955 853 3036 quatuor
869 2946 957 3014 mitia
977 2961 1157 3012 marearum

38 3047 63 3111 in
86 3053 274 3120 memorium
302 3069 415 3119 eorum
442 3050 575 3137 deiioti,
601 3067 643 3116 ne
666 3050 698 3115 in
723 3053 893 3136 posterum
919 3045 994 3114 otiis
1024 3044 1157 3112 deretur

39 3147 79 3213 ria
96 3148 310 3238 delinquendi
337 3151 391 3218 vel
412 3150 534 3220 simitia
557 3147 716 3237 faciendi,
734 3163 795 3235 pro
813 3163 898 3234 paee
918 3143 1089 3212 dederunt.
1117 3143 1157 3210 Et

40 3243 111 3314 tactu
128 3257 180 3318 est
197 3269 275 3338 pax.
545 3307 551 3316 .

98 3340 1151 3435 Postmodioumverotempusseminatordiscordiarumdyabo-
1173 3346 1238 3400 meo

40 3439 1155 3533 ius,vidensmundnmintranquiiiooonstitutum,zyronyamsemi-

41 3547 116 3612 navit
130 3548 216 3616 inter
236 3545 423 3634 quindecim
444 3547 583 3614 oomites
602 3543 644 3612 rie
663 3551 749 3612 terre
772 3543 922 3628 Suevio,
943 3539 1099 3606 uidelicet
1114 3535 1155 3604 rie

41 3639 216 3714 Montesorti
235 3646 277 3714 de
291 3644 499 3714 Helienstein
519 3644 561 3712 rte
579 3641 809 3711 Wirtenberotr
824 3639 866 3708 de
886 3637 1109 3722 t‘ootrenbum
1124 3643 1157 3702 et

43 3747 182 3812 eorumin
197 3745 362 3834 hoeporte
375 3745 694 3832 oompttoesexum,
715 3749 748 3811 et
758 3739 1017 3808 interdominum
1030 3735 1156 3804 Rudoi-

41 3836 319 3913 tumRomanomm
331 3861 444 3928 regern
454 3844 615 3912 exultem.
630 3839 693 3922 Qui
703 3857 819 3910 omnes
831 3845 946 3906 eontra
956 3854 1156 3923 regempre-

42 3935 147 4010 dietum
165 3943 452 4031 conspiraverunt,
472 3948 506 4010 et
523 3943 557 4010 in
574 3947 710 4010 mortem
730 3941 803 4008 eius
820 3938 952 4006 suerunt
970 3936 1156 4024 machinati,

43 4048 185 4112 torrentes
198 4044 291 4112 aoies
311 4060 405 4130 suas3
426 4047 460 4110 et
475 4042 587 4110 metati
603 4045 680 4110 sunt
698 4044 822 4127 oestro,
849 4041 1011 4104 correntes
1031 4034 1073 4104 ad
1091 4033 1156 4102 de-

43 4141 239 4210 structionem
257 4142 409 4211 oulminis
425 4141 518 4227 regie
533 4140 727 4210 maiestatis.
755 4138 834 4206 Curn
853 4141 962 4204 autem
980 4133 1065 4202 iente
1078 4150 1155 4220 pre·

45 4232 118 4306 diota
130 4240 246 4310 multos
266 4243 299 4309 in
320 4257 358 4312 se
377 4239 596 4310 contumelias
610 4239 787 4308 continens
805 4237 1015 4324 pervenisset
1033 4231 1074 4301 od
1092 4231 1155 4299 do-
