2888 4824
269 195 338 268 396
626 222 791 272 enaomeerr
811 224 1042 272 rurnouamrsn.

184 375 250 434 raas
269 362 344 432 dam
360 381 455 440 suum
474 359 671 431 confratrem
689 363 729 432 ln,
738 361 930 434 dormitorio
949 361 1164 432 dormientem
1183 361 1319 430 eultello
1339 361 1398 430 rni-

265 461 451 532 serabiliter
464 463 611 550 peremit.
630 461 816 530 Hoeeeiam
831 463 963 529 annom
979 461 1033 530 die
1051 467 1398 550 pentecostesmagna
1433 508 1434 547 p

264 568 447 650 tempestas
474 561 586 648 pluvie
614 566 648 629 et
674 561 846 647 grandinis
874 563 907 628 in
934 561 1117 648 Thuringia
1141 577 1210 628 non
1238 560 1396 629 medinam

264 661 385 730 ovibus
404 666 438 727 et
456 659 631 746 segetibus
649 660 757 728 intulit
776 659 916 728 eladem.
1432 671 1433 736 ῖ

232 764 238 771 “
338 759 412 828 Hoo
437 776 526 828 anno
549 757 768 844 Moguntlnus
791 757 973 846 Erphordie
991 776 1011 824 a
1028 756 1116 827 leste
1134 757 1271 828 Martini
1288 777 1394 846 usque
1432 799 1433 802 =

263 858 307 928 ad
326 857 468 926 natalem
486 856 608 926 domini
625 854 720 947 [nov.
739 859 780 926 ll
795 856 922 928 -deo
934 852 998 946 25]
1018 875 1142 925 moram
1161 857 1292 926 laeieus
1312 858 1397 925 lrue-
1432 861 1433 928 Τ

264 965 331 1026 lum
348 956 588 1045 prebendarum
608 974 739 1025 suarum
763 958 797 1026 in
817 957 995 1043 Thuringia
1017 955 1140 1024 ibidem
1160 957 1341 1026 eolleelum
1360 957 1398 1024 ad
1432 997 1433 1020 2

263 1054 411 1125 Rhenum
435 1055 561 1124 traduei
586 1055 764 1125 mandavit.
792 1055 979 1125 Celebravit
1004 1059 1037 1122 et
1057 1054 1146 1124 idem
1164 1055 1319 1144 pontifex
1336 1057 1397 1122 ibi·

264 1155 339 1224 dem
366 1154 501 1224 ordines
526 1155 732 1244 sollempnes
756 1157 791 1222 in
810 1156 956 1224 ecelesia
974 1156 1081 1222 seneli
1099 1155 1186 1222 Petri
1204 1155 1249 1222 xi.
1268 1155 1333 1223 kal.
1352 1157 1399 1222 ia·
1433 1164 1434 1167 ’

264 1255 370 1324 nuarii
391 1251 481 1344 [deo.
501 1251 578 1344 22].
627 1263 629 1266 ·
840 1321 842 1324 ,
1228 1247 1231 1258 “
1432 1243 1435 1338 l

336 1351 409 1422 Hoo
436 1355 540 1422 eeiam
566 1370 655 1421 anno
680 1356 768 1420 eirea
792 1352 856 1420 kal.
875 1351 1060 1420 deoembrr's
1085 1353 1119 1420 in
1140 1353 1221 1421 villa
1241 1352 1395 1421 Wolles-
1432 1341 1435 1392 l

263 1452 349 1520 heim
370 1447 504 1542 [iudei]
524 1470 660 1520 numero
679 1451 864 1521 ootodeoim
882 1457 917 1518 ut
935 1451 1050 1520 dieitur
1068 1459 1147 1518 sunt
1165 1453 1274 1520 neeisi
1292 1471 1395 1540 prop·
1432 1443 1435 1492 l

262 1549 312 1618 ler
332 1550 497 1638 quendam
525 1550 744 1620 Christianum
773 1569 871 1638 quem
894 1550 1123 1618 miserabiliter
1149 1552 1396 1639 interemerunt,

263 1651 342 1736 quia
366 1648 501 1736 dignum
522 1649 651 1719 videtur
673 1657 710 1718 ut
730 1651 786 1738 qul
803 1652 1002 1736 sanguinem
1020 1651 1103 1739 silit,
1123 1652 1270 1736 sanguis
1293 1651 1396 1740 ipsius

261 1747 426 1838 fundatur,
443 1748 633 1822 seeundum:
650 1749 714 1817 hoe
732 1749 975 1836 propheticum:
1002 1766 1076 1816 eum
1095 1751 1296 1834 sanquinem
1319 1751 1397 1818 ode·
1434 1807 1435 1828 ,

261 1849 326 1926 ris,
344 1851 482 1934 sanquis
492 1851 710 1934 persequetur
727 1853 767 1916 le.
794 1847 867 1916 lloo
883 1865 973 1916 anno
988 1848 1170 1936 episeopus
1187 1847 1394 1916 Mantuanus
1434 1833 1435 1852 ¹

264 1965 282 2014 a
304 1948 374 2016 suls
394 1947 522 2015 eivibus
540 1949 675 2016 neeisus
698 1953 761 2016 est.
937 2015 940 2021 r

337 2045 530 2115 noeentum
551 2064 639 2114 anno
658 2047 692 2114 ln
714 2045 768 2115 die
787 2051 1004 2134 pentecostes
1028 2045 1109 2138 [mai
1129 2043 1196 2138 27]
1217 2065 1312 2135 papa
1329 2065 1396 2114 eum

262 2145 405 2214 maxima
422 2146 667 2234 sollempnitate
686 2146 818 2214 beatam
835 2145 1006 2214 Elizabetlr
1025 2147 1122 2214 liliam
1140 2147 1230 2236 regis
1251 2145 1396 2232 Ungarie

263 2240 480 2312 ao'Ludeviei
497 2244 682 2331 landgravii
699 2262 838 2312 uxorem
856 2244 1076 2314 eanoniiavit.

337 2342 410 2410 Hoe
434 2336 542 2411 anno¹
565 2343 630 2413 kal.
655 2343 845 2413 novembris
866 2343 1081 2412 Meinhardus
1107 2362 1221 2412 eomes
1248 2343 1293 2412 de
1312 2345 1398 2430 Mpl-

262 2437 343 2510 bere
368 2440 532 2529 quendam
562 2445 668 2510 eivem
695 2442 976 2531 Erphordiansem
1003 2445 1203 2530 cognomine
1231 2442 1396 2530 Legatum

261 2541 296 2610 in
326 2547 444 2610 saneta
468 2546 567 2610 noete
594 2542 740 2610 omnium
769 2547 959 2614 sanatorum
983 2542 1026 2611 ad
1053 2544 1233 2610 matutinas
1264 2551 1397 2610 euntem

262 2641 427 2728 oaptivum
448 2639 594 2710 deduxit.
629 2639 838 2732 Quapropter
858 2636 1077 2726 lllo'guntinus
1100 2640 1190 2730 apud
1213 2642 1395 2730 imperato-

262 2757 330 2808 rem
348 2741 583 2826 querimonlam
604 2739 779 2828 deponens
800 2741 908 2828 ipsum
934 2741 1164 2810 Meinhardum
1185 2741 1393 2828 imperatoris
1432 2789 1433 2798 2

262 2839 495 2927 proscriptioni
521 2855 561 2908 ao
586 2856 647 2907 sue
672 2840 1022 2909 exeommunicationis
1049 2841 1217 2909 sententia
1242 2840 1394 2908 innodari

262 2939 463 3026 procuravit.
1432 2943 1433 2946 ’

335 3035 435 3104 Anno
452 3035 575 3104 domini
590 3037 801 3106 meaxxxvi.
819 3044 937 3126 quarto
952 3057 1030 3108 non.
1042 3037 1194 3108 lebruarii
1208 3037 1292 3106 obiit
1306 3037 1393 3106 Cun-

262 3132 567 3222 radnsrpreposilus
581 3137 813 3206 saneleMarie
829 3137 863 3204 in
880 3137 1073 3226 Erphordie.
1090 3138 1164 3206 lloe
1180 3139 1289 3206 eciam
1308 3155 1393 3204 anno

261 3252 293 3301 x.
312 3233 376 3301 kal.
394 3235 499 3301 martii
527 3234 609 3302 obiit
630 3234 806 3304 Heinrieus
833 3253 946 3304 eomes
966 3235 1008 3304 de
1034 3235 1288 3306 Sohwarzburo.
1321 3235 1393 3303 Hae

262 3333 367 3400 eoiam
393 3351 482 3401 auno
500 3335 543 3401 vi.
561 3335 731 3402 nonnuli
755 3334 836 3402 obiit
857 3335 1040 3424 Erphordie
1063 3335 1269 3404 Ludewieus
1288 3352 1394 3402 eano-

261 3433 357 3500 nieus
383 3439 416 3500 et
442 3440 556 3501 eustos
575 3432 897 3520 Nuwenburgensis.
925 3433 1079 3502 Cunrado
1097 3433 1392 3522 Erphordiensium

260 3533 433 3618 preposito
459 3529 628 3600 rlrnoldus
653 3533 757 3600 maior
780 3534 970 3621 prepositus
993 3533 1201 3602 Trevirensis
1221 3533 1392 3602 sueeessil.

262 3728 405 3797 civitatis
430 3731 464 3797 in
489 3731 708 3818 proeessione
727 3729 786 3798 luit
803 3731 952 3816 gloriose
971 3749 1045 3799 eum
1063 3731 1219 3799 oruoibus
1239 3737 1274 3798 el
1290 3731 1390 3799 nanti-

260 3826 346 3894 lenis
374 3821 591 3917 suseeptus²‚
620 3835 653 3897 et
671 3847 691 3895 a
710 3829 839 3896 deoano
862 3830 897 3896 in
919 3830 995 3898 loeo
1018 3847 1079 3898 suo
1096 3830 1288 3898 installatus
1311 3848 1389 3897 enn-

260 3924 363 3992 lando
378 3926 522 3994 interim:
536 3928 859 4012 Adueredemploris
873 3933 979 3996 meter
993 3935 1026 3996 el
1043 3929 1083 3996 Te
1096 3929 1194 3996 deum
1209 3929 1389 3996 laudemus.

336 4021 409 4091 Hoe
427 4042 515 4092 anno
544 4026 607 4093 kal.
631 4028 704 4094 maii
724 4026 878 4094 Marbure
904 4029 1077 4096 translatio
1096 4028 1294 4116 sollempnis
1312 4027 1390 4095 laeta

295 4168 326 4232 1)
348 4167 413 4218 1236
437 4147 534 4248 Obrou.
559 4167 691 4239 Sampetr.
725 4171 757 4238 2)
774 4167 896 4238 gloriose
918 4205 944 4216 -
970 4177 1113 4242 susceptus
1137 4186 1188 4225 aus
1212 4171 1275 4226 dem
1299 4171 1389 4226 Gbrou.

261 4232 394 4305 Sampetr.
411 4239 530 4302 arguunt.
