2884 4834
294 194 363 265 166
661 223 788 270 nunnius
809 221 1046 270 wonurrmusus.

291 381 358 452 qua
380 361 414 430 in
432 359 577 431 eeclesia
603 365 755 430 cantatur
776 361 923 428 Gaudete
942 363 976 428 in
1000 353 1158 450 domiai,
1183 377 1249 448 qua
1268 359 1339 449 ipsa
1361 359 1406 430 dio

290 461 458 530 celebrata
477 459 538 528 init
557 461 591 528 in
611 461 758 528 ecelesia
781 461 896 528 maiori
920 477 993 528 oum
1019 460 1160 528 maximo
1185 458 1309 545 gaudio
1330 461 1406 546 quod

291 561 475 651 episeopus
501 561 551 630 sie
573 560 700 628 vicerat
721 559 951 627 tribulationes
977 576 1066 627 suas.
1091 559 1133 626 Et
1155 564 1232 627 ante
1257 559 1405 626 introitum

291 678 387 730 suum
409 657 738 748 oportebatiudioem
760 661 849 728 exiro
872 659 1046 726 civitatem.
1072 659 1114 726 Et
1129 659 1177 726 sic
1192 655 1324 726 confusi
1341 665 1407 724 suut

291 761 344 828 sui
365 757 558 826 adversarii.
582 755 739 826 Attamen
755 751 908 828 dominus
926 759 1104 845 imperator
1119 761 1301 844 rogaverat
1313 755 1406 824 domi-

291 877 369 926 num
390 857 586 946 episcopum
602 862 639 924 ut
654 875 715 926 eos
737 859 849 943 gracie
868 873 929 924 sue
951 855 1152 926 resormarei.
1179 856 1297 944 Statim
1317 857 1407 922 oriam

291 957 445 1026 dominus
456 957 636 1044 episcopus
648 973 912 1024 resumeussuos
924 955 1111 1044 quindecim
1122 955 1407 1024 consiliariosoon-

292 1057 367 1124 silio
383 1055 525 1124 honeste
542 1062 576 1122 et
588 1061 742 1143 potenter
756 1055 913 1144 presedit.

364 1155 627 1224 Procuraverant
645 1155 752 1222 eciam
775 1154 958 1223 adversarii
982 1154 1033 1222 sui
1043 1207 1053 1244 ,
1072 1153 1163 1242 quod
1182 1153 1338 1222 domiuus
1354 1152 1408 1219 irn-

290 1259 424 1344 perator
437 1255 524 1321 misit
534 1255 564 1320 ei
579 1253 692 1322 literas
708 1249 823 1343 [1238
834 1271 910 1322 nov.
921 1250 960 1344 6]
970 1305 979 1343 ,
999 1251 1207 1322 consulendo
1224 1258 1259 1320 et
1273 1251 1407 1337 rogando

291 1351 381 1441 quod
407 1368 479 1422 cunr
501 1357 643 1442 quatuor
665 1352 820 1420 militibus
839 1352 984 1421 ecclesie
1007 1352 1278 1420 ministerialibus
1301 1356 1331 1418 et
1348 1367 1407 1417 cun

291 1458 369 1520 octo
402 1451 533 1520 civibus
557 1451 633 1521 bulo
663 1453 805 1521 consilio
832 1451 1028 1540 presideret.
1066 1451 1138 1520 lleo
1161 1455 1409 1540 procuraverant

291 1550 473 1620 adversarii
501 1550 625 1619 domini
648 1551 800 1640 episcopi
827 1551 871 1620 ob
899 1549 985 1619 hano
1011 1569 1163 1640 oausam,
1190 1555 1229 1618 ut
1254 1551 1357 1638 ipsum
1375 1547 1407 1615 ab

291 1650 490 1740 episcopatu
511 1656 722 1718 removerent
738 1652 768 1719 si
791 1656 914 1718 statuta
932 1648 1207 1738 predecessorum
1234 1649 1289 1716 sui
1304 1646 1407 1714 inirin-

291 1753 405 1838 geret‚
425 1766 490 1836 que
504 1767 564 1837 per
580 1750 690 1818 omnia
706 1751 800 1818 salva
815 1755 848 1818 et
865 1755 936 1816 rata
950 1750 1115 1818 iuraverat
1137 1765 1346 1816 conservare.
1365 1744 1407 1813 dd

292 1849 379 1916 bano
397 1847 527 1916 literam
543 1847 696 1916 dominus
714 1849 893 1936 episcopus
909 1847 1120 1936 respondens
1140 1849 1200 1915 ait:
1220 1846 1311 1932 qued
1326 1847 1406 1930 prius

291 1948 332 2016 de
357 1965 483 2016 corono
508 1949 629 2034 cepitis
652 1965 755 2032 espec
779 1947 827 2016 od
845 1947 1107 2033 praerumpente
1128 1946 1228 2014 uellet
1243 1945 1405 2025 excoriari,

290 2065 391 2134 poem
402 2048 566 2116 monimum
581 2047 774 2130 articulum,
791 2048 842 2114 sai
852 2047 1102 2132 predecessoris
1120 2047 1277 2113 menimis
1298 2043 1405 2110 lebori-

291 2145 351 2214 des
368 2150 402 2214 et
416 2146 571 2232 eepenais
587 2163 630 2212 ee
643 2146 724 2214 cleri
735 2145 914 2236 obtentum,
929 2146 963 2212 io
980 2146 1047 2212 cite
1059 2163 1123 2212 sua
1138 2146 1306 2232 deponere
1318 2142 1403 2210 oeltet.

291 2246 333 2314 Et
347 2246 397 2314 sic
413 2245 561 2314 cessavit
573 2243 727 2314 dominus
741 2245 918 2334 imperator
934 2245 1055 2314 nolens
1073 2250 1187 2313 contra
1205 2245 1404 2312 iuramentum

293 2361 389 2412 suum
404 2349 462 2410 aut
477 2343 590 2430 aliquo
609 2346 781 2412 contraire.

367 2442 490 2510 Postea
505 2443 614 2510 statim
634 2445 666 2509 in
686 2441 907 2512 conversione
924 2443 1032 2510 sancti
1049 2442 1139 2510 Pauli
1154 2437 1312 2533 [iambi]
1330 2439 1406 2508 dunit

258 2533 263 2540 '
293 2539 447 2610 dominus
464 2543 644 2630 episcopus
661 2544 792 2628 griseas
812 2541 972 2610 moniales
989 2543 1023 2610 in
1040 2541 1341 2629 Nunnenmiinster,
1354 2557 1404 2606 vo-

292 2640 367 2708 lens
386 2639 545 2728 perlicere
565 2643 654 2729 pium
679 2659 765 2730 opus
784 2640 875 2729 quod
899 2645 1097 2708 antecessor
1115 2659 1196 2708 suus
1217 2642 1346 2708 noviter
1363 2638 1406 2703 in-

293 2739 482 2808 choaverat.
509 2739 636 2808 Priores
652 2757 732 2808 vero
750 2739 883 2808 domine
894 2741 987 2826 nigre
1002 2757 1102 2827 super
1116 2741 1224 2828 ipsum
1242 2739 1404 2806 clamantes

292 2837 447 2907 occidere
469 2857 544 2906 eum
562 2838 796 2928 intendebant,
814 2839 1026 2927 inpalpantes
1048 2855 1123 2906 eum
1149 2839 1269 2925 minus
1284 2837 1404 2906 honesto

292 2937 326 3004 in
345 2937 423 3005 loco
437 2936 631 3026 pudibundo
647 2937 782 3026 quando
803 2944 882 3026 post
903 2937 1075 3026 prandium
1093 2938 1168 3025 ipsa
1186 2936 1239 3005 die
1257 2934 1403 3004 deambu-

292 3035 383 3103 labat
403 3036 437 3102 in
460 3034 577 3104 eadem
599 3036 752 3104 ecclesia.
779 3038 820 3106 Et
842 3037 1028 3106 inveritate
1046 3037 1074 3104 si
1098 3036 1229 3104 Ulrious
1252 3034 1403 3125 Militellus

293 3133 495 3202 marscalcus
513 3152 596 3202 suus
617 3153 685 3203 non
703 3135 856 3204 alluisset
872 3137 979 3223 ipsum
996 3135 1252 3202 interemissent.
1272 3135 1344 3223 lpse
1356 3150 1403 3199 au·

293 3237 359 3300 ten
376 3233 533 3300 continuo
552 3236 724 3322 captivans
745 3234 949 3304 abbatissam
968 3234 1135 3323 neptulam
1157 3253 1251 3302 suam
1272 3233 1355 3300 nrisit
1373 3226 1403 3295 ad

292 3331 452 3421 Lapidem
473 3339 616 3400 castrum
640 3325 766 3401 suum2.
807 3333 945 3420 Reliqua
973 3351 1053 3402 vero
1080 3334 1244 3401 moniales
1266 3333 1403 3400 continuo

293 3430 508 3516 insurgentes
529 3439 746 3500 accesserunt
770 3432 812 3500 ad
829 3434 1077 3521 imperatorem,
1097 3431 1248 3500 dicentes
1268 3429 1353 3518 quod
1371 3425 1403 3493 de

292 3531 566 3600 antecessoribus
581 3531 653 3598 suis
664 3537 781 3598 assent
796 3530 944 3620 fundate,
960 3535 993 3598 ai
1009 3530 1098 3618 quod
1114 3533 1189 3618 ipse
1204 3549 1317 3600 eorum
1330 3529 1403 3595 esset

293 3625 488 3697 advocatus.
515 3630 555 3697 Et
571 3629 787 3718 postulabant
805 3631 980 3698 eonsilium
998 3635 1031 3696 et
1049 3631 1221 3720 auxilium,
1250 3646 1346 3718 snper
1360 3627 1403 3712 ip-

294 3744 366 3794 sum
384 3729 582 3812 gravissime
601 3735 858 3816 conquerentes.
883 3728 925 3796 Et
943 3729 1189 3796 oommorabant
1206 3731 1239 3796 in
1258 3729 1342 3796 ouria
1357 3740 1402 3790 ar-

294 3821 1402 3916 quirentessibiarnioosminushoneste.Acciditautemquoddomi·

293 3938 357 3990 nus
374 3923 561 4014 imperator,
576 3927 695 3994 voleus
709 3945 769 4014 per
783 3925 902 3994 lesbum
916 3932 1136 4014 pentecosten
1151 3945 1229 3996 esso
1243 3928 1275 3994 in
1292 3909 1402 4012 Spira,³

329 4095 358 4158 l)
378 4093 435 4148 also
453 4112 495 4148 am
514 4097 628 4150 zweiten
654 4106 767 4167 sonrrtag
789 4115 839 4151 vor
858 4098 1053 4152 tveihnaohlen.
1091 4101 1123 4164 2)
1141 4099 1185 4152 die
1204 4099 1272 4167 burg
1290 4097 1355 4154 Staio
1371 4092 1402 4156 lag
1427 4083 1428 4156 l

293 4159 415 4240 ubrdliolr
434 4179 488 4218 von
506 4164 617 4218 Worms
642 4165 692 4217 aui
706 4165 767 4219 dem
785 4166 896 4221 rechten
917 4166 1063 4220 rheinuser.
1100 4167 1132 4236 3)
1150 4167 1198 4221 das
1217 4169 1314 4220 mdsste
1330 4179 1365 4216 aar
1380 4161 1403 4210 18
1427 4165 1428 4214 l

293 4244 347 4282 mar
366 4231 432 4283 1236
450 4231 517 4284 oder
535 4236 551 4283 't
567 4233 702 4287 ioni123't
719 4249 845 4300 genesen
863 4236 930 4290 sein.
