2890 4832
382 256 421 304 sn
441 255 606 306 conmntuo
629 257 806 306 conourmsr.
1091 232 1156 304 371

44 393 124 483 quod
148 392 191 462 ad
219 409 280 464 eos
309 393 510 485 pertinebat,
537 396 708 470 voluntate
727 413 790 464 sua
815 396 991 488 completa,
1019 398 1160 490 tlalapic
1180 421 1246 480 naar

45 503 151 562 terram
170 500 311 564 vastant
337 491 430 574 Quos
449 494 624 564 Sarraceni
641 497 674 564 in
693 495 898 566 multitudine
916 500 1010 584 gravi
1027 500 1165 588 impug-

44 600 153 660 nantes
180 600 310 662 etcum
337 594 386 662 eis
411 592 689 683 congredientes,
714 593 873 664 occidunt
896 597 952 664 vel
970 599 1106 686 capiunt
1123 618 1166 668 cx

45 693 87 760 eis
117 692 245 762 circiter
270 699 412 762 centum.
444 692 539 762 Unde
564 692 663 762 iidem
688 711 749 781 pro
772 693 1000 784 redemptione
1030 695 1166 768 fratrum

45 808 168 858 snorum
190 792 360 879 supplices
386 792 518 861 mittunt
540 791 666 860 litteras
689 793 894 884 bnperatori,
914 794 1165 884 quindenium

43 892 224 977 petitionem
241 907 355 979 parum
373 890 491 960 dicitur
507 907 586 960 osse
604 897 724 960 motus.

105 988 287 1078 imperator
311 991 423 1076 itaque
449 991 615 1060 transiens
648 990 743 1079 alpes
770 992 881 1060 statim
912 992 975 1062 sibi
1005 993 1165 1081 subiugat

42 1087 234 1156 Mantuanos
254 1095 287 1156 et
304 1091 456 1158 comitem
473 1088 516 1158 de
534 1095 653 1158 saneto
667 1089 860 1160 Boneiaoio.
879 1091 1001 1162 Postea
1018 1093 1163 1162 collecto

43 1187 170 1274 copioso
196 1188 344 1256 exercitu
367 1187 409 1256 de
437 1188 560 1256 Tuscia
584 1187 628 1258 de
654 1187 848 1258 Romaniola
866 1188 907 1258 de
924 1189 1163 1277 longobardia

43 1292 70 1352 et
84 1285 233 1373 pluribus
251 1287 442 1356 sarracenis
459 1287 587 1356 invadit
604 1287 688 1356 irncs
709 1288 948 1378 Brixianorum,
967 1297 1001 1358 et
1017 1296 1163 1362 castrum

43 1383 197 1470 quoddam
226 1385 317 1473 quod
343 1385 461 1454 dicitnr
483 1387 584 1458 Mons
611 1387 727 1458 Clarus
751 1388 843 1458 iuxta
860 1388 1001 1458 Brixiam
1019 1389 1163 1481 obsidet,

42 1491 69 1550 et
89 1485 194 1572 captis
221 1485 310 1554 mille
336 1486 530 1572 quingentis
558 1487 714 1573 personis
741 1493 884 1556 castrum
908 1487 983 1556 solo
1009 1496 1163 1576 coequat

41 1579 111 1650 lade
128 1599 167 1652 sa
184 1599 327 1652 movens
345 1585 484 1671 plurima
501 1591 613 1656 castra
629 1587 728 1673 capit.
755 1585 904 1656 Tandem
925 1605 967 1656 co
985 1587 1164 1658 obsidento

41 1687 172 1750 castrum
198 1682 291 1770 quod
317 1681 434 1752 dieitur
458 1684 547 1754 Pons
575 1685 664 1772 Vici,
690 1683 965 1756 Mediolanenses
991 1703 1065 1756 cum
1091 1688 1163 1756 suis

42 1781 248 1867 mmplicibus
271 1782 305 1850 iu
328 1801 428 1852 manu
449 1783 559 1854 valida
577 1790 611 1852 ct
634 1785 782 1854 carrocio
801 1802 863 1854 suo
882 1791 1017 1854 strenue
1035 1787 1161 1856 munito

41 1881 229 1967 imperatori.
246 1879 408 1950 audacter
433 1890 611 1950 occurrunt
633 1888 667 1950 ct
693 1883 724 1950 ci
741 1884 910 1952 resistunt.
938 1883 1006 1951 Sed
1024 1902 1099 1952 cnm
1117 1885 1163 1954 ibi
1203 1903 1208 1911 ¹

41 1983 225 2048 tractaretur
250 1979 292 2050 dc
322 1973 407 2068 paco
432 1988 466 2050 et
487 1981 581 2050 labor
604 1980 831 2071 trustraretur,
855 1982 1034 2070 imperator
1058 1983 1164 2052 voluit

42 2094 103 2144 cnm
123 2080 172 2148 eis
190 2078 348 2148 dimicare
355 2133 365 2169 ,
384 2079 446 2148 sed
463 2097 638 2152 aceessum
655 2080 698 2151 ad
719 2097 781 2150 eos
801 2099 870 2150 non
892 2080 1006 2148 babuit
1026 2089 1163 2170 propter

40 2173 105 2244 loon
128 2179 221 2248 invia
244 2196 309 2265 que
332 2177 466 2268 inerant
488 2181 687 2269 interposita
713 2186 746 2247 et
770 2197 910 2268 aquosa.
936 2179 1031 2249 Unde
1057 2188 1162 2268 ponte

41 2274 191 2346 subtiliter
207 2275 297 2346 iacto
313 2295 415 2366 super
432 2276 539 2366 Oyum
556 2279 702 2368 llnvium,
720 2279 897 2368 imperator
913 2283 1094 2348 transmeat
1111 2282 1163 2350 si-

40 2375 154 2444 mulans
175 2393 216 2446 se
241 2375 417 2467 recedere,
437 2384 471 2446 et
485 2376 796 2448 Mediolanensibus
819 2375 952 2446 domum
969 2377 1077 2448 redire
1095 2397 1159 2448 vo-

39 2471 171 2542 lentibus
200 2477 357 2565 occurrit,
377 2482 410 2544 et
428 2495 489 2546 eos
507 2479 662 2548 incautos
685 2479 719 2546 in
741 2477 860 2546 castris
880 2479 1070 2565 prosternit.
1095 2477 1160 2560 Qui

41 2587 104 2638 oum
124 2575 248 2642 noritcr
269 2576 481 2666 resisterent,
506 2575 636 2646 duravit
661 2575 774 2646 clades
792 2592 901 2663 nsque
919 2577 1161 2664 crepusculum.

40 2668 103 2738 Nox
118 2671 242 2740 bellum
261 2671 398 2742 diremit.
424 2673 629 2744 Armatorum
644 2681 754 2744 autem
768 2675 897 2742 circiter
916 2675 1062 2761 quinque
1081 2677 1160 2746 mil·
1273 2720 1275 2724 -

40 2766 76 2835 lia
91 2789 126 2838 se
144 2773 236 2839 circa
253 2775 436 2842 carrocium
448 2774 649 2864 coadunant,
669 2775 725 2862 qui
740 2791 856 2842 omnes
874 2778 975 2840 noctu
991 2779 1081 2841 metu
1097 2776 1160 2842 im-

39 2872 188 2952 peratoris
214 2869 361 2962 lugiunt,
386 2875 535 2942 carrocio
555 2880 588 2942 et
601 2873 711 2942 multis
728 2871 876 2942 curribus
896 2869 1074 2940 derelictis
1102 2874 1161 2942 Si-

41 2966 145 3036 militer
163 2969 302 3058 opidani
322 2970 364 3038 de
381 2971 483 3060 opido
501 2971 591 3060 quod
609 2971 726 3040 dicitur
749 2971 857 3039 Curtis
881 2969 977 3040 Nova
998 2990 1065 3040 una
1087 2990 1160 3041 cum

41 3065 81 3131 eis
97 3074 198 3136 noctu
218 3067 364 3160 tugiunt,
384 3071 517 3159 opidum
542 3071 755 3159 reliquentes.
781 3069 882 3138 Mane
902 3067 991 3138 lacto
1015 3071 1159 3160 impera·

41 3169 83 3231 tor
96 3174 207 3236 castra
228 3186 333 3236 vacua
350 3175 384 3236 et
397 3170 579 3238 carrocium
603 3169 699 3238 simul
715 3186 790 3236 cum
810 3173 977 3257 potestate
1001 3173 1108 3260 capit,
1127 3178 1161 3238 et

41 3261 134 3348 ipsum
157 3271 359 3356 potestatem
377 3265 689 3357 Mediolanensium,
706 3265 806 3336 lulium
821 3266 916 3336 ducis
933 3265 1159 3360 venetiorum,

41 3359 68 3426 in
85 3363 199 3432 codem
217 3383 314 3434 curru
330 3368 495 3454 captivum
513 3372 648 3457 propter
664 3366 891 3458 spectaculum
905 3384 978 3434 oum
996 3368 1159 3456 triumpho

42 3455 224 3533 Cremonam
247 3463 392 3533 adducit.
419 3465 524 3554 Capta
549 3471 627 3534 sunt
651 3473 760 3533 autem
783 3465 817 3532 in
840 3464 905 3532 boc
922 3463 1077 3532 contlictn
1095 3483 1159 3534 oc-

42 3558 100 3626 cisa
120 3563 174 3629 vel
198 3563 371 3632 submersa
386 3565 419 3631 in
443 3563 545 3633 tluvio
566 3561 640 3652 Oyo
663 3563 808 3633 hostium
832 3561 948 3630 decem
972 3564 1070 3631 milia.
1108 3564 1159 3632 Ex

41 3663 120 3740 parte
136 3661 343 3749 imperatoris
366 3663 557 3750 pancissimi
575 3665 752 3752 perierunt.
779 3661 958 3749 Imperator
977 3663 1157 3736 carrocium

42 3751 163 3826 Romam
181 3761 277 3828 mittit
295 3762 477 3848 insignum
495 3767 529 3830 et
543 3763 732 3830 memoriam
750 3761 847 3828 buius
864 3760 1026 3847 triumphi.
1052 3761 1158 3830 Nata·

43 3850 97 3920 lem
115 3856 235 3927 domini
257 3861 328 3947 agit
351 3859 441 3948 opud
459 3861 602 3950 Papiam,
619 3865 653 3929 ct
674 3859 816 3948 quedam
842 3859 994 3927 civitates
1014 3861 1047 3928 in
1062 3877 1157 3930 sunm

43 3957 166 4039 veniunt
184 3957 406 4048 deditionem,
424 3959 541 4028 Lauda
557 3960 687 4029 scilieet
707 3965 740 4027 et
763 3957 935 4026 Vercellis.

106 4053 280 4142 lpsoanno
293 4060 328 4126 in
345 4059 400 4127 die
410 4059 498 4128 beati
512 4058 623 4128 Albini
633 4057 761 4145 grando
776 4059 809 4125 in
825 4057 1010 4144 quantitate
1019 4073 1155 4126 ovorum

44 4150 248 4224 columbarum
264 4159 350 4226 vites
367 4158 465 4226 erbas
482 4165 516 4226 ct
536 4164 673 4246 segetes
689 4159 860 4245 plerisque
876 4157 909 4224 in
927 4155 1012 4225 locis
1030 4162 1063 4224 et
1077 4173 1156 4242 pre-

44 4247 127 4334 cipue
141 4271 243 4344 prope
258 4257 428 4325 Coloniam
445 4260 634 4346 prosternit.
661 4253 801 4336 Quidam
820 4255 924 4325 eciam
939 4253 1154 4342 attumabant,

904 4363 957 4414 aa*
