2886 4834
296 187 341 256 66
664 217 825 266 cunomccn
847 217 1057 266 ccuunnruusu.

296 355 345 424 lte
378 353 530 423 Wolttrert
554 354 780 424 lldssetmumtt
812 357 939 426 sculteti
972 335 1245 424 columbariense
1264 356 1397 438 pcccati-

395 453 454 520 bus
479 459 511 522 et
533 456 747 524 incrementis.

305 596 308 608 ·
369 585 561 655 Waltberus
579 587 801 656 Rosselmann
829 585 928 655 cerdo
946 589 979 654 in
997 587 1076 654 villa
1102 583 1304 653 Tirinoheim
1321 582 1399 652 lilium

295 687 409 754 babuit
432 684 618 753 iohannem
643 686 874 755 Rdsselmunn.
913 685 975 753 Hic
1004 685 1156 774 hospicio
1188 690 1322 772 paterno
1347 701 1399 750 non

295 790 473 854 contentus
500 783 543 851 ad
569 786 745 853 scultetum
770 784 1075 852 Columbariensem
1101 802 1138 852 se
1163 781 1339 871 transtulit,
1361 781 1401 848 cui

296 883 435 954 fideliter
459 882 634 952 serviebat.
675 883 724 953 Ec
743 890 864 974 amoto,
892 883 1043 952 secundo
1068 889 1101 950 et
1127 883 1230 950 tercio
1250 880 1400 968 serviebat,

296 989 329 1054 ot
346 980 507 1052 interdum
525 981 588 1050 sub
605 981 727 1051 iudicio
745 982 945 1071 presidebat.
972 982 1033 1050 llic
1051 981 1195 1050 officium
1215 980 1340 1048 sculteti
1354 978 1401 1046 dc-

296 1081 448 1154 sidcrans
467 1079 568 1148 modo
598 1099 665 1168 quo
691 1083 798 1170 potuit
823 1081 1003 1171 obtinebat.
1036 1081 1074 1148 ln
1100 1079 1210 1148 cilicio
1231 1096 1310 1146 suos
1328 1078 1401 1144 exal-

295 1179 397 1268 tabat,
418 1180 503 1249 alios
523 1180 756 1268 supprimebat.
784 1180 864 1249 Cum
882 1198 1047 1269 pauperes
1066 1179 1188 1247 diutius
1207 1176 1242 1246 id
1260 1177 1401 1245 sustinere

295 1297 364 1349 non
388 1284 550 1368 possent,
577 1277 820 1348 absolutionem
840 1281 1056 1348 communiter
1072 1276 1303 1366 procurabant.
1337 1273 1403 1342 lluic

297 1377 508 1446 substituitur
530 1375 683 1446 domnus
710 1377 753 1446 de
775 1378 1006 1468 Racinbusen,
1044 1379 1092 1444 vir
1121 1379 1197 1466 pius
1224 1375 1358 1443 devotus
1379 1377 1403 1440 ct

297 1493 415 1563 equus.
457 1474 630 1546 lohannes
657 1476 880 1546 lldsselmann
907 1477 1081 1566 depositus
1107 1477 1141 1543 in
1165 1473 1348 1544 Ensisheim
1372 1469 1421 1636 al*

298 1575 450 1642 comitem
473 1573 649 1644 Rudolbun
674 1575 716 1644 dc
742 1575 916 1645 Habsburc
940 1594 978 1644 sc
1004 1575 1180 1644 transtulit.
1217 1573 1259 1642 Ei
1277 1572 1404 1642 sculcas

298 1672 471 1742 laborabat
497 1673 664 1759 quomodo
697 1680 815 1762 posset
839 1673 1078 1744 Columbariam
1102 1672 1235 1741 tradere
1259 1673 1292 1738 in
1308 1675 1404 1759 potes-

297 1777 398 1840 tatem
416 1773 544 1840 comitis
562 1771 605 1840 dc
621 1772 804 1842 Habsburo.

371 1887 449 1955 Post
467 1904 595 1974 paucos
613 1906 720 1956 annos
739 1888 821 1956 dixit
836 1889 962 1958 comiti:
980 1888 1117 1956 Dorice
1130 1889 1244 1955 uetere
1261 1903 1324 1972 pro
1343 1900 1423 1954 ccc-s

297 1983 429 2052 sobrtrw
448 1989 557 2054 cestro
573 1989 688 2054 comite
706 1987 857 2072 Gctfrtdo
881 1989 1012 2056 domiuo
1035 1983 1289 2069 delectabere
1311 1985 1341 2051 et
1353 1983 1405 2049 uis

296 2083 447 2151 uelitibus
455 2135 465 2174 ,
479 2089 513 2152 et
526 2087 630 2152 venite
641 2103 708 2154 uuo
724 2087 773 2153 ud
787 2085 1047 2168 columbarium,
1073 2089 1106 2153 et
1125 2103 1186 2172 eqo
1201 2085 1351 2170 potenter
1362 2097 1405 2145 ccc

296 2182 531 2263 intromittam·
556 2184 596 2252 de
613 2185 750 2252 immicis
768 2187 891 2252 nostris
907 2184 1047 2272 posttea
1066 2202 1129 2270 pro
1148 2183 1238 2252 ttlttc
1257 2181 1425 2276 sudemus,

299 2279 479 2348 consensit
502 2299 626 2350 comes.
659 2282 832 2352 iohannes
857 2283 1079 2354 Rbssolmann
1106 2283 1220 2351 amicis
1246 2281 1317 2350 suis
1341 2277 1425 2346 circel

299 2377 538 2450 Columbariam
558 2381 778 2450 existentibus
798 2384 961 2452 commisit
977 2388 1013 2451 ut
1031 2401 1104 2450 oum
1122 2383 1220 2450 armis
1240 2378 1347 2448 adsint
1362 2383 1407 2443 etc.
1425 2402 1426 2468 p

206 2565 208 2571 ,
298 2475 473 2546 iohannes
496 2480 532 2546 in
554 2497 615 2548 vas
637 2498 780 2548 vacuum
807 2499 845 2549 sc
863 2481 1059 2572 abscondit,
1086 2479 1327 2550 Columbariam
1342 2475 1406 2542 olan

298 2576 499 2667 ingreditur,
523 2579 557 2645 in
575 2579 696 2648 curiam
714 2579 833 2648 decani
851 2579 961 2649 lentur.
1005 2580 1166 2666 Sequenti
1185 2577 1240 2646 dic
1266 2579 1348 2644 circa
1366 2571 1406 2640 di-

299 2675 443 2744 luculum
467 2679 619 2745 ocmitem
635 2677 811 2747 Rudollum
837 2698 910 2748 cum
930 2680 1019 2770 suis,
1047 2679 1130 2748 olam
1153 2675 1349 2764 quibusdam
1369 2673 1408 2737 iu-

299 2775 473 2864 vantibus,
495 2778 680 2845 intromisit.
723 2773 915 2846 Adversarii
935 2777 1099 2846 iohannis
1116 2775 1343 2861 intelligentes
1363 2771 1409 2838 bec

299 2870 489 2963 aufugiunt,
515 2875 638 2944 relictis
658 2875 892 2964 omnibusque
911 2876 1097 2962 babebaut3
1126 2874 1285 2944 videlicet
1303 2870 1408 2940 sculte-

300 2976 354 3038 tus
373 2969 525 3040 domiuus
546 2971 587 3067 de
604 2973 834 3065 Racinbusen,
865 2977 985 3043 milites
1012 2981 1158 3063 septem,
1185 2974 1281 3040 cives
1303 2970 1409 3052 decen,

301 3084 441 3154 quorum
466 3070 602 3156 quilibet
632 3071 729 3140 ditior
755 3081 826 3140 erat
848 3079 882 3142 et
906 3075 1072 3162 potentior
1098 3072 1263 3141 iohanne.
1306 3067 1410 3138 Horum

302 3165 391 3234 bona
414 3167 621 3238 confiscabat
643 3177 676 3238 et
694 3171 871 3240 dividebat.
912 3173 953 3242 Et
978 3175 1011 3240 in
1036 3172 1100 3241 bac
1124 3169 1231 3257 gloria
1256 3167 1410 3236 lohannes

301 3264 448 3352 pluribus
462 3269 558 3336 anuis
575 3269 764 3357 apparebat.

221 3401 287 3456 raca
380 3377 478 3450 Anno
504 3385 670 3451 mcclxii.
695 3383 848 3454 dominus
870 3383 912 3452 de
928 3385 1086 3474 Wineglr,
1105 3384 1192 3452 lilius
1219 3383 1341 3462 sororis
1361 3375 1412 3443 do-

302 3479 379 3546 miui
393 3477 604 3572 chorburo,
623 3502 696 3551 cum
710 3484 819 3550 multis
836 3484 990 3552 militibus
1007 3491 1040 3552 et
1055 3489 1141 3552 terro
1156 3481 1333 3568 nobilibus,
1343 3493 1413 3543 oon·

302 3579 522 3648 sentientibus
544 3581 653 3650 multis
673 3581 802 3649 civibus
829 3581 1169 3670 Columbariensibus,
1192 3581 1353 3648 civitatem
1372 3576 1412 3639 in·

303 3681 645 3766 trareperpotentiam
657 3680 769 3749 voluit.
781 3679 947 3748 Scultetus
961 3680 1023 3748 bec
1037 3680 1230 3766 intelligens
1242 3680 1292 3746 cis
1303 3672 1412 3744 index·

305 3776 404 3842 trario
421 3779 560 3845 occurrit
568 3778 772 3846 festinanter.
789 3777 886 3847 Hunc
900 3780 1142 3867 apprehensum
1159 3779 1193 3844 in
1211 3782 1307 3865 porta
1319 3772 1412 3840 Stein-

305 3872 452 3942 enbruka
478 3878 633 3944 atrociter
659 3876 859 3945 occiderunt.
900 3877 1152 3963 consanguinei
1180 3877 1231 3942 sui
1254 3875 1316 3942 hec
1332 3865 1413 3938 inlel-

303 3969 459 4060 ligentes,
477 3976 586 4042 statim
601 3977 731 4062 egressi
749 3974 824 4063 plus
845 3994 942 4063 quam
955 3978 1071 4062 viginti
1088 3975 1218 4043 nobiles
1232 3970 1413 4041 occiderunt.

223 4109 288 4162 lara
380 4085 460 4154 Post
477 4106 585 4156 annos
609 4088 784 4158 duodecim
809 4088 969 4158 lludolius
994 4109 1106 4159 comes
1134 4089 1175 4157 de
1200 4086 1368 4156 Habsburc
1388 4081 1413 4144 in

306 4201 419 4269 regem
439 4185 572 4271 eligitur
589 4183 816 4256 Romanorum.
850 4187 911 4256 Hic
925 4189 1145 4279 Waltberum,
1159 4186 1256 4255 ilium
1270 4178 1415 4252 iohannis
