2950 4836
433 218 627 265 rannunauus
649 220 836 266 richuinus.
1142 193 1211 263 549

71 353 308 446 alterumue,
327 354 407 424 lecit
423 357 694 426 constitutionem
710 355 878 444 mandam
898 375 964 446 que
985 359 1112 448 incipit:
1138 357 1205 427 Sd·
1224 371 1291 426 130⁰

68 471 139 539 per
164 453 376 538 kathedram,
403 459 437 522 ct
460 453 543 522 inira
566 457 601 523 in
622 456 687 524 hoc
716 455 830 524 libello
854 455 890 522 in
912 456 1056 543 quodam
1073 457 1212 546 speciali

73 557 244 638 quaterno
280 571 353 620 oum
384 552 457 620 aliis
485 553 779 624 constitutionibus
809 559 841 622 et
862 553 981 623 litteris
1013 557 1210 624 continetur.

32 669 37 677 ·
70 651 202 719 Verum
220 670 293 720 cum
311 651 376 719 heo
393 651 584 720 constitutio
602 652 826 740 publicaretur
841 670 900 740 per
915 652 1211 740 saltzburgensem

69 751 302 840 provinciam,
322 755 356 818 et
374 749 483 818 clerus
500 757 534 818 ct
555 751 699 839 populus
723 769 797 818 eam
819 749 1026 822 desideraret
1043 753 1078 819 in
1099 754 1210 821 omni-

69 849 140 916 bus
170 848 317 917 articulis
337 847 533 939 observare,
559 849 625 937 ipsi
642 847 872 918 Prodicatores
893 855 926 919 et
952 850 1102 920 Minores
1127 870 1210 920 ean·
1297 869 1299 872 ·

70 946 154 1014 dem
182 947 454 1016 constitutionem
478 947 650 1016 attendere
676 965 746 1016 non
770 947 938 1016 curabant.
964 949 1101 1038 Propter
1119 949 1211 1036 quod

69 1044 276 1114 chunradus
307 1044 578 1132 Saltzbnrgensis
610 1045 902 1135 archiepiscopus,
928 1046 1040 1117 habito
1066 1049 1210 1116 concilio

69 1143 365 1231 suffraganeonrm
383 1161 537 1234 suornm,
556 1145 645 1212 misit
661 1147 803 1213 nuncios
822 1143 865 1212 ad
880 1143 1060 1213 Romanam
1079 1148 1210 1214 curiam.

68 1239 139 1322 Qui
155 1242 291 1311 tandem
307 1261 328 1310 a
345 1241 480 1310 domino
503 1261 592 1332 papa
613 1242 826 1311 obtinuerunt
842 1241 1101 1312 declarationem
1116 1247 1209 1312 cius·

70 1339 152 1408 dem
177 1341 442 1430 constitutionis,
467 1346 567 1430 prout
589 1346 682 1428 patet
707 1341 859 1410 inlitora
885 1359 950 1429 que
974 1341 1111 1410 inferius
1135 1360 1208 1410 cum

70 1439 151 1506 aliis
171 1439 466 1508 constitutionibus
486 1440 682 1508 continetur.
1073 1503 1076 1515 ,

111 1577 113 1580 -
147 1537 266 1606 Mocc.
291 1538 406 1626 primo.
434 1535 514 1605 Orta
540 1543 594 1606 cst
612 1535 781 1606 discordia
797 1539 883 1606 inter
898 1535 1068 1608 Albertum
1086 1537 1208 1608 Roma-

68 1653 192 1704 norum
207 1653 335 1722 ·regcm
359 1653 402 1704 ex
424 1655 490 1704 una
510 1642 619 1726 parte,
646 1642 681 1704 et
704 1635 941 1706 coloniensem
969 1639 1209 1706 Treverensem

70 1739 105 1802 ct
123 1733 421 1820 maguntinensem
439 1735 711 1824 archiepiscopos
731 1741 765 1802 ct
781 1733 957 1804 Rudollum
975 1739 1128 1804 comitem
1145 1737 1208 1803 Pa-

56 1833 213 1904 latinum
236 1831 320 1900 Rani
345 1835 388 1900 cx
411 1833 523 1901 altera.
557 1834 599 1902 Et
624 1831 824 1902 tandem'ad
848 1833 1062 1902 concordiam
1095 1833 1209 1901 redic-

70 1925 181 1998 runt.¹
208 1929 403 1998 Chunradus
432 1929 474 1998 de
499 1931 678 2021 Luppurch
703 1932 776 2014 sine
793 1931 907 1999 liberis
925 1935 1077 2021 moritur,
1097 1938 1131 1999 et
1149 1949 1208 1999 oa*-

68 2035 178 2098 strum
195 2028 375 2117 Luppurch
392 2048 465 2098 cum
483 2030 698 2118 pertinenciis
716 2031 786 2098 suis
804 2028 846 2098 ad
867 2029 1034 2098 dominum
1053 2029 1208 2098 Chunra-

71 2125 150 2195 dum
177 2127 455 2216 Ratisponenscm
480 2129 690 2218 episcopum,
720 2126 852 2196 fratrem
876 2128 1017 2217 predicti
1041 2128 1208 2202 Chunradi

70 2229 241 2312 tamquam
267 2225 310 2294 ad
335 2243 449 2294 verum
473 2227 629 2295 heredem
654 2225 859 2315 devolvitur,
878 2232 912 2295 et
929 2226 970 2294 ab
990 2244 1031 2295 eo
1048 2226 1207 2315 Ratispo-

71 2325 172 2391 nansi
191 2325 334 2392 ecclesie
351 2330 512 2413 perpetuo
532 2324 681 2394 donatur.
717 2323 816 2404 Quod
838 2327 943 2393 colam
961 2331 1103 2394 castrum
1121 2326 1207 2393 mul-

70 2423 113 2489 tis
133 2418 323 2510 sumptibus
342 2427 375 2490 et
391 2422 560 2492 laboribus
579 2429 632 2492 cst
649 2422 830 2492 obtentum.

145 2517 247 2589 Anno
266 2519 390 2588 domini
413 2539 526 2590 mccc.
543 2523 657 2614 primo.
685 2517 788 2590 Cum²
804 2540 863 2590 rex
879 2523 1016 2590 Francie
1035 2523 1206 2611 captivas-

71 2623 125 2686 set
147 2619 301 2686 oomitcm
325 2618 477 2688 Flandrie
502 2626 536 2688 et
556 2620 642 2690 lilios
662 2619 752 2709 cina,
771 2625 803 2688 et
821 2627 922 2689 totam
940 2620 1125 2688 Flandriam
1142 2621 1206 2689 sibi

72 2716 310 2806 subiugassct,
334 2716 433 2785 iidem
457 2717 680 2787 Flandrcnses
706 2725 785 2806 post
808 2718 945 2806 aliquod
971 2724 1119 2808 tempuS‚
1145 2736 1205 2786 cc·

71 2816 150 2883 cisis
171 2815 367 2884 custodibus
387 2815 436 2884 eis
454 2815 641 2906 deputatis,
667 2816 775 2884 cidem
799 2818 870 2904 regi
887 2817 1025 2885 Francia
1043 2817 1205 2884 rebellare

72 2918 243 3000 ceperunt.
269 2915 404 3002 Propter
422 2914 512 3000 quod
530 2933 589 2984 rex
612 2915 795 2984 nobiliores
814 2921 848 2982 et
865 2914 1020 2983 fortiores
1038 2916 1134 3001 regni
1152 2917 1204 2983 sui

71 3012 180 3100 misit,
211 3016 247 3079 ut
272 3011 313 3080 dc
339 3011 599 3082 Flandrensibus
628 3018 773 3082 sumeret
797 3013 966 3081 ultionem.
1000 3013 1069 3102 Ipsi
1093 3018 1204 3081 autem

70 3105 295 3178 blandrenses
322 3115 484 3178 exeuntes
504 3113 553 3180 eis
575 3112 706 3182 obviam
723 3113 759 3179 in
777 3129 895 3200 campo
913 3129 1017 3201 prope
1035 3111 1124 3180 Brux
1141 3111 1204 3179 ba·

69 3203 215 3275 buerunt
230 3209 402 3276 victoriam
421 3207 463 3276 de
482 3210 618 3278 eisdem.
651 3210 814 3279 Fecerant
832 3213 917 3279 enim
935 3211 1075 3298 predicti
1099 3210 1204 3278 Flan-
1317 3251 1323 3264 ·

71 3303 394 3393 drenses'quasdam
418 3306 536 3376 lovcas
555 3309 705 3378 occultas
728 3311 763 3376 in
781 3327 897 3396 oarnpo
915 3309 971 3376 ubi
989 3308 1085 3376 ambo
1105 3325 1203 3374 exer-

70 3404 155 3470 citus
175 3403 336 3490 congredi
354 3403 539 3498 debebant,
560 3425 644 3494 quas
664 3409 829 3475 exercitus
847 3407 937 3491 regis
955 3405 1149 3494 ignorabat,
1170 3411 1204 3474 ct

71 3501 119 3568 sic
136 3502 171 3568 in
188 3507 337 3590 paratum
355 3504 403 3571 eis
421 3505 626 3592 precipitium
645 3508 846 3573 corruerunt.
871 3503 914 3571 Et
937 3505 1049 3572 occisa
1068 3509 1146 3570 sunt
1160 3520 1203 3570 cx

71 3600 118 3666 eis
139 3604 172 3666 ct
191 3599 364 3669 submersa
389 3601 465 3689 plus
492 3621 590 3690 quam
612 3604 731 3689 viginti
758 3603 876 3691 millia,
901 3603 986 3670 inter
1004 3618 1089 3688 quos
1109 3607 1204 3668 erant

71 3692 187 3765 decern
205 3715 349 3786 persone
367 3698 513 3768 illustres
533 3701 574 3768 de
592 3719 715 3788 genere
739 3701 941 3790 principum,
961 3704 994 3768 et
1010 3700 1084 3787 plus
1103 3717 1201 3786 quam

71 3795 291 3882 quadraginta
309 3799 459 3888 comites,
479 3805 511 3866 ct
528 3798 596 3868 lere
614 3800 788 3887 quingenti
806 3799 924 3867 famosi
942 3798 1073 3887 militm,
1091 3802 1202 3886 pretor

70 3894 256 3963 mediocres
271 3895 355 3964 alios
369 3895 561 3967 bellatores.
579 3895 718 4000 Duravit
731 3902 840 4000 autem
859 3897 1026 3966 dissensio
1041 3914 1100 3985 per
1116 3914 1201 3984 qua-

104 4065 184 4132 nist
204 4067 393 4122 -redierunt
417 4067 485 4123 fehlt
511 4070 540 4123 in
565 4069 614 4124 der
638 4070 694 4136 bs,
720 4068 789 4122 doch
812 4071 847 4124 ist
870 4071 924 4124 einr'
945 4087 975 4124 er
998 4069 1089 4123 lecrer
1115 4084 1199 4123 raum.

70 4132 98 4208 2)
116 4147 173 4186 was
191 4150 243 4188 von
262 4134 322 4189 bier
338 4151 372 4190 an
390 4135 432 4192 bis
448 4153 510 4190 zum
529 4137 599 4218 ende
614 4135 693 4260 'salzb
710 4136 794 4190 findet
811 4138 869 4192 sich
888 4087 964 4192 nicht
982 4139 1009 4219 in
1028 4137 1075 4192 der
1088 4135 1127 4190 bs.
1145 4135 1199 4190 nnd

71 4205 103 4253 ist
120 4215 188 4268 ganz
206 4217 255 4257 aus
273 4202 302 4258 C.
320 4209 494 4259 entnommeu
512 4212 560 4260 mit
578 4204 663 4261 borenc
685 4219 739 4272 nug
757 4203 804 4260 des
822 4205 921 4260 chron.
941 4204 1037 4260 Salrsb.
