2888 4824
414 291 452 334 un
473 289 601 336 tounnnu
622 289 658 334 ou
680 289 763 335 naun.
983 311 987 317 -
1078 261 1150 330 lilii)

35 427 162 498 latibulis
196 426 387 496 insidiarum
420 445 463 494 en
493 425 699 495 arundinetis
746 424 870 513 ubique
903 434 1150 513 consurgentes

35 528 103 616 prob
120 527 212 594 dolor
228 529 337 615 ipsum
356 543 481 615 regem,
497 533 675 612 antequam
693 525 859 593 exereitus
878 527 949 593 eius
968 527 1152 614 appropin-

36 645 122 714 quare
139 631 277 714 poterat,
295 623 496 693 oooiderunt.
529 622 634 704 Quem
650 629 787 710 propter
804 623 1078 712 pulchritudinem
1097 644 1151 692 ar-

34 743 152 814 morum,
164 725 279 792 timore
296 724 562 810 supervenientis
582 723 760 812 exereitus
779 721 822 788 ad
840 725 1020 810 proximam
1038 725 1151 792 villam

35 824 228 891 festinantius
247 827 468 910 asportarunt.
494 821 710 888 Morabantur
727 821 918 889 autemillis
938 821 1055 889 diebus
1075 823 1151 909 qui-

34 922 95 990 dam
111 921 239 1007 fugitivi
264 940 323 1008 per
348 919 499 988 diversas
519 921 614 986 villas
632 919 804 1008 iniusta,
832 921 887 1006 qui
905 921 1006 1007 paulo
1024 920 1151 1010 pridem

33 1027 150 1109 propter
167 1037 280 1088 eorum
298 1018 459 1087 iorelaota
481 1019 656 1106 proscripti
680 1016 811 1084 luerunt
835 1019 876 1085 ab
894 1018 1090 1106 Hollandia3
1117 1019 1151 1086 hi

33 1120 109 1204 regis
127 1137 215 1185 arma
234 1124 483 1204 eognoscentes
502 1135 544 1184 ex
562 1135 643 1185 auro
661 1115 752 1184 iulvo
772 1116 957 1207 splendida,
975 1119 1009 1186 in
1028 1117 1150 1205 qulbus

34 1219 82 1285 atri
98 1218 218 1286 eoloris
238 1215 438 1284 eorusaabat
454 1216 583 1305 aquila,
610 1214 764 1283 dixerunt
788 1215 918 1284 oeoulte
936 1215 1149 1306 eraserimus,

34 1315 109 1402 quod
126 1333 240 1384 eorum
257 1333 371 1382 verum
390 1313 555 1382 dominum
578 1332 692 1400 regem
717 1320 750 1380 et
769 1315 920 1382 eomitem
946 1315 1151 1384 oeoidissent

33 1415 221 1499 ignorantes.
266 1412 475 1502 Quapropter
497 1419 640 1500 quatuor
669 1414 771 1480 totius
801 1412 914 1481 Fresie
949 1414 1149 1502 prineipales

32 1515 89 1580 sivo
106 1513 281 1602 capitanei,
299 1514 455 1580 timentes
472 1513 545 1580 lese
563 1511 748 1579 maiestatis
766 1511 925 1601 iniuriam,
945 1511 1151 1601 sepelierunt

34 1613 146 1680 oooulte
171 1613 300 1698 regium
325 1629 446 1700 eorpus
471 1613 505 1678 in
529 1611 629 1680 domo
647 1609 817 1678 ouiusdam
834 1610 1011 1701 masonis,
1038 1615 1074 1678 ιιι
1091 1629 1151 1698 per

33 1711 232 1779 succedentia
250 1717 398 1798 tempora
424 1710 590 1799 deperiret
612 1715 678 1777 tam
699 1707 844 1777 vindiota
870 1727 968 1796 quam
992 1710 1150 1778 memoria

34 1811 239 1878 suinominis.
1140 1820 1144 1826 ·

92 1907 196 1976 Cosas
223 1913 406 1976 astantem
432 1903 486 1971 hio
502 1903 701 1972 Wilhelmus
718 1903 939 1972 Romanorum
965 1922 1024 1972 rex
1048 1903 1149 1972 illus-

33 2008 77 2075 tris
98 2013 273 2096 postquam
291 2002 501 2074 Hollandiam
532 2004 587 2070 xxi
612 2005 709 2071 annis
727 2004 891 2092 rexisset,
917 2009 951 2071 et
967 2003 1150 2071 Romanum

33 2123 150 2191 regnum
169 2108 267 2174 annis
285 2111 414 2193 septem
430 2120 503 2170 oum
517 2104 667 2191 potentia
681 2101 917 2192 gubernasset.
943 2102 1149 2190 impletaque

35 2212 75 2270 est
89 2206 260 2294 prophetia
278 2203 406 2290 Sibylle
424 2201 602 2288 Erytbree‚
622 2219 687 2288 que
705 2200 854 2269 veridieo
873 2217 1027 2269 sermone
1044 2201 1149 2284 longe

33 2303 174 2392 predixit,
202 2303 293 2391 quod
311 2302 398 2370 idom
417 2301 614 2367 Wilhelmus
631 2299 853 2368 Romanorum
870 2319 929 2368 rex
951 2317 972 2366 a
987 2299 1011 2365 F
1014 2300 1150 2366 resoni-

34 2399 83 2468 bus
100 2402 301 2471 oeoidendus
321 2405 424 2468 esset.
459 2397 590 2468 Eodem
612 2417 701 2467 anno
725 2399 901 2466 domicella
918 2396 1088 2466 Riobardis
1108 2397 1151 2464 ad

34 2501 195 2569 remedium
234 2502 341 2568 anime
372 2499 480 2566 iratris
513 2499 565 2564 sui
598 2496 761 2585 sepedioli
786 2499 877 2582 regis
915 2499 1150 2566 monasterium

34 2599 199 2682 puellarum
219 2599 344 2667 ordinis
354 2598 670 2665 Premoustrateusis
688 2597 721 2663 in
740 2595 863 2664 allodio
882 2596 1068 2682 patrimonii
1087 2597 1149 2684 sui,

34 2713 122 2784 prope
146 2698 256 2786 Delta,
276 2696 365 2784 quod
386 2696 529 2783 Campus
545 2695 681 2782 Regalis
701 2694 835 2783 dieitur,
863 2693 1018 2760 edilraare
1045 2695 1148 2781 oepit3

36 2795 109 2878 arrad
132 2799 230 2864 etiarn
256 2795 298 2863 ad
322 2795 452 2863 lelioem
478 2793 718 2862 reeordationis
741 2809 802 2860 sue
826 2794 1015 2860 memoriam
1039 2790 1150 2860 devo-

35 2893 142 2962 tissine
160 2894 412 2964 consummavit.
447 2891 546 2960 Anno
573 2892 694 2960 debino
711 2891 890 2959 moelnvi.
909 2890 990 2958 obiit
1007 2907 1150 2957 venera-

35 2988 94 3059 bilis
111 2999 260 3062 matrona
283 2991 457 3060 Elisabeth
474 2990 695 3060 Romanorum
720 2991 836 3076 regina
848 3042 858 3081 ‚
884 2990 920 3056 in
942 2987 1150 3058 liiddelbur-

35 3093 116 3173 gensi
132 3092 336 3162 monasterio
349 3090 516 3158 tumulata.

111 3581 338 3654 EXCERPTA
363 3583 420 3652 EX
440 3579 877 3750 1Ε2ιίΙιΙὲΟΝΙῖιέ7ξΗΟΜΑΕ
904 3581 1057 3650 winus.

87 3935 270 4042 Mooxlv.
298 3971 512 4040 innocentius
531 3989 618 4058 papa
636 3970 832 4038 oonvooatis
851 3969 1016 4036 universis
1036 3970 1146 4038 eoole-
1167 3996 1230 4047 1245

37 4065 75 4132 sia
90 4071 217 4155 prelatis
243 4069 425 4137 eelebravit
450 4071 608 4155 generale
636 4069 811 4136 oonoilium
831 4067 919 4154 apud
937 4067 1149 4156 Lugdunum,

36 4161 62 4229 in
78 4185 134 4252 quo
150 4166 222 4259 [iuli
236 4165 300 4259 li]
322 4170 564 4236 sententialiter
575 4166 770 4253 degradavit
784 4169 1014 4253 imperatorem
1033 4165 1150 4233 Fride-

37 4261 135 4356 riuum,
161 4268 351 4350 dooernensx
374 4269 482 4355 ipsum
512 4267 652 4336 finaliter
678 4263 902 4339 amovendum
932 4265 974 4330 ab
1001 4264 1148 4352 imperio,

64 4383 187 4432 botunltttit
204 4389 325 4458 FOMES.
347 4388 369 4432 2.
921 4373 953 4424 29
