2888 4824
277 231 348 302 380
654 261 691 306 mr
712 259 840 307 nnrnuno
862 259 1026 307 nuoumnsr.

1432 351 1433 386 1

191 412 375 468 reinnerus
394 399 435 468 de
453 399 575 468 Botont
600 404 633 468 et
652 399 925 468 Wormaoienses
952 405 985 468 et
1003 397 1180 488 Spirenses
1205 401 1360 489 episoopi
1378 407 1409 468 et
1432 395 1433 420 ¹

273 499 328 568 alii
346 499 437 567 multi
455 496 570 566 Ottoni
587 499 777 587 imperatori
797 497 923 567 sortiter
941 516 978 566 se
998 506 1172 586 opponunt
1190 499 1233 567 de
1252 499 1405 567 mandato

273 597 396 666 domini
413 615 510 686 pape.
528 596 667 678 Qualem
685 598 786 666 hebet
803 597 957 666 dominus
976 616 1062 687 papo
1080 603 1293 687 potestatem,
1309 600 1404 666 talem

272 697 411 765 eontulit
437 697 637 783 Mogontino
669 699 703 764 in
728 696 943 787 Alamannia,
979 704 1012 766 et
1037 702 1074 764 ut
1099 697 1225 766 eisdem
1254 698 1403 765 vestibus

270 802 380 864 ututur
397 796 518 883 umbus
538 795 691 864 dominus
706 815 793 885 papa
808 797 916 884 utitur,
936 802 970 864 et
985 814 1105 883 equum
1115 796 1225 864 album
1241 796 1373 865 habeat.
1384 851 1402 864 ..

270 892 427 981 Aigulius
446 895 719 983 archiepiscopus
738 896 771 963 in
790 895 1024 963 coloniensem
1043 896 1333 984 arehiepiscopum
1352 915 1404 963 re-

271 995 423 1085 stituitur,
443 995 498 1082 qui
516 1001 663 1082 tempore
671 995 810 1083 Philippi
828 996 918 1081 regis
934 993 1100 1063 adomino
1115 1013 1201 1082 papa
1221 994 1285 1062 iuit
1302 995 1404 1062 desti-

270 1099 360 1161 tutus
379 1147 386 1160 .
406 1145 413 1160 .
432 1145 439 1160 .
464 1092 555 1161 Uxor
571 1090 703 1160 Ottonis
717 1094 925 1180 imperatoris
944 1094 1077 1161 moritur
1091 1093 1273 1162 iuvonoula
1293 1111 1403 1160 mense

271 1193 424 1280 augusti,
452 1191 517 1259 filia
544 1191 682 1280 Philippi
708 1193 798 1276 regis
817 1193 1013 1261 Ravenbero
1038 1191 1213 1260 crudeliter
1231 1192 1402 1281 interfecti,

271 1307 360 1358 anno
386 1290 660 1380 desponsationis
694 1309 756 1359 sue
782 1293 886 1378 primo
917 1292 990 1360 sine
1016 1289 1158 1380 herede,
1196 1299 1299 1359 noeto
1325 1311 1403 1359 sana

271 1407 367 1458 mane
385 1396 521 1459 mortua.
554 1391 639 1458 Puer
656 1387 776 1478 Apulia
794 1389 978 1458 Friderious
996 1388 1225 1458 Alemanniam
1251 1391 1403 1476 ingredi-

271 1495 323 1556 tur
342 1507 415 1556 oum
432 1488 546 1558 favore
564 1487 688 1557 domini
705 1507 793 1579 pape
812 1493 845 1557 ot
863 1490 1099 1575 regisFranoie
1119 1496 1152 1557 et
1169 1491 1295 1558 maiore
1314 1497 1401 1577 parte

270 1589 375 1675 partis
400 1588 493 1656 italio
519 1606 635 1656 mense
671 1589 859 1678 septembri.
900 1588 1086 1656 Friderious
1120 1606 1178 1656 rex
1207 1585 1331 1676 Apuiie
1364 1589 1401 1656 ab

271 1686 424 1755 omnibus
443 1687 562 1756 oharus
582 1688 736 1778 habetur,
755 1687 944 1776 Haghenon
958 1687 1144 1774 ingreditur
1162 1687 1293 1756 ootobri
1312 1705 1401 1756 mon-

271 1802 309 1853 se
328 1837 336 1852 .
354 1835 362 1854 .
381 1839 389 1853 .
412 1785 578 1856 Friderioo
596 1805 701 1875 puero
719 1787 924 1876 prooedente
949 1793 982 1854 ot
1000 1788 1208 1873 Moguntiam
1235 1789 1400 1874 veniente,

272 1880 350 1953 Otto
368 1886 547 1974 imperator
563 1885 745 1954 destitutus
764 1887 895 1954 auxiliis
919 1886 1083 1974 prioribus
1110 1887 1232 1974 oessit‚
1260 1893 1295 1953 et
1320 1889 1401 1953 circa
1433 1939 1434 1978 p

271 1982 442 2052 Coloniam
468 2003 506 2054 se
539 1985 686 2054 eontulit.
729 1987 818 2053 Inter
842 1985 1041 2053 Friderioum
1072 2003 1184 2071 regern
1217 1983 1338 2073 Apulie
1372 1991 1401 2052 et
1433 2003 1434 2064 t

271 2100 384 2168 regem
406 2079 569 2152 Franoie¹
587 2084 629 2153 ad
648 2086 851 2172 oolloquium
870 2087 1073 2153 conveniunt
1090 2086 1123 2152 in
1141 2084 1216 2151 tooo
1237 2087 1293 2171 qui
1313 2084 1395 2152 dioi-

270 2187 322 2248 tur
339 2182 541 2251 Vallisoolor
565 2184 599 2251 in
623 2185 751 2252 ootavis
777 2185 886 2251 sanoti
904 2183 1034 2251 Martini
1062 2179 1156 2273 [nor.
1178 2179 1241 2274 18]
1263 2185 1398 2250 maxima

271 2280 365 2348 turba
382 2282 566 2370 prinoipem
584 2289 617 2350 et
635 2283 774 2350 miiitum
792 2284 947 2351 oomitati.
980 2282 1165 2350 Friderious
1191 2301 1274 2370 puer
1298 2283 1397 2350 Frau-

270 2377 402 2448 keniort
419 2382 589 2448 revertitur
606 2381 771 2450 dominioa
794 2383 898 2471 prima
916 2381 1080 2450 adventus
1100 2381 1223 2448 domini
1251 2379 1341 2472 [deo.
1360 2379 1395 2472 2]

270 2475 739 2568 eligendusininrperatorem.
758 2479 836 2549 Otto
853 2480 959 2569 Aquis
970 2482 1070 2568 venit,
1087 2481 1304 2548 auxitiatores
1319 2500 1396 2568 que-

271 2576 349 2644 sivit
366 2577 427 2646 sed
446 2595 514 2647 non
532 2580 669 2668 invenit,
683 2581 881 2649 alentionem
898 2579 1040 2669 predioti
1062 2578 1218 2646 Friderioi
1244 2579 1395 2667 impedire

268 2674 374 2744 voluit
390 2676 452 2746 sed
469 2695 536 2745 non
554 2678 703 2768 persenit,
722 2681 817 2747 etita
835 2698 908 2748 oum
926 2680 1044 2768 pauois
1062 2678 1213 2756 renessit.
1231 2677 1395 2746 Dominioa

268 2775 372 2861 prima
390 2775 554 2844 adventus
567 2776 861 2846 dominimaximus
878 2784 1064 2847 oonventus
1080 2778 1394 2865 prinotpumoomn-

270 2873 335 2963 nit,
363 2882 397 2943 et
421 2875 619 2944 Friderioum
646 2895 781 2965 puemm
805 2879 1035 2966 imperatorem
1064 2877 1175 2962 elegit.
1210 2876 1301 2944 Inter
1317 2892 1393 2962 quos

269 2968 402 3042 inerunt
426 2976 537 3043 nunoii
556 2975 678 3043 domini
695 2994 782 3064 pape
801 2983 834 3045 et
851 2978 961 3045 nnnoii
978 2975 1067 3062 regis
1085 2975 1242 3064 Franoie,
1267 2981 1301 3044 ot
1318 2976 1392 3043 siout

269 3072 367 3139 nobis
385 3073 522 3140 relatum
541 3080 594 3141 est
611 3074 744 3142 suerunt
761 3075 806 3142 ibi
824 3077 970 3162 quinque
990 3075 1087 3142 millia
1106 3074 1244 3141 militurn
1263 3128 1269 3140 .
1288 3127 1295 3140 .
1315 3127 1321 3140 .

342 3169 441 3238 Anno
466 3170 590 3240 domini
617 3176 783 3242 monxiii.
802 3227 836 3241 ..
869 3172 947 3243 Otto
975 3174 1165 3242 humiliatus
1191 3173 1247 3241 dei
1277 3171 1389 3240 iudioio

268 3285 511 3358 usquequaque
538 3272 619 3340 latet
646 3275 734 3342 oiroa
753 3274 925 3342 Coloniam
950 3279 984 3342 ot
1007 3275 1042 3340 in
1059 3279 1171 3340 eastro
1191 3272 1283 3359 quod
1303 3271 1391 3338 Wer-

269 3368 355 3436 dene
373 3377 511 3438 vocatur
528 3371 560 3438 in
580 3375 735 3439 extremis
754 3373 902 3460 partibus
929 3374 1042 3461 regni,
1068 3371 1250 3459 aliquando
1269 3389 1345 3440 vero
1362 3372 1390 3436 in
1434 3445 1435 3454 ἵ

269 3467 427 3536 Saxonio.
459 3468 643 3536 Friderious
663 3478 773 3538 autem
797 3477 900 3538 toturn
925 3470 1126 3538 dominatum
1152 3472 1281 3558 imperii
1308 3469 1390 3538 ohti-
1434 3495 1435 3504 ¹

267 3573 325 3634 net
337 3564 576 3635 inAlemannia
594 3574 627 3636 et
645 3568 792 3636 favorem
806 3570 985 3658 prinoipum
1004 3621 1010 3636 .
1030 3621 1037 3636 .
1057 3622 1064 3636 .
1083 3567 1161 3637 Otto
1177 3567 1389 3656 oumAqnen-

268 3665 361 3733 sibus
389 3672 423 3734 et
453 3668 570 3735 eomite
598 3667 782 3737 Juliaoensi
808 3667 970 3736 ‘oomitem
1004 3666 1180 3738 Hoiiandie
1211 3669 1338 3756 impetit
1363 3671 1389 3732 et

267 3765 439 3833 maximam
458 3771 585 3854 partem
611 3772 696 3835 terre
716 3786 777 3835 sue
801 3767 959 3835 inoendit.
987 3766 1047 3834 Cui
1069 3767 1124 3834 ille
1143 3766 1280 3836 viriliter
1297 3767 1388 3834 resis-

265 3863 378 3930 tit...
405 3864 671 3954 Episcopus...
698 3869 769 3953 regi
795 3864 933 3957 Apulia,
962 3868 1018 3954 qui
1044 3864 1132 3954 apud
1159 3865 1387 3934 confluentiam

268 3961 391 4027 ouriam
409 3963 621 4034 ordinaverat
643 3965 838 4055 tenendam,
866 3968 1005 4035 ooonrrit
1029 3983 1102 4032 oum
1121 3965 1328 4032 multitudine
1343 3965 1386 4028 in-

267 4057 316 4126 ira
342 4058 415 4129 dies
441 4065 567 4150 pasohe
595 4061 680 4154 [apr.
702 4063 765 4156 m]
786 4117 846 4132 ...
874 4065 972 4133 Curia
999 4065 1171 4133 nominata
1189 4062 1385 4132 Conssuentie

267 4174 334 4225 non
353 4157 422 4247 suit,
441 4161 519 4229 lioet
536 4163 627 4229 multi
645 4165 812 4252 principes
839 4171 1082 4251 convenerant,
1112 4164 1189 4249 quia
1212 4160 1384 4230 Friderious

302 4267 332 4332 1)
351 4265 457 4320 Interea
475 4267 629 4324 Friderious
646 4285 695 4324 rex
712 4270 815 4342 Apuiie
832 4279 860 4326 et
875 4287 924 4326 rex
941 4270 1078 4326 Franeiei
