2884 4834
283 195 352 262 138
640 225 803 274 aorrnroes
825 225 861 270 nr
883 226 1047 274 susurrare

201 375 267 432 rota
281 361 352 428 dux
376 359 509 430 Austria
537 361 625 450 apud
650 361 852 430 Waldeshut
869 347 1005 453 suisset,
1033 365 1152 432 volans
1171 364 1369 453 praeludere
1387 369 1412 433 ai
1432 445 1433 464 χ

278 462 383 549 viam,
418 479 459 528 ne
486 463 613 529 venirat
648 461 871 548 Argentinam.
906 461 957 530 Ex
983 462 1128 532 adverse
1152 482 1232 532 varo
1262 463 1433 540 dominus}

280 557 452 627 Cunradns
470 557 728 646 Argentinansis
748 562 939 652 episeopus,
959 562 1102 630 eollaete
1122 565 1272 632 axareitu
1291 562 1365 630 lorti
1385 571 1414 631 at

278 658 431 748 decenti,
459 659 588 728 habens
619 661 653 727 in
678 661 791 726 militia
817 661 1034 748 oetingentos
1067 663 1186 730 milites
1218 681 1298 730 eum
1324 665 1433 750 aquist

278 757 437 826 falleretis
463 760 535 826 sive
563 758 735 828 dextrariis
759 759 908 849 magnm,
940 767 1050 849 prater
1072 763 1220 848 ipsorum
1247 760 1409 849 familiam,
1432 745 1433 836 l

278 856 321 925 ad
348 857 410 924 hee
436 859 527 926 aives
553 856 819 944 Argentinensas
847 876 920 926 eum
943 861 1069 948 populo
1087 859 1155 928 sera
1174 861 1411 948 innumerabili,

278 956 442 1024 babentes
467 964 689 1045 pugnatorum
715 963 782 1024 tam
807 959 953 1044 equitum
980 977 1078 1046 quam
1103 959 1255 1048 peditum
1284 977 1411 1028 numero

278 1054 394 1123 daeam
418 1057 523 1146 milia,
548 1059 723 1125 venientes
749 1057 784 1123 in
809 1056 1005 1125 adiutorium
1031 1058 1166 1127 domino
1185 1059 1267 1127 duei
1286 1057 1410 1127 dustria

276 1154 506 1244 laelantasqua
530 1155 661 1224 obviam
687 1156 717 1222 ai
740 1173 849 1242 usqua
867 1155 1080 1248 Friburgum‚
1100 1159 1214 1246 ibique
1233 1159 1410 1226 honoribea

277 1262 475 1342 reeaparunt
489 1253 657 1322 dominum
671 1253 941 1323 dueamAustria
955 1256 1194 1325 honorandum.
1221 1258 1332 1344 Igitur
1346 1277 1410 1325 eun

277 1353 341 1421 bae
359 1352 402 1420 ad
420 1371 517 1421 auras
537 1353 660 1422 domini
673 1350 783 1421 Adolb
799 1355 889 1441 ragis
905 1353 1126 1424 Romanorum
1143 1359 1336 1446 venissent,
1355 1374 1409 1425 vo-

278 1453 362 1520 eatis
380 1453 568 1520 eivitatibus
588 1453 796 1521 Columbaria
815 1453 961 1522 Slazstat
978 1455 1219 1542 ananburga
1233 1455 1409 1524 Mulbusan

277 1551 416 1618 anaeb
441 1551 642 1638 Kaisanbarg
667 1571 706 1620 ae
730 1559 800 1622 teta
830 1560 915 1621 tarra
942 1556 1069 1623 eomitis
1099 1554 1141 1624 da
1164 1555 1324 1639 Ferrato,
1351 1573 1407 1622 nna

279 1668 352 1717 eum
370 1651 446 1738 ipso
465 1653 601 1740 cernite,
620 1651 749 1719 babens
767 1653 912 1720 militiam
929 1670 1084 1740 magnam
1102 1653 1344 1744 arduennam,
1362 1653 1376 1720 i
1392 1691 1406 1702 -

279 1749 324 1816 ait
341 1749 474 1819 obviam
492 1749 567 1819 duai
584 1747 719 1818 Austria
737 1769 845 1838 usqua
871 1751 913 1820 od
932 1753 1089 1841 oppidum
1107 1753 1318 1840 llanzingan.
1343 1753 1405 1820 Do-

277 1850 385 1916 minus
404 1867 485 1918 varo
504 1849 572 1918 dux
589 1848 722 1918 Austria
742 1869 816 1918 oum
838 1849 972 1920 domino
990 1849 1229 1938 Argentinensi
1250 1855 1404 1941 episeopo

280 1955 313 2016 et
331 1949 419 2037 sub,
437 1947 666 2018 daeandantas
685 1968 705 2017 a
722 1949 892 2040 Friburgo,
911 1951 1066 2020 volantes
1084 1951 1227 2038 aggredi
1247 1951 1403 2020 dominun

279 2065 391 2134 ragam
400 2044 639 2116 Adoliumeum
650 2049 733 2130 suis,
751 2050 779 2116 si
789 2050 955 2137 patuisset
968 2051 999 2117 ai
1016 2051 1321 2140 loeusposuerunt
1337 2068 1403 2118 sesa

279 2146 368 2234 apud
386 2146 508 2215 dietum
526 2147 660 2235 opidum
677 2146 874 2234 Kanzingan
893 2150 1017 2218 exista
1034 2156 1127 2238 parta
1146 2151 1258 2232 lluvii,
1279 2151 1334 2237 qui
1357 2148 1402 2216 di-

280 2247 364 2312 eitur
380 2245 434 2314 dia
453 2246 586 2314 Elzabe.
612 2247 653 2314 Et
671 2248 720 2314 sie
736 2255 989 2335 parmansamnt
1006 2246 1159 2316 deminus
1177 2247 1325 2317 Adolius
1342 2247 1402 2315 Ro-

279 2361 449 2412 manomm
473 2363 532 2412 rex
557 2363 630 2413 oum
658 2363 720 2413 suo
745 2348 893 2414 exareitu
911 2365 953 2414 ax
970 2348 1025 2415 illa
1042 2354 1135 2436 parta
1155 2347 1256 2416 duvii.
1292 2349 1333 2416 Et
1349 2346 1401 2414 do·

279 2444 387 2511 minus
406 2443 473 2512 dux
490 2441 621 2512 dustria
641 2446 749 2513 animo
767 2445 881 2513 libenti
900 2464 1085 2532 aggressus
1105 2447 1227 2515 inisset
1245 2447 1402 2516 dominum

279 2559 408 2632 ragam,
441 2545 469 2610 si
495 2542 616 2612 lluvius
640 2544 835 2612 immeabilis
867 2562 935 2612 non
960 2544 1089 2614 luisset.
1124 2546 1292 2614 Dominus
1315 2547 1398 2614 etiam

279 2641 346 2710 dux
369 2641 504 2712 Austria
531 2661 604 2710 eum
630 2642 789 2733 vidisset,
818 2643 908 2730 quod
934 2662 1009 2711 anm
1039 2663 1107 2714 nen
1132 2651 1254 2732 posset
1281 2649 1401 2734 prepter

276 2741 555 2810 immeabilitatam
574 2741 663 2809 lluvii
681 2741 841 2832 aggredi,
867 2743 901 2809 in
921 2745 1057 2831 optione
1076 2743 1168 2812 dedit
1186 2744 1323 2814 domine
1340 2743 1398 2828 regi

277 2838 401 2908 Adello
420 2839 505 2908 duo:
526 2847 583 2908 aut
600 2840 690 2928 quod
710 2859 747 2908 sa
766 2841 912 2909 traheret
931 2859 1083 2910 seorsum
1097 2861 1116 2910 a
1131 2843 1245 2932 fluvio,
1265 2839 1397 2930 itaqnod

278 2937 430 3007 dominus
449 2939 516 3008 dux
534 2959 608 3008 aum
626 2939 766 3026 aggredi
783 2947 917 3030 posset,
936 2941 992 3009 vel
1009 2943 1082 3030 ipsa
1107 2943 1320 3011 retroeadara
1333 2941 1397 3008 vol-

277 3037 323 3104 lat
341 3037 383 3104 ad
400 3057 501 3104 unum
519 3039 660 3128 miliana,
679 3040 728 3106 sie
746 3039 837 3126 qued
856 3039 1010 3108 deminus
1029 3059 1086 3109 rex
1111 3059 1185 3109 eum
1204 3041 1397 3128 aggredere-

276 3141 335 3203 tur.
350 3134 496 3216 Quorum
514 3145 665 3206 neutrum
682 3137 834 3206 dominus
853 3157 911 3206 rex
929 3141 1131 3229 aeeeptavit‚
1152 3141 1213 3208 sed
1228 3141 1323 3208 dixit:
1336 3156 1395 3206 mn

278 3235 405 3302 viderat
421 3253 517 3302 seem
533 3254 664 3320 eorem,
681 3255 717 3304 sa
729 3239 830 3304 eoiret
840 3241 1025 3324 peroptima
1041 3239 1209 3326 repedita.

350 3335 466 3403 Finitis
491 3341 601 3404 autam
626 3335 802 3404 duodeoim
829 3337 948 3404 diebus
973 3337 1143 3426 prediatus
1170 3339 1323 3407 dominns
1340 3335 1393 3404 dur

275 3431 427 3524 dustria,
453 3453 527 3502 enm
552 3433 694 3503 vidisset
712 3437 884 3503 terminum
904 3436 967 3504 sibi
986 3439 1195 3524 assignatum
1214 3457 1234 3504 a
1252 3435 1392 3526 principi-

276 3533 340 3601 bus
366 3535 649 3623 appropinquare,
677 3552 795 3602 versus
821 3535 1030 3622 Moguntiam
1057 3538 1145 3625 oepit
1167 3539 1239 3605 iter.
1277 3537 1316 3606 Et
1332 3549 1391 3602 eum

277 3632 319 3700 ad
337 3634 503 3702 eivitatam
520 3630 803 3719 Argentinansam
820 3636 989 3726 venisset,
1009 3635 1163 3704 deminus
1183 3633 1391 3724 arehiepiseo-

276 3749 340 3819 pus
364 3731 635 3818 llaguntinansis
660 3735 831 3801 terminum
855 3735 1063 3821 assignatum
1087 3737 1117 3802 ei
1134 3735 1341 3824 prorogavit,
1363 3735 1389 3795 ul

277 3827 394 3896 dieitur
418 3833 589 3922 nequiter,
616 3831 658 3900 ad
677 3850 777 3901 unum
795 3851 963 3922 mansam,
982 3853 1049 3920 que
1068 3851 1185 3902 mansa
1203 3835 1277 3922 ipsa
1296 3829 1389 3900 domi-

277 3945 339 3994 nus
358 3927 425 3995 dux
442 3927 574 3998 dustria
591 3937 698 3998 eastra
712 3950 773 3999 sua
786 3938 928 4001 metatus
943 3939 995 4001 ast
1008 3935 1040 4000 in
1056 3933 1291 4002 Kotzenhusan
1306 3945 1389 4016 super

276 4024 411 4093 lluvium
436 4025 519 4095 Rani
545 4028 587 4096 ad
613 4031 671 4097 tria
696 4031 830 4098 miliaria
849 4030 891 4099 da
910 4033 1043 4100 eivitata
1062 4030 1306 4118 Argantlnensi.
1329 4027 1387 4094 lle-

276 4124 383 4192 mlnus
408 4143 489 4194 varo
515 4123 657 4195 Adollus
683 4147 742 4196 rex
760 4129 880 4198 aedem
898 4148 1013 4199 mansa
1032 4129 1166 4200 obsedit
1183 4131 1312 4219 opidum
1328 4125 1383 4194 llu-

276 4223 424 4313 biamnm,
450 4225 541 4311 quod
569 4233 622 4292 ast
647 4228 789 4296 aeelasia
816 4227 1071 4314 argentinensis
1103 4237 1136 4298 at
1163 4237 1263 4298 totam
1288 4235 1385 4295 terram
