2886 4834
276 202 325 271 90
649 227 809 274 curorrcou
832 227 1039 274 cocurmrrsr.

197 377 265 432 1298
282 373 319 435 ut
337 369 486 434 iuimicus
501 369 631 434 eiecere
653 365 831 434 calcemus.
855 366 949 434 Tunc
965 365 1118 434 domiuus
1136 366 1397 453 archiepiscopus

278 485 359 535 suos
376 483 500 534 armare
523 485 560 534 se
575 465 652 534 iecit
670 465 713 533 ad
735 464 904 533 dimidium
916 467 1051 554 miliare,
1068 465 1179 552 ibique
1196 465 1292 533 ducis
1311 483 1398 532 exer-

278 568 377 634 citum
395 572 601 654 exspectare.
628 565 703 632 Dux
719 582 800 632 vero
823 566 893 632 suis
914 564 1061 632 dicebat:
1079 564 1267 649 Properate
1287 579 1345 630 oca
1360 565 1400 630 ud

274 665 487 751 pupuettdum
503 668 601 748 utque
619 665 667 730 cd
680 664 906 731 recedendum.
933 663 1080 750 Cumque
1103 681 1141 731 se
1161 670 1398 751 properassent,

277 768 489 832 recesserunt
504 769 605 850 atquo·
627 763 841 831 tabernacula
856 761 1109 830 succenderunt.
1143 761 1219 829 Dux
1241 765 1399 850 processit

171 907 175 918 ·
278 883 298 932 a
323 864 401 930 loco
428 880 494 950 quo
518 864 658 930 tentoria
683 862 799 930 fixerat
820 860 863 929 ad
885 861 1051 931 dimidium
1073 862 1196 929 miliare
1220 861 1341 928 voleus
1361 860 1397 926 ibi

278 981 351 1030 curn
370 963 516 1030 exercitu
531 963 622 1047 regis
638 961 803 1029 dimicare.

351 1060 478 1129 Videns
496 1061 661 1133 exercitus
679 1061 769 1147 regis
788 1065 897 1128 castra
914 1059 1009 1128 ducis
1033 1077 1209 1147 succensa,
1229 1057 1397 1126 consiliarii

276 1161 366 1246 regis
394 1159 504 1228 subito
530 1164 711 1250 venerunt,
738 1159 832 1228 ducis
858 1167 958 1246 gesta
982 1157 1166 1227 secundum
1191 1155 1285 1246 cuod
1303 1173 1398 1244 appa·

276 1265 410 1328 ruerunt
434 1259 575 1327 fideliter
598 1259 799 1348 retulerunt,
830 1257 998 1328 dicentes:
1041 1257 1201 1325 domiuus
1223 1253 1397 1340 ercidepia-

276 1377 379 1444 copus
391 1377 464 1425 cum
484 1375 545 1425 suo
560 1361 718 1424 comitutu
734 1357 831 1425 todie
849 1375 944 1425 mooe
965 1359 1006 1424 de
1026 1357 1119 1424 ducis
1141 1349 1294 1422 euertitu
1314 1371 1398 1420 reee-

277 1457 393 1540 debat,
410 1475 497 1524 uuuc
515 1457 585 1523 due
607 1460 694 1525 siout
703 1457 787 1541 lecit
804 1459 839 1524 iu
856 1458 1041 1543 Keaeiupeu
1061 1457 1110 1546 sic
1131 1459 1165 1522 et
1182 1473 1271 1522 cume
1292 1453 1398 1536 focem

277 1557 434 1642 disponit,
453 1560 487 1622 et
500 1558 645 1623 acimum
660 1573 756 1622 suom
771 1561 868 1642 cique
886 1575 1023 1623 suorum
1036 1557 1162 1642 coptum
1176 1572 1200 1620 α
1217 1555 1336 1620 coortis
1344 1568 1398 1637 pe·

275 1655 382 1723 riculo
397 1655 549 1722 liberere.
574 1653 645 1723 Rex
663 1655 804 1724 credens
821 1657 1018 1724 consiliariis
1039 1653 1228 1722 infidelibus
1252 1658 1397 1738 tauquam

277 1753 432 1822 fidelibus
456 1755 639 1843 acquievit,
664 1755 733 1822 suis
752 1773 843 1822 arma
864 1756 947 1822 sumi
967 1754 1124 1842 precepit,
1143 1751 1314 1838 fugientes
1331 1767 1397 1838 per·

278 1855 374 1942 sequi
395 1853 534 1922 fideliter
555 1852 754 1921 adhortatur.
785 1854 857 1922 Rex
885 1871 959 1921 cum
981 1855 1097 1941 paucis
1124 1853 1246 1940 primus
1274 1854 1396 1938 paratus

277 1951 320 2020 ad
337 1954 474 2042 prelium
490 1952 608 2021 ducem
626 1954 835 2041 persequitur
848 1951 1061 2020 confidenter.

352 2053 427 2120 Dux
445 2051 565 2120 videns
584 2069 698 2138 regem
722 2070 795 2120 curn
818 2053 935 2140 paucis
957 2053 1165 2139 venientem,
1198 2065 1340 2118 securus
1361 2045 1396 2113 de

277 2153 414 2220 victoria
432 2151 581 2219 dicebat:
607 2151 786 2218 Exercitus
810 2169 899 2218 meuc
918 2153 952 2217 iu
974 2155 1042 2218 tres
1057 2153 1175 2234 portes
1189 2147 1356 2214 dividatur
1371 2149 1398 2211 et

276 2253 367 2336 repis
384 2253 551 2318 coercitus
572 2250 620 2316 cd
640 2250 780 2317 medium
798 2252 860 2317 mei
878 2252 987 2316 uenire
997 2251 1068 2316 ciue
1083 2246 1254 2315 obstaculo
1269 2246 1395 2332 permit·

277 2353 377 2416 tetur.
403 2350 484 2416 Cum
499 2353 609 2415 cutem
622 2351 657 2416 iu
672 2353 789 2416 nostru
798 2351 986 2436 percurrerit
997 2367 1021 2414 c
1035 2349 1157 2415 uostris
1174 2345 1394 2428 circumdetur,

277 2451 311 2514 et
329 2464 394 2516 rec
413 2449 448 2516 iu
458 2450 577 2534 prtum
589 2450 746 2534 cupiatur
758 2449 812 2515 oet
823 2449 977 2516 uelociter
997 2446 1187 2528 occidutur,
1205 2446 1281 2530 equi
1296 2444 1394 2510 iuimi-

276 2565 391 2615 corum
413 2547 540 2614 iunceis
557 2547 810 2632 perfodiantur,
839 2564 1029 2614 assessores
1057 2563 1170 2612 eorum
1189 2546 1261 2611 siue
1286 2544 1395 2610 testum

276 2663 454 2732 corporum
478 2649 665 2732 caueatur.
707 2647 801 2714 Sicut
825 2645 893 2714 dux
915 2646 985 2713 suis
1018 2645 1099 2712 dixit
1124 2642 1328 2730 iaciendum,
1355 2641 1394 2706 sio

278 2743 1106 2834 omniafideliterperiecerunt.Adbellumduxcurn
1118 2740 1393 2829 siguoperegriuo

276 2847 463 2936 processit,
486 2847 653 2933 proprium
674 2863 754 2912 vero
781 2863 876 2912 suurn
893 2842 1042 2932 pluribus
1065 2841 1297 2910 committebat.
1335 2837 1393 2905 Rex

277 2961 358 3011 vero
383 2944 445 3012 sub
473 2946 573 3030 signo
601 2945 735 3032 proprio
754 2943 940 3031 dimicavit,
968 2943 1096 3010 maleus
1122 2941 1184 3008 sub
1208 2941 1308 3026 siguo
1326 2954 1392 3026 pro-

276 3043 349 3130 prio
371 3044 444 3130 oapi
457 3043 512 3110 vel
530 3041 637 3110 occidi
654 3062 751 3130 quara
772 3043 913 3110 inimicis
935 3040 1066 3110 tradere
1087 3041 1287 3126 sanguinem
1303 3039 1392 3104 iuno-

280 3147 419 3208 contum.

353 3239 433 3306 Cura
458 3259 516 3308 rex
542 3259 615 3308 curn
642 3243 711 3308 suis
738 3241 781 3308 ad
805 3239 901 3310 ducis
920 3241 1099 3310 exercitum
1116 3238 1343 3326 pervenisset,
1367 3236 1392 3298 ei

278 3338 373 3406 ducis
392 3340 572 3408 exercitum
588 3341 621 3428 ia
640 3345 706 3408 tres
724 3346 836 3428 partes
854 3340 996 3408 divisum
1011 3345 1045 3407 et
1061 3336 1103 3405 ad
1119 3334 1324 3424 preliandum
1337 3347 1393 3399 noc

277 3437 471 3525 fugiendum
489 3437 749 3530 considerasset,
769 3439 850 3507 dixit
864 3457 938 3507 eum
952 3437 1170 3525 sequentibus
1186 3433 1393 3503 cumdolore:

284 3537 347 3604 Vei
364 3537 468 3605 Amici
491 3539 614 3621 austri,
638 3539 702 3605 imo
723 3541 837 3623 potius
856 3539 995 3620 inimici,
1025 3534 1174 3603 mumius
1200 3535 1391 3600 inimicorum

276 3640 462 3704 aestrorum
476 3639 547 3704 sice
562 3639 792 3705 misericordie
806 3656 868 3705 uos
885 3636 1102 3705 tradiderunt.
1127 3633 1164 3702 Si
1183 3635 1267 3699 euim
1288 3631 1390 3715 supie-

276 3752 366 3818 mur,
388 3754 499 3803 omues
521 3737 644 3822 perditi
669 3755 804 3818 sumua,·
834 3738 864 3803 si
887 3753 965 3802 cero
984 3735 1243 3820 peccaverimus
1263 3732 1333 3816 quio
1350 3727 1390 3792 ret

278 3837 575 3918 evectus'eoeuict,
602 3834 734 3922 pertitus
758 3827 984 3921 ipteorumus.1
1012 3833 1105 3900 Tunc
1129 3831 1209 3899 dixit
1232 3830 1305 3897 iulio
1321 3842 1388 3898 suo:

295 3959 343 4038 .¹)
362 3957 492 4039 damnaria
511 3957 700 4013 wirrdeAdcii
714 3977 765 4012 nur
781 3939 852 4012 dana
870 3957 955 4038 habep
973 3957 1081 4011 iachton
1099 3956 1198 4011 watien
1216 3971 1295 4008 waun
1312 3969 1339 4004 er
1353 3949 1391 4028 der

278 4041 595 4148 otiositatis
614 4025 1044 4149 ttuiitii'teittitiitiii
1064 4024 1245 4146 iiiiii?
1263 4023 1316 4144 iit
1331 4014 1390 4141 iii

277 4161 351 4284 ihnpi
366 4161 504 4284 dprlpplar
521 4163 584 4216 kain
597 4111 707 4231 girlugor
724 4162 845 4217 seidherr
867 4162 932 4217 aber
954 4163 999 4216 ain
1023 4109 1140 4232 tagpierar
1162 4132 1244 4214 citior,
1263 4167 1330 4220 iver,
1350 4167 1390 4220 gar

277 4247 320 4284 nro
367 4247 383 4283 a
402 4247 420 4284 u
432 4245 456 4284 uc
477 4271 482 4282 .
