2886 4834
281 189 325 257 36
659 219 785 264 xnuxcus
807 218 1033 266 cocunarunsrs.

167 427 169 432 ,
198 366 266 422 1298
283 375 365 424 suos
390 356 522 443 pedites
548 356 759 443 sequebatur.
803 358 923 426 Comes
949 357 991 426 de
1017 356 1197 443 Regirloch
1223 363 1397 444 procurator
1435 367 1436 402 r

281 455 375 524 ducis
395 455 563 522 occiditur.
589 455 752 524 Dominus
771 457 1018 544 deHagineohe
1037 458 1163 544 capitur
1180 454 1396 524 fraudulenter.

281 547 427 622 Domina
441 553 483 621 de
502 554 752 645 Valchinsteiu,
781 563 898 624 custos
925 557 1116 623 monasterii
1143 561 1258 622 sancta
1286 554 1396 642 Crucis,

280 653 421 721 audiens
440 672 552 738 regern
570 651 727 721 Adollam
746 674 819 722 cum
838 657 970 722 armatis
996 657 1030 722 in
1047 653 1208 723 Alsatiam
1226 659 1397 740 venturum,

283 771 320 820 sc
348 771 422 820 cum
447 751 546 819 rcbus
574 753 644 819 suis
660 755 702 820 in
722 753 961 822 Columbariam
989 754 1170 844 transtulit,
1198 759 1232 820 ct
1257 753 1398 838 reliquias

281 853 410 939 aliquas
430 869 503 918 cum
522 852 637 918 casula
656 853 763 919 serica
781 853 869 943 ruia,
889 855 1031 921 carmine
1048 854 1241 921 hexametro
1259 857 1356 940 texta,
1372 853 1398 916 in

281 969 347 1037 qua
365 950 485 1018 beatus
503 949 575 1017 Leo
594 952 794 1018 cemiterium
812 959 929 1020 sancte
949 953 1062 1020 Crucis
1082 958 1115 1019 et
1133 951 1311 1020 ecclesiam
1328 965 1399 1016 ccr—
1436 939 1437 1010 l

281 1051 442 1136 sacravit,
470 1049 623 1116 tratribus
650 1049 915 1118 Predicaton'bus
943 1053 1028 1118 sicut
1052 1051 1122 1118 suis
1142 1049 1296 1118 fidelibus
1321 1066 1400 1115 ccm-

280 1147 457 1216 mendavit.
485 1148 606 1216 Comes
633 1149 849 1217 Phirretarum
875 1149 1061 1217 advocatus
1080 1148 1208 1216 Alsatie
1235 1149 1400 1214 claustrum

170 1315 171 1318 ,
279 1255 396 1316 sancte
415 1247 528 1316 Crucis
548 1245 720 1316 destruxit.
747 1248 818 1316 Rex
831 1247 977 1316 Adollus
991 1251 1168 1316 claustrum
1187 1248 1297 1315 sancti
1312 1246 1401 1314 Marci
1437 1289 1438 1340 p

278 1353 312 1414 et
346 1346 542 1414 Schuartzin
577 1345 776 1414 devastavit.
818 1349 1008 1436 Episcopus
1043 1365 1123 1416 vcro
1156 1344 1401 1433 Argentincnsis

278 1446 459 1514 claustrum
482 1444 649 1512 Eschcwe
685 1446 804 1514 dicitur
827 1447 1006 1516 delevisse.
1048 1446 1147 1514 Cives
1165 1445 1402 1531 Hageuoenscs

279 1544 432 1612 dicuntur
444 1562 531 1632 pene
547 1562 663 1611 omncs
678 1547 774 1614 villas
790 1547 910 1614 civium
922 1545 1215 1632 Argentincnsium
1233 1543 1402 1611 delevisse.

279 1643 400 1710 Villani
427 1642 469 1710 de
488 1643 660 1710 Castineto
686 1645 793 1712 rivum
818 1644 859 1712 dc
879 1645 1079 1714 Schlezistat
1096 1643 1306 1712 abstulerunt
1314 1664 1323 1729 ;
1350 1643 1402 1728 ipsi

278 1748 390 1809 autem
421 1748 576 1830 potenter
612 1745 742 1828 egressi
768 1743 974 1812 Castinetum
1006 1743 1141 1830 ignibus
1167 1747 1402 1826 cremaverunt;

278 1841 324 1908 illi
348 1840 389 1909 de
415 1841 586 1908 Castincto
614 1840 656 1908 dc
680 1842 745 1909 boc
770 1842 964 1933 doluerunt,
993 1842 1106 1910 Gallos
1135 1841 1308 1910 adiutores
1333 1856 1402 1907 suos
1438 1885 1439 1918 2

277 1945 484 2008 vocaverunt
502 1945 535 2007 et
552 1945 706 2027 potenter
722 1943 757 2008 in
775 1942 1004 2028 Riinigisheim
1022 1947 1255 2031 perrexerunt,
1285 1945 1319 2007 et
1335 1937 1403 2004 illud
1438 1985 1439 2004 .

278 2057 337 2126 per
353 2038 516 2107 dammam
543 2040 688 2107 totaliter
705 2039 899 2108 deleverunt
906 2064 915 2128 3
943 2043 988 2108 illi
1015 2059 1096 2108 vcro
1123 2039 1164 2107 dc
1182 2037 1402 2125 lliinigisbeim

279 2157 317 2206 se
342 2144 634 2224 congregaverunt
658 2145 692 2205 et
717 2141 783 2206 illis
810 2139 851 2207 dc
878 2141 1050 2208 Castineto
1076 2138 1214 2207 reditum
1237 2138 1401 2226 preclusa·

278 2241 364 2326 ruut,
377 2255 451 2304 cum
469 2239 518 2304 eis
537 2244 739 2328 pugnarunt,
754 2244 788 2305 et
806 2256 848 2306 ex
865 2246 1004 2327 utraque
1022 2245 1114 2326 parte
1133 2240 1283 2325 quinque
1302 2234 1402 2323 gladic

279 2335 456 2423 perierunt.
490 2334 561 2402 Rex
587 2334 730 2403 Adollus
758 2345 875 2424 quarto
894 2339 958 2406 lral.
977 2339 1056 2405 iunii
1075 2337 1155 2424 [mai
1176 2337 1238 2424 29]
1259 2336 1303 2404 ad
1322 2333 1402 2403 obsi·

280 2433 413 2502 dionem
437 2433 695 2502 Rubiaccusium
720 2453 757 2502 se
783 2430 960 2523 parabat.1
997 2437 1068 2504 Rex
1085 2435 1228 2505 Adollus
1258 2435 1302 2502 ab
1321 2433 1402 2502 obsi·

280 2532 379 2601 dione
398 2532 609 2600 Rubeacensi
626 2535 660 2600 in
685 2533 773 2602 sesto
790 2535 942 2604 Barnabc
961 2537 1106 2624 apostoli
1125 2535 1208 2622 [iun.
1228 2534 1293 2623 11]
1319 2549 1402 2600 recc-

279 2632 380 2700 dcbat
406 2638 440 2699 et
470 2649 507 2699 sc
534 2634 567 2699 in
593 2632 786 2718 Eginsbeim
819 2634 991 2704 rescrebat.
1034 2635 1114 2702 Post
1140 2633 1263 2702 lectum
1292 2633 1356 2700 Viti
1378 2637 1404 2696 ct

279 2730 445 2821 Modesti,
473 2731 507 2798 id
535 2737 588 2800 est
611 2734 667 2799 xvi
686 2732 751 2799 bal.
771 2733 839 2800 iulii
858 2733 940 2820 [iun.
962 2734 1023 2821 16]
1051 2752 1109 2802 rex
1125 2731 1270 2802 Adolius
1290 2730 1333 2799 ab
1351 2728 1403 2797 ob-

281 2829 411 2898 sidione
429 2831 560 2897 castelli
578 2831 772 2916 Eginsheim
789 2833 978 2901 recedebat.
1003 2833 1105 2900 Festo
1124 2837 1316 2899 sanctorum
1333 2830 1404 2896 Pro-

281 2930 370 2996 cessi
389 2935 422 2994 ct
439 2928 627 2995 Martiniani
645 2948 703 2996 rex
719 2929 863 2999 Adollus
881 2931 1082 3000 interficitur.
1111 2930 1268 2998 Sanctam
1278 2929 1404 2996 Crucem

282 3028 463 3114 episcopus
483 3029 698 3114 expugnavit.
727 3029 877 3098 Castrum
896 3031 1012 3097 Gemcr
1036 3049 1096 3116 per
1120 3031 1234 3115 ignem
1251 3028 1403 3096 devasta-

281 3130 341 3193 tur.
369 3125 516 3192 Veniens
535 3127 568 3192 iu
586 3126 801 3197 Franconiam
821 3129 967 3198 camilex
984 3127 1247 3218 Rintlleisob,.id
1266 3134 1320 3196 cst
1338 3139 1404 3192 carc

282 3224 396 3312 bovis,
424 3226 570 3313 nomine,
599 3227 655 3312 qui
679 3226 808 3295 ludeos
834 3229 923 3316 cepit
940 3235 973 3294 et
990 3226 1158 3296 interiecit
1175 3232 1209 3294 ct
1226 3243 1341 3294 corum
1359 3238 1403 3290 res

283 3323 415 3411 diripuit
432 3325 610 3412 violenter,
631 3343 693 3392 ncc
712 3332 782 3393 erat
800 3379 913 3394 .....
940 3326 1107 3415 impedire.
1141 3325 1229 3394 Ante
1255 3339 1403 3408 assump-

282 3423 406 3490 tionem
424 3421 521 3490 beatc
541 3423 687 3509 Virginis
707 3424 799 3511 [aug.
821 3426 882 3513 15]
900 3427 992 3494 venit
1009 3428 1042 3492 in
1059 3422 1276 3511 Argentinam
1293 3421 1403 3490 Arcer-

282 3527 336 3589 tus
356 3539 413 3588 rex
430 3520 660 3611 Romanorum,
681 3528 714 3590 et
731 3525 885 3612 recipitur
902 3524 944 3592 ab
963 3526 1125 3612 episcopo
1144 3529 1178 3592 et
1194 3523 1321 3611 populo
1341 3518 1402 3588 sol·

282 3621 455 3707 lempnitcr
472 3627 505 3688 et
522 3623 671 3689 letanter.
698 3622 736 3688 ln
754 3624 867 3708 vigilia
886 3624 1124 3711 assumptionis
1143 3623 1247 3690 Mario
1267 3635 1403 3689 exumn·

284 3725 335 3784 tur
352 3719 452 3786 multe
477 3720 595 3787 domus
621 3723 654 3788 in
672 3719 857 3806 Argentina
881 3730 914 3790 et
931 3724 1037 3789 maius
1056 3723 1291 3790 monasterium
1309 3716 1403 3786 lllaric

283 3817 422 3902 virginis
442 3819 599 3902 gloriose.
617 3820 805 3887 Mortalitas
820 3839 942 3906 magna
957 3823 1064 3889 extitit
1082 3827 1115 3888 et
1132 3821 1293 3888 comestio
1312 3817 1402 3884 boum

285 3914 527 4002 prohibebatur.
554 3918 720 3986 Plcbanus
738 3920 947 3988 Brisaccnsis
966 3940 1033 3988 unc
1053 3920 1105 3987 dic
1124 3920 1275 3986 hominos
1294 3914 1403 4000 trigin-

286 4013 407 4080 taduos
426 4017 695 4106 communicavit,
723 4017 843 4085 decem
864 4021 1011 4104 inunxit,
1040 4024 1168 4106 septem
1186 4017 1337 4086 llebilitcr
1354 4028 1403 4078 sc-

284 4113 407 4200 pclivit.
435 4109 627 4198 Octingenti
645 4133 758 4183 currus
777 4123 876 4204 atquc
895 4117 973 4202 biga
992 4117 1033 4184 dc
1049 4117 1258 4185 Columbaria
1273 4131 1339 4181 uno
1358 4109 1403 4176 dic

320 4225 350 4288 1)
369 4219 1416 4298 abobsidioneseRubiaccusiumsepararuntbalderdruclr,wasiclraudente.·
