<?xml version="1.0" encoding="UTF-8"?>
<!DOCTYPE html PUBLIC "-//W3C//DTD XHTML 1.0 Transitional//EN"
    "http://www.w3.org/TR/xhtml1/DTD/xhtml1-transitional.dtd">
<html xmlns="http://www.w3.org/1999/xhtml" xml:lang="en" lang="en">
 <head>
  <title>
</title>
<meta http-equiv="Content-Type" content="text/html;charset=utf-8" />
  <meta name='ocr-system' content='tesseract 3.04.00' />
  <meta name='ocr-capabilities' content='ocr_page ocr_carea ocr_par ocr_line ocrx_word'/>
</head>
<body>
  <div class='ocr_page' id='page_1' title='image "./fontesrerumgerm00hubegoog_0080.png"; bbox 0 0 2916 4834; ppageno 0'>
   <div class='ocr_carea' id='block_1_1' title="bbox 395 239 1151 310">
    <p class='ocr_par' dir='ltr' id='par_1_1' title="bbox 395 239 1151 310">
     <span class='ocr_line' id='line_1_1' title="bbox 395 239 1151 310; baseline -0.008 0"><span class='ocrx_word' id='word_1_1' title='bbox 395 263 524 310; x_wconf 82' lang='lat' dir='ltr'><strong>rnnnrrs</strong></span> <span class='ocrx_word' id='word_1_2' title='bbox 547 261 771 310; x_wconf 80' lang='lat' dir='ltr'><strong>conuaurnxsrs.</strong></span> <span class='ocrx_word' id='word_1_3' title='bbox 1108 239 1151 304; x_wconf 81' lang='lat' dir='ltr'><strong>lt</strong></span> 
     </span>
    </p>
   </div>
   <div class='ocr_carea' id='block_1_2' title="bbox 11 399 1233 4032">
    <p class='ocr_par' dir='ltr' id='par_1_2' title="bbox 38 399 1233 985">
     <span class='ocr_line' id='line_1_2' title="bbox 39 399 1233 495; baseline 0.003 -25"><span class='ocrx_word' id='word_1_4' title='bbox 39 399 183 470; x_wconf 90' lang='lat' dir='ltr'><strong>habebunt</strong></span> <span class='ocrx_word' id='word_1_5' title='bbox 197 417 354 486; x_wconf 88' lang='lat' dir='ltr'><strong>magnum</strong></span> <span class='ocrx_word' id='word_1_6' title='bbox 377 419 450 469; x_wconf 93' lang='lat' dir='ltr'><strong>curn</strong></span> <span class='ocrx_word' id='word_1_7' title='bbox 469 401 663 470; x_wconf 90' lang='lat' dir='ltr'><strong>Sarracenis</strong></span> <span class='ocrx_word' id='word_1_8' title='bbox 683 404 717 468; x_wconf 88' lang='lat' dir='ltr'><strong>ia</strong></span> <span class='ocrx_word' id='word_1_9' title='bbox 740 403 967 471; x_wconf 79' lang='lat' dir='ltr'><strong>transmarinis</strong></span> <span class='ocrx_word' id='word_1_10' title='bbox 988 403 1149 495; x_wconf 84' lang='lat' dir='ltr'><strong>partibus,</strong></span> <span class='ocrx_word' id='word_1_11' title='bbox 1170 417 1233 474; x_wconf 76' lang='lat' dir='ltr'><strong>teat</strong></span> 
     </span>
     <span class='ocr_line' id='line_1_3' title="bbox 39 497 1151 591; baseline 0.004 -23"><span class='ocrx_word' id='word_1_12' title='bbox 39 509 63 569; x_wconf 90' lang='lat' dir='ltr'><strong>ct</strong></span> <span class='ocrx_word' id='word_1_13' title='bbox 79 501 167 588; x_wconf 86' lang='lat' dir='ltr'><strong>pauci</strong></span> <span class='ocrx_word' id='word_1_14' title='bbox 192 501 305 567; x_wconf 91' lang='lat' dir='ltr'><strong>exeis</strong></span> <span class='ocrx_word' id='word_1_15' title='bbox 331 501 452 569; x_wconf 92' lang='lat' dir='ltr'><strong>multos</strong></span> <span class='ocrx_word' id='word_1_16' title='bbox 470 501 729 570; x_wconf 73' lang='lat' dir='ltr'>sarracenorum</span> <span class='ocrx_word' id='word_1_17' title='bbox 756 509 916 589; x_wconf 89' lang='lat' dir='ltr'><strong>cepemnt</strong></span> <span class='ocrx_word' id='word_1_18' title='bbox 934 509 968 570; x_wconf 92' lang='lat' dir='ltr'><strong>et</strong></span> <span class='ocrx_word' id='word_1_19' title='bbox 992 497 1151 591; x_wconf 89' lang='lat' dir='ltr'><strong>plurimos</strong></span> 
     </span>
     <span class='ocr_line' id='line_1_4' title="bbox 39 598 1153 690; baseline 0.003 -21"><span class='ocrx_word' id='word_1_20' title='bbox 39 598 218 670; x_wconf 89' lang='lat' dir='ltr'><strong>occidcmnt.</strong></span> <span class='ocrx_word' id='word_1_21' title='bbox 243 599 348 666; x_wconf 87' lang='lat' dir='ltr'><strong>Eiecti</strong></span> <span class='ocrx_word' id='word_1_22' title='bbox 363 598 405 668; x_wconf 92' lang='lat' dir='ltr'><strong>de</strong></span> <span class='ocrx_word' id='word_1_23' title='bbox 421 601 573 669; x_wconf 89' lang='lat' dir='ltr'><strong>Bononia</strong></span> <span class='ocrx_word' id='word_1_24' title='bbox 590 599 711 668; x_wconf 91' lang='lat' dir='ltr'><strong>multos</strong></span> <span class='ocrx_word' id='word_1_25' title='bbox 730 599 921 669; x_wconf 86' lang='lat' dir='ltr'><strong>decivitate</strong></span> <span class='ocrx_word' id='word_1_26' title='bbox 938 603 1073 690; x_wconf 79' lang='lat' dir='ltr'>turpiter</span> <span class='ocrx_word' id='word_1_27' title='bbox 1089 620 1153 672; x_wconf 87' lang='lat' dir='ltr'><strong>oc-</strong></span> 
     </span>
     <span class='ocr_line' id='line_1_5' title="bbox 39 696 1153 786; baseline 0.003 -19"><span class='ocrx_word' id='word_1_28' title='bbox 39 699 175 767; x_wconf 87' lang='lat' dir='ltr'><strong>ciderunt.</strong></span> <span class='ocrx_word' id='word_1_29' title='bbox 202 696 299 765; x_wconf 88' lang='lat' dir='ltr'><strong>Multi</strong></span> <span class='ocrx_word' id='word_1_30' title='bbox 316 699 484 784; x_wconf 79' lang='lat' dir='ltr'><strong>ignobiles</strong></span> <span class='ocrx_word' id='word_1_31' title='bbox 500 698 578 768; x_wconf 87' lang='lat' dir='ltr'><strong>lacti</strong></span> <span class='ocrx_word' id='word_1_32' title='bbox 595 698 717 766; x_wconf 88' lang='lat' dir='ltr'><strong>milites</strong></span> <span class='ocrx_word' id='word_1_33' title='bbox 733 701 768 766; x_wconf 93' lang='lat' dir='ltr'><strong>in</strong></span> <span class='ocrx_word' id='word_1_34' title='bbox 784 696 978 786; x_wconf 81' lang='lat' dir='ltr'><strong>Argentina.</strong></span> <span class='ocrx_word' id='word_1_35' title='bbox 1013 699 1153 770; x_wconf 86' lang='lat' dir='ltr'><strong>Medio-</strong></span> 
     </span>
     <span class='ocr_line' id='line_1_6' title="bbox 38 795 1152 888; baseline 0.004 -22"><span class='ocrx_word' id='word_1_36' title='bbox 38 798 171 867; x_wconf 89' lang='lat' dir='ltr'><strong>lmenses</strong></span> <span class='ocrx_word' id='word_1_37' title='bbox 195 795 238 864; x_wconf 91' lang='lat' dir='ltr'><strong>de</strong></span> <span class='ocrx_word' id='word_1_38' title='bbox 262 797 391 866; x_wconf 88' lang='lat' dir='ltr'><strong>civibus</strong></span> <span class='ocrx_word' id='word_1_39' title='bbox 407 815 493 886; x_wconf 90' lang='lat' dir='ltr'><strong>quos</strong></span> <span class='ocrx_word' id='word_1_40' title='bbox 518 799 689 866; x_wconf 85' lang='lat' dir='ltr'><strong>eiecerunt</strong></span> <span class='ocrx_word' id='word_1_41' title='bbox 709 800 916 885; x_wconf 88' lang='lat' dir='ltr'><strong>quingentos</strong></span> <span class='ocrx_word' id='word_1_42' title='bbox 938 799 992 868; x_wconf 92' lang='lat' dir='ltr'><strong>vel</strong></span> <span class='ocrx_word' id='word_1_43' title='bbox 1011 800 1152 888; x_wconf 86' lang='lat' dir='ltr'><strong>amplius</strong></span> 
     </span>
     <span class='ocr_line' id='line_1_7' title="bbox 38 893 1151 985; baseline 0.003 -20"><span class='ocrx_word' id='word_1_44' title='bbox 38 896 217 965; x_wconf 87' lang='lat' dir='ltr'><strong>occiderunt.</strong></span> <span class='ocrx_word' id='word_1_45' title='bbox 262 895 368 965; x_wconf 88' lang='lat' dir='ltr'><strong>Nonis</strong></span> <span class='ocrx_word' id='word_1_46' title='bbox 393 897 539 966; x_wconf 91' lang='lat' dir='ltr'><strong>octobris</strong></span> <span class='ocrx_word' id='word_1_47' title='bbox 574 898 656 985; x_wconf 90' lang='lat' dir='ltr'><strong>[oct.</strong></span> <span class='ocrx_word' id='word_1_48' title='bbox 678 895 715 983; x_wconf 87' lang='grc'><strong>7]</strong></span> <span class='ocrx_word' id='word_1_49' title='bbox 746 896 897 965; x_wconf 90' lang='lat' dir='ltr'><strong>secundo</strong></span> <span class='ocrx_word' id='word_1_50' title='bbox 920 893 1023 967; x_wconf 87' lang='lat' dir='ltr'><strong>ieria¹</strong></span> <span class='ocrx_word' id='word_1_51' title='bbox 1050 899 1151 968; x_wconf 91' lang='lat' dir='ltr'><strong>obse·</strong></span> 
     </span>
    </p>

    <p class='ocr_par' dir='ltr' id='par_1_3' title="bbox 11 993 1223 4032">
     <span class='ocr_line' id='line_1_8' title="bbox 38 993 1223 1083; baseline 0.002 -19"><span class='ocrx_word' id='word_1_52' title='bbox 38 995 73 1064; x_wconf 87' lang='lat' dir='ltr'><strong>dit</strong></span> <span class='ocrx_word' id='word_1_53' title='bbox 100 1013 153 1063; x_wconf 89' lang='lat' dir='ltr'><strong>rex</strong></span> <span class='ocrx_word' id='word_1_54' title='bbox 172 993 337 1064; x_wconf 89' lang='lat' dir='ltr'><strong>Rudollus</strong></span> <span class='ocrx_word' id='word_1_55' title='bbox 367 999 520 1065; x_wconf 91' lang='lat' dir='ltr'><strong>comitem</strong></span> <span class='ocrx_word' id='word_1_56' title='bbox 551 1005 584 1064; x_wconf 89' lang='lat' dir='ltr'><strong>et</strong></span> <span class='ocrx_word' id='word_1_57' title='bbox 608 997 772 1064; x_wconf 86' lang='lat' dir='ltr'><strong>civitatem</strong></span> <span class='ocrx_word' id='word_1_58' title='bbox 797 997 1053 1083; x_wconf 67' lang='lat' dir='ltr'><strong>limburgensem</strong></span> <span class='ocrx_word' id='word_1_59' title='bbox 1078 1015 1152 1066; x_wconf 91' lang='lat' dir='ltr'><strong>cum</strong></span> <span class='ocrx_word' id='word_1_60' title='bbox 1220 1033 1223 1039; x_wconf 92' lang='lat'>·</span> 
     </span>
     <span class='ocr_line' id='line_1_9' title="bbox 38 1093 1152 1183; baseline 0.002 -21"><span class='ocrx_word' id='word_1_61' title='bbox 38 1095 120 1164; x_wconf 92' lang='lat' dir='ltr'><strong>tribus</strong></span> <span class='ocrx_word' id='word_1_62' title='bbox 150 1095 352 1163; x_wconf 76' lang='lat' dir='ltr'><strong>exercitibus</strong></span> <span class='ocrx_word' id='word_1_63' title='bbox 388 1095 555 1164; x_wconf 90' lang='lat' dir='ltr'><strong>lromiuum</strong></span> <span class='ocrx_word' id='word_1_64' title='bbox 586 1093 794 1164; x_wconf 89' lang='lat' dir='ltr'><strong>multitudine</strong></span> <span class='ocrx_word' id='word_1_65' title='bbox 829 1096 979 1183; x_wconf 89' lang='lat' dir='ltr'><strong>copiosa.</strong></span> <span class='ocrx_word' id='word_1_66' title='bbox 1038 1096 1152 1164; x_wconf 89' lang='lat' dir='ltr'><strong>Minde</strong></span> 
     </span>
     <span class='ocr_line' id='line_1_10' title="bbox 38 1193 1148 1283; baseline 0.004 -22"><span class='ocrx_word' id='word_1_67' title='bbox 38 1193 83 1262; x_wconf 93' lang='lat' dir='ltr'><strong>luit</strong></span> <span class='ocrx_word' id='word_1_68' title='bbox 100 1193 228 1262; x_wconf 85' lang='lat' dir='ltr'><strong>iratmm</strong></span> <span class='ocrx_word' id='word_1_69' title='bbox 254 1194 502 1263; x_wconf 90' lang='lat' dir='ltr'><strong>Predicatomm</strong></span> <span class='ocrx_word' id='word_1_70' title='bbox 523 1195 700 1283; x_wconf 89' lang='lat' dir='ltr'><strong>capitulum</strong></span> <span class='ocrx_word' id='word_1_71' title='bbox 727 1194 940 1262; x_wconf 88' lang='lat' dir='ltr'><strong>celebratum.</strong></span> <span class='ocrx_word' id='word_1_72' title='bbox 975 1194 1148 1266; x_wconf 79' lang='lat' dir='ltr'><strong>Exercitus</strong></span> 
     </span>
     <span class='ocr_line' id='line_1_11' title="bbox 11 1289 1151 1382; baseline 0.003 -23"><span class='ocrx_word' id='word_1_73' title='bbox 11 1299 13 1316; x_wconf 60' lang='lat'>⁸</span> <span class='ocrx_word' id='word_1_74' title='bbox 38 1294 107 1378; x_wconf 83' lang='lat' dir='ltr'><strong>regis</strong></span> <span class='ocrx_word' id='word_1_75' title='bbox 121 1291 251 1361; x_wconf 86' lang='lat' dir='ltr'><strong>liudolfi</strong></span> <span class='ocrx_word' id='word_1_76' title='bbox 269 1292 433 1362; x_wconf 87' lang='lat' dir='ltr'><strong>destruxit</strong></span> <span class='ocrx_word' id='word_1_77' title='bbox 446 1294 625 1362; x_wconf 88' lang='lat' dir='ltr'><strong>claustrum</strong></span> <span class='ocrx_word' id='word_1_78' title='bbox 642 1293 847 1362; x_wconf 87' lang='lat' dir='ltr'><strong>dominarum</strong></span> <span class='ocrx_word' id='word_1_79' title='bbox 871 1291 914 1362; x_wconf 93' lang='lat' dir='ltr'><strong>de</strong></span> <span class='ocrx_word' id='word_1_80' title='bbox 930 1289 1151 1382; x_wconf 87' lang='lat' dir='ltr'><strong>Adilnbusen‚</strong></span> 
     </span>
     <span class='ocr_line' id='line_1_12' title="bbox 38 1391 1153 1480; baseline 0.002 -22"><span class='ocrx_word' id='word_1_81' title='bbox 38 1397 147 1480; x_wconf 86' lang='lat' dir='ltr'><strong>propter</strong></span> <span class='ocrx_word' id='word_1_82' title='bbox 170 1391 264 1478; x_wconf 84' lang='lat' dir='ltr'><strong>quod</strong></span> <span class='ocrx_word' id='word_1_83' title='bbox 294 1391 386 1461; x_wconf 87' lang='lat' dir='ltr'><strong>dedit</strong></span> <span class='ocrx_word' id='word_1_84' title='bbox 409 1395 459 1462; x_wconf 89' lang='lat' dir='ltr'><strong>eis</strong></span> <span class='ocrx_word' id='word_1_85' title='bbox 489 1411 548 1460; x_wconf 91' lang='lat' dir='ltr'><strong>rex</strong></span> <span class='ocrx_word' id='word_1_86' title='bbox 574 1398 738 1460; x_wconf 91' lang='lat' dir='ltr'><strong>trecentas</strong></span> <span class='ocrx_word' id='word_1_87' title='bbox 763 1393 881 1478; x_wconf 88' lang='lat' dir='ltr'><strong>viginti</strong></span> <span class='ocrx_word' id='word_1_88' title='bbox 902 1409 1058 1460; x_wconf 91' lang='lat' dir='ltr'><strong>marcas..</strong></span> <span class='ocrx_word' id='word_1_89' title='bbox 1081 1391 1153 1460; x_wconf 89' lang='lat' dir='ltr'><strong>ilex</strong></span> 
     </span>
     <span class='ocr_line' id='line_1_13' title="bbox 11 1487 1152 1584; baseline 0.001 -27"><span class='ocrx_word' id='word_1_90' title='bbox 11 1519 13 1584; x_wconf 64' lang='lat'>3</span> <span class='ocrx_word' id='word_1_91' title='bbox 38 1489 171 1559; x_wconf 89' lang='lat' dir='ltr'><strong>ludolius</strong></span> <span class='ocrx_word' id='word_1_92' title='bbox 189 1491 353 1580; x_wconf 85' lang='lat' dir='ltr'><strong>expendit</strong></span> <span class='ocrx_word' id='word_1_93' title='bbox 372 1492 406 1559; x_wconf 94' lang='lat' dir='ltr'><strong>in</strong></span> <span class='ocrx_word' id='word_1_94' title='bbox 430 1491 640 1560; x_wconf 84' lang='lat' dir='ltr'><strong>Columbaria</strong></span> <span class='ocrx_word' id='word_1_95' title='bbox 667 1493 700 1560; x_wconf 91' lang='lat' dir='ltr'><strong>in</strong></span> <span class='ocrx_word' id='word_1_96' title='bbox 724 1490 922 1560; x_wconf 75' lang='lat' dir='ltr'><strong>victualibus</strong></span> <span class='ocrx_word' id='word_1_97' title='bbox 944 1489 1029 1560; x_wconf 87' lang='lat' dir='ltr'><strong>inira</strong></span> <span class='ocrx_word' id='word_1_98' title='bbox 1053 1487 1152 1578; x_wconf 76' lang='lat' dir='ltr'><strong>uuin-</strong></span> 
     </span>
     <span class='ocr_line' id='line_1_14' title="bbox 40 1588 1150 1676; baseline 0.001 -19"><span class='ocrx_word' id='word_1_99' title='bbox 40 1589 122 1658; x_wconf 87' lang='lat' dir='ltr'><strong>dacim</strong></span> <span class='ocrx_word' id='word_1_100' title='bbox 140 1588 216 1658; x_wconf 92' lang='lat' dir='ltr'><strong>dies</strong></span> <span class='ocrx_word' id='word_1_101' title='bbox 239 1591 326 1658; x_wconf 90' lang='lat' dir='ltr'><strong>mille</strong></span> <span class='ocrx_word' id='word_1_102' title='bbox 347 1590 510 1659; x_wconf 87' lang='lat' dir='ltr'><strong>ducentas</strong></span> <span class='ocrx_word' id='word_1_103' title='bbox 532 1607 669 1659; x_wconf 89' lang='lat' dir='ltr'><strong>marcas.</strong></span> <span class='ocrx_word' id='word_1_104' title='bbox 703 1589 823 1658; x_wconf 89' lang='lat' dir='ltr'><strong>Comes</strong></span> <span class='ocrx_word' id='word_1_105' title='bbox 847 1589 1013 1658; x_wconf 88' lang='lat' dir='ltr'><strong>Sabaudie</strong></span> <span class='ocrx_word' id='word_1_106' title='bbox 1037 1607 1150 1676; x_wconf 87' lang='lat' dir='ltr'><strong>regem</strong></span> 
     </span>
     <span class='ocr_line' id='line_1_15' title="bbox 39 1686 1151 1778; baseline 0.002 -24"><span class='ocrx_word' id='word_1_107' title='bbox 39 1686 184 1758; x_wconf 85' lang='lat' dir='ltr'><strong>budellum</strong></span> <span class='ocrx_word' id='word_1_108' title='bbox 217 1689 384 1758; x_wconf 86' lang='lat' dir='ltr'><strong>hostiliter</strong></span> <span class='ocrx_word' id='word_1_109' title='bbox 404 1691 626 1778; x_wconf 81' lang='lat' dir='ltr'><strong>impugnavit,</strong></span> <span class='ocrx_word' id='word_1_110' title='bbox 652 1707 765 1758; x_wconf 93' lang='lat' dir='ltr'><strong>comes</strong></span> <span class='ocrx_word' id='word_1_111' title='bbox 785 1695 893 1758; x_wconf 88' lang='lat' dir='ltr'><strong>autem</strong></span> <span class='ocrx_word' id='word_1_112' title='bbox 927 1687 969 1756; x_wconf 92' lang='lat' dir='ltr'><strong>de</strong></span> <span class='ocrx_word' id='word_1_113' title='bbox 985 1741 992 1756; x_wconf 91' lang='lat'><strong>.</strong></span> <span class='ocrx_word' id='word_1_114' title='bbox 1009 1742 1016 1755; x_wconf 93' lang='lat'><strong>.</strong></span> <span class='ocrx_word' id='word_1_115' title='bbox 1033 1741 1061 1757; x_wconf 93' lang='lat'><strong>..</strong></span> <span class='ocrx_word' id='word_1_116' title='bbox 1087 1707 1151 1757; x_wconf 93' lang='lat' dir='ltr'><strong>co-</strong></span> 
     </span>
     <span class='ocr_line' id='line_1_16' title="bbox 40 1785 1150 1877; baseline 0.002 -23"><span class='ocrx_word' id='word_1_117' title='bbox 40 1789 122 1855; x_wconf 89' lang='lat' dir='ltr'><strong>nitcm</strong></span> <span class='ocrx_word' id='word_1_118' title='bbox 145 1787 316 1857; x_wconf 88' lang='lat' dir='ltr'><strong>Sabaudie</strong></span> <span class='ocrx_word' id='word_1_119' title='bbox 337 1789 415 1857; x_wconf 90' lang='lat' dir='ltr'><strong>lesit</strong></span> <span class='ocrx_word' id='word_1_120' title='bbox 422 1811 431 1876; x_wconf 79' lang='lat'><em>3</em></span> <span class='ocrx_word' id='word_1_121' title='bbox 456 1793 591 1877; x_wconf 87' lang='lat' dir='ltr'><strong>propter</strong></span> <span class='ocrx_word' id='word_1_122' title='bbox 614 1787 678 1857; x_wconf 89' lang='lat' dir='ltr'><strong>boc</strong></span> <span class='ocrx_word' id='word_1_123' title='bbox 704 1805 818 1856; x_wconf 90' lang='lat' dir='ltr'><strong>comes</strong></span> <span class='ocrx_word' id='word_1_124' title='bbox 845 1806 959 1874; x_wconf 89' lang='lat' dir='ltr'><strong>regem</strong></span> <span class='ocrx_word' id='word_1_125' title='bbox 975 1785 1150 1856; x_wconf 80' lang='lat' dir='ltr'><strong>liudolfum</strong></span> 
     </span>
     <span class='ocr_line' id='line_1_17' title="bbox 41 1885 1150 1975; baseline 0.002 -23"><span class='ocrx_word' id='word_1_126' title='bbox 41 1886 114 1954; x_wconf 90' lang='lat' dir='ltr'><strong>desiit</strong></span> <span class='ocrx_word' id='word_1_127' title='bbox 127 1888 334 1975; x_wconf 89' lang='lat' dir='ltr'><strong>impugnare.</strong></span> <span class='ocrx_word' id='word_1_128' title='bbox 359 1887 397 1954; x_wconf 92' lang='lat' dir='ltr'><strong>ln</strong></span> <span class='ocrx_word' id='word_1_129' title='bbox 415 1886 503 1956; x_wconf 89' lang='lat' dir='ltr'><strong>lesto</strong></span> <span class='ocrx_word' id='word_1_130' title='bbox 517 1889 625 1956; x_wconf 89' lang='lat' dir='ltr'><strong>sancti</strong></span> <span class='ocrx_word' id='word_1_131' title='bbox 641 1885 769 1956; x_wconf 86' lang='lat' dir='ltr'><strong>Nicolai</strong></span> <span class='ocrx_word' id='word_1_132' title='bbox 783 1886 991 1974; x_wconf 91' lang='lat' dir='ltr'><strong>Laudispero</strong></span> <span class='ocrx_word' id='word_1_133' title='bbox 1008 1892 1150 1955; x_wconf 89' lang='lat' dir='ltr'><strong>castmm</strong></span> 
     </span>
     <span class='ocr_line' id='line_1_18' title="bbox 39 1983 1149 2075; baseline 0.002 -25"><span class='ocrx_word' id='word_1_134' title='bbox 39 1986 143 2054; x_wconf 88' lang='lat' dir='ltr'><strong>sculteti</strong></span> <span class='ocrx_word' id='word_1_135' title='bbox 161 1985 204 2055; x_wconf 91' lang='lat' dir='ltr'><strong>de</strong></span> <span class='ocrx_word' id='word_1_136' title='bbox 226 1985 437 2054; x_wconf 89' lang='lat' dir='ltr'><strong>Columbaria</strong></span> <span class='ocrx_word' id='word_1_137' title='bbox 460 2004 521 2075; x_wconf 89' lang='lat' dir='ltr'><strong>per</strong></span> <span class='ocrx_word' id='word_1_138' title='bbox 544 1985 744 2054; x_wconf 88' lang='lat' dir='ltr'><strong>advocatum</strong></span> <span class='ocrx_word' id='word_1_139' title='bbox 767 1983 894 2054; x_wconf 85' lang='lat' dir='ltr'><strong>Alsatie</strong></span> <span class='ocrx_word' id='word_1_140' title='bbox 918 1992 951 2053; x_wconf 88' lang='lat' dir='ltr'><strong>et</strong></span> <span class='ocrx_word' id='word_1_141' title='bbox 968 1983 1149 2053; x_wconf 88' lang='lat' dir='ltr'><strong>Columba-</strong></span> 
     </span>
     <span class='ocr_line' id='line_1_19' title="bbox 40 2082 1150 2172; baseline 0.004 -24"><span class='ocrx_word' id='word_1_142' title='bbox 40 2085 140 2152; x_wconf 88' lang='lat' dir='ltr'><strong>rienscs</strong></span> <span class='ocrx_word' id='word_1_143' title='bbox 164 2084 341 2154; x_wconf 87' lang='lat' dir='ltr'><strong>obsidetur</strong></span> <span class='ocrx_word' id='word_1_144' title='bbox 359 2091 391 2153; x_wconf 91' lang='lat' dir='ltr'><strong>et</strong></span> <span class='ocrx_word' id='word_1_145' title='bbox 409 2103 464 2153; x_wconf 90' lang='lat' dir='ltr'><strong>res</strong></span> <span class='ocrx_word' id='word_1_146' title='bbox 482 2087 554 2153; x_wconf 93' lang='lat' dir='ltr'><strong>eius</strong></span> <span class='ocrx_word' id='word_1_147' title='bbox 577 2085 783 2172; x_wconf 92' lang='lat' dir='ltr'><strong>diripiuntur.</strong></span> <span class='ocrx_word' id='word_1_148' title='bbox 811 2083 935 2171; x_wconf 88' lang='lat' dir='ltr'><strong>Vigilia</strong></span> <span class='ocrx_word' id='word_1_149' title='bbox 953 2082 1096 2152; x_wconf 92' lang='lat' dir='ltr'><strong>Simonis</strong></span> <span class='ocrx_word' id='word_1_150' title='bbox 1117 2091 1150 2152; x_wconf 91' lang='lat' dir='ltr'><strong>ct</strong></span> 
     </span>
     <span class='ocr_line' id='line_1_20' title="bbox 39 2181 1148 2272; baseline 0.003 -25"><span class='ocrx_word' id='word_1_151' title='bbox 39 2181 103 2250; x_wconf 87' lang='lat' dir='ltr'><strong>ludo</strong></span> <span class='ocrx_word' id='word_1_152' title='bbox 118 2184 195 2271; x_wconf 92' lang='lat' dir='ltr'><strong>[oct.</strong></span> <span class='ocrx_word' id='word_1_153' title='bbox 215 2183 284 2270; x_wconf 82' lang='lat'><strong>27]</strong></span> <span class='ocrx_word' id='word_1_154' title='bbox 312 2201 369 2252; x_wconf 90' lang='lat' dir='ltr'><strong>rex</strong></span> <span class='ocrx_word' id='word_1_155' title='bbox 385 2182 547 2253; x_wconf 88' lang='lat' dir='ltr'><strong>Rudollus</strong></span> <span class='ocrx_word' id='word_1_156' title='bbox 574 2186 608 2251; x_wconf 93' lang='lat' dir='ltr'><strong>in</strong></span> <span class='ocrx_word' id='word_1_157' title='bbox 635 2183 842 2272; x_wconf 89' lang='lat' dir='ltr'><strong>Rapoltstcin</strong></span> <span class='ocrx_word' id='word_1_158' title='bbox 869 2200 941 2252; x_wconf 92' lang='lat' dir='ltr'><strong>cum</strong></span> <span class='ocrx_word' id='word_1_159' title='bbox 967 2184 1036 2250; x_wconf 90' lang='lat' dir='ltr'><strong>suis</strong></span> <span class='ocrx_word' id='word_1_160' title='bbox 1061 2199 1148 2250; x_wconf 94' lang='lat' dir='ltr'><strong>con-</strong></span> 
     </span>
     <span class='ocr_line' id='line_1_21' title="bbox 40 2280 1147 2371; baseline 0.002 -25"><span class='ocrx_word' id='word_1_161' title='bbox 40 2285 206 2367; x_wconf 89' lang='lat' dir='ltr'><strong>sanguineis</strong></span> <span class='ocrx_word' id='word_1_162' title='bbox 232 2285 453 2371; x_wconf 83' lang='lat' dir='ltr'><strong>pernoctavit</strong></span> <span class='ocrx_word' id='word_1_163' title='bbox 485 2282 684 2352; x_wconf 85' lang='lat' dir='ltr'><strong>Interiectus</strong></span> <span class='ocrx_word' id='word_1_164' title='bbox 703 2281 762 2350; x_wconf 86' lang='lat' dir='ltr'><strong>fuit</strong></span> <span class='ocrx_word' id='word_1_165' title='bbox 779 2281 935 2352; x_wconf 92' lang='lat' dir='ltr'><strong>dominus</strong></span> <span class='ocrx_word' id='word_1_166' title='bbox 953 2280 996 2350; x_wconf 90' lang='lat' dir='ltr'><strong>de</strong></span> <span class='ocrx_word' id='word_1_167' title='bbox 1013 2281 1147 2349; x_wconf 86' lang='lat' dir='ltr'><strong>licien-</strong></span> 
     </span>
     <span class='ocr_line' id='line_1_22' title="bbox 40 2378 1153 2470; baseline 0.011 -25"><span class='ocrx_word' id='word_1_168' title='bbox 40 2378 147 2449; x_wconf 88' lang='lat' dir='ltr'><strong>lcinin</strong></span> <span class='ocrx_word' id='word_1_169' title='bbox 164 2381 414 2470; x_wconf 87' lang='lat' dir='ltr'><strong>Phapbinbeim.</strong></span> <span class='ocrx_word' id='word_1_170' title='bbox 1151 2452 1153 2457; x_wconf 85' lang='lat'><em>.</em></span> 
     </span>
     <span class='ocr_line' id='line_1_23' title="bbox 92 2478 1147 2568; baseline 0.002 -22"><span class='ocrx_word' id='word_1_171' title='bbox 92 2479 308 2549; x_wconf 88' lang='lat' dir='ltr'><strong>ll.co.lxxx.ii.</strong></span> <span class='ocrx_word' id='word_1_172' title='bbox 350 2481 452 2550; x_wconf 87' lang='lat' dir='ltr'><strong>Filius</strong></span> <span class='ocrx_word' id='word_1_173' title='bbox 487 2480 616 2551; x_wconf 86' lang='lat' dir='ltr'><strong>Rudolir</strong></span> <span class='ocrx_word' id='word_1_174' title='bbox 648 2484 738 2568; x_wconf 90' lang='lat' dir='ltr'><strong>regis</strong></span> <span class='ocrx_word' id='word_1_175' title='bbox 771 2481 987 2568; x_wconf 80' lang='lat' dir='ltr'><strong>landgravius</strong></span> <span class='ocrx_word' id='word_1_176' title='bbox 1018 2478 1147 2548; x_wconf 81' lang='lat' dir='ltr'><strong>Alsatie</strong></span> 
     </span>
     <span class='ocr_line' id='line_1_24' title="bbox 40 2577 1149 2669; baseline 0.007 -29"><span class='ocrx_word' id='word_1_177' title='bbox 40 2577 281 2648; x_wconf 85' lang='lat' dir='ltr'><strong>snbrnersus&#39;fuit</strong></span> <span class='ocrx_word' id='word_1_178' title='bbox 306 2581 339 2647; x_wconf 93' lang='lat' dir='ltr'><strong>in</strong></span> <span class='ocrx_word' id='word_1_179' title='bbox 356 2579 472 2649; x_wconf 88' lang='lat' dir='ltr'><strong>Rheno</strong></span> <span class='ocrx_word' id='word_1_180' title='bbox 490 2599 595 2669; x_wconf 92' lang='lat' dir='ltr'><strong>prope</strong></span> <span class='ocrx_word' id='word_1_181' title='bbox 615 2579 829 2669; x_wconf 88' lang='lat' dir='ltr'><strong>Rinaugiarn,</strong></span> <span class='ocrx_word' id='word_1_182' title='bbox 856 2587 890 2648; x_wconf 92' lang='lat' dir='ltr'><strong>et</strong></span> <span class='ocrx_word' id='word_1_183' title='bbox 915 2579 1065 2668; x_wconf 90' lang='lat' dir='ltr'><strong>sepultus</strong></span> <span class='ocrx_word' id='word_1_184' title='bbox 1090 2578 1149 2648; x_wconf 84' lang='lat' dir='ltr'><strong>luit</strong></span> 
     </span>
     <span class='ocr_line' id='line_1_25' title="bbox 39 2674 1147 2768; baseline 0.005 -30"><span class='ocrx_word' id='word_1_185' title='bbox 39 2674 62 2739; x_wconf 89' lang='lat' dir='ltr'><strong>ir</strong></span> <span class='ocrx_word' id='word_1_186' title='bbox 77 2676 196 2746; x_wconf 84' lang='lat' dir='ltr'><strong>Basdea</strong></span> <span class='ocrx_word' id='word_1_187' title='bbox 212 2697 234 2745; x_wconf 92' lang='lat' dir='ltr'><strong>a</strong></span> <span class='ocrx_word' id='word_1_188' title='bbox 258 2686 399 2766; x_wconf 86' lang='lat' dir='ltr'><strong>quatuor</strong></span> <span class='ocrx_word' id='word_1_189' title='bbox 415 2681 584 2768; x_wconf 87' lang='lat' dir='ltr'><strong>episcopis</strong></span> <span class='ocrx_word' id='word_1_190' title='bbox 604 2686 637 2748; x_wconf 87' lang='lat' dir='ltr'><strong>et</strong></span> <span class='ocrx_word' id='word_1_191' title='bbox 655 2679 842 2748; x_wconf 92' lang='lat' dir='ltr'><strong>bominibus</strong></span> <span class='ocrx_word' id='word_1_192' title='bbox 858 2679 968 2746; x_wconf 93' lang='lat' dir='ltr'><strong>multis</strong></span> <span class='ocrx_word' id='word_1_193' title='bbox 987 2697 1061 2745; x_wconf 93' lang='lat' dir='ltr'><strong>cum</strong></span> <span class='ocrx_word' id='word_1_194' title='bbox 1080 2677 1147 2744; x_wconf 87' lang='lat' dir='ltr'><strong>bu-</strong></span> 
     </span>
     <span class='ocr_line' id='line_1_26' title="bbox 40 2776 1146 2865; baseline 0.007 -30"><span class='ocrx_word' id='word_1_195' title='bbox 40 2789 111 2842; x_wconf 90' lang='lat' dir='ltr'><strong>ruana</strong></span> <span class='ocrx_word' id='word_1_196' title='bbox 124 2777 231 2862; x_wconf 88' lang='lat' dir='ltr'><strong>gloria</strong></span> <span class='ocrx_word' id='word_1_197' title='bbox 248 2779 400 2865; x_wconf 89' lang='lat' dir='ltr'><strong>copiosa.</strong></span> <span class='ocrx_word' id='word_1_198' title='bbox 427 2777 526 2846; x_wconf 91' lang='lat' dir='ltr'><strong>Cives</strong></span> <span class='ocrx_word' id='word_1_199' title='bbox 545 2777 781 2847; x_wconf 87' lang='lat' dir='ltr'><strong>liubeaoenses</strong></span> <span class='ocrx_word' id='word_1_200' title='bbox 802 2795 876 2846; x_wconf 90' lang='lat' dir='ltr'><strong>cum</strong></span> <span class='ocrx_word' id='word_1_201' title='bbox 896 2780 1016 2845; x_wconf 89' lang='lat' dir='ltr'><strong>ceteris</strong></span> <span class='ocrx_word' id='word_1_202' title='bbox 1034 2776 1146 2846; x_wconf 89' lang='lat' dir='ltr'><strong>borni-</strong></span> 
     </span>
     <span class='ocr_line' id='line_1_27' title="bbox 40 2871 1146 2964; baseline 0.007 -30"><span class='ocrx_word' id='word_1_203' title='bbox 40 2871 110 2941; x_wconf 91' lang='lat' dir='ltr'><strong>nibus</strong></span> <span class='ocrx_word' id='word_1_204' title='bbox 138 2877 290 2964; x_wconf 88' lang='lat' dir='ltr'><strong>episcopi</strong></span> <span class='ocrx_word' id='word_1_205' title='bbox 310 2873 567 2962; x_wconf 87' lang='lat' dir='ltr'><strong>Argentinensis</strong></span> <span class='ocrx_word' id='word_1_206' title='bbox 593 2877 860 2946; x_wconf 86' lang='lat' dir='ltr'><strong>deliberaverunt</strong></span> <span class='ocrx_word' id='word_1_207' title='bbox 887 2881 924 2944; x_wconf 91' lang='lat' dir='ltr'><strong>ut</strong></span> <span class='ocrx_word' id='word_1_208' title='bbox 953 2877 984 2944; x_wconf 90' lang='lat' dir='ltr'><strong>ci</strong></span> <span class='ocrx_word' id='word_1_209' title='bbox 1006 2875 1146 2964; x_wconf 91' lang='lat' dir='ltr'><strong>amplius</strong></span> 
     </span>
     <span class='ocr_line' id='line_1_28' title="bbox 42 2974 1146 3065; baseline 0.005 -30"><span class='ocrx_word' id='word_1_210' title='bbox 42 2983 88 3038; x_wconf 91' lang='lat' dir='ltr'><strong>mn</strong></span> <span class='ocrx_word' id='word_1_211' title='bbox 105 2976 264 3042; x_wconf 93' lang='lat' dir='ltr'><strong>servirent</strong></span> <span class='ocrx_word' id='word_1_212' title='bbox 282 2976 346 3042; x_wconf 90' lang='lat' dir='ltr'><strong>nisi</strong></span> <span class='ocrx_word' id='word_1_213' title='bbox 366 2975 428 3043; x_wconf 94' lang='lat' dir='ltr'><strong>sub</strong></span> <span class='ocrx_word' id='word_1_214' title='bbox 449 2981 540 3044; x_wconf 88' lang='lat' dir='ltr'><strong>certa</strong></span> <span class='ocrx_word' id='word_1_215' title='bbox 554 2980 695 3065; x_wconf 89' lang='lat' dir='ltr'><strong>pecunie</strong></span> <span class='ocrx_word' id='word_1_216' title='bbox 712 2977 905 3064; x_wconf 86' lang='lat' dir='ltr'><strong>quantitate.</strong></span> <span class='ocrx_word' id='word_1_217' title='bbox 944 2974 1034 3063; x_wconf 88' lang='lat' dir='ltr'><strong>Papa</strong></span> <span class='ocrx_word' id='word_1_218' title='bbox 1052 2974 1146 3042; x_wconf 87' lang='lat' dir='ltr'><strong>Mar-</strong></span> 
     </span>
     <span class='ocr_line' id='line_1_29' title="bbox 42 3067 1146 3144; baseline 0.009 -14"><span class='ocrx_word' id='word_1_219' title='bbox 42 3067 103 3138; x_wconf 89' lang='lat' dir='ltr'><strong>tinus</strong></span> <span class='ocrx_word' id='word_1_220' title='bbox 117 3075 289 3142; x_wconf 87' lang='lat' dir='ltr'><strong>rceovavit</strong></span> <span class='ocrx_word' id='word_1_221' title='bbox 306 3072 458 3142; x_wconf 87' lang='lat' dir='ltr'><strong>iratribus</strong></span> <span class='ocrx_word' id='word_1_222' title='bbox 476 3074 662 3144; x_wconf 86' lang='lat' dir='ltr'><strong>Minoribus</strong></span> <span class='ocrx_word' id='word_1_223' title='bbox 684 3079 717 3142; x_wconf 87' lang='lat' dir='ltr'><strong>ct</strong></span> <span class='ocrx_word' id='word_1_224' title='bbox 735 3073 1002 3143; x_wconf 90' lang='lat' dir='ltr'><strong>Predicatoribus</strong></span> <span class='ocrx_word' id='word_1_225' title='bbox 1017 3075 1146 3143; x_wconf 84' lang='lat' dir='ltr'><strong>autori-</strong></span> 
     </span>
     <span class='ocr_line' id='line_1_30' title="bbox 42 3171 1146 3262; baseline 0.009 -32"><span class='ocrx_word' id='word_1_226' title='bbox 42 3173 113 3236; x_wconf 85' lang='lat' dir='ltr'><strong>tatem</strong></span> <span class='ocrx_word' id='word_1_227' title='bbox 135 3172 369 3241; x_wconf 83' lang='lat' dir='ltr'><strong>consessiones</strong></span> <span class='ocrx_word' id='word_1_228' title='bbox 396 3172 552 3241; x_wconf 89' lang='lat' dir='ltr'><strong>audiendi</strong></span> <span class='ocrx_word' id='word_1_229' title='bbox 578 3175 768 3262; x_wconf 89' lang='lat' dir='ltr'><strong>pariterque</strong></span> <span class='ocrx_word' id='word_1_230' title='bbox 801 3172 1006 3262; x_wconf 84' lang='lat' dir='ltr'><strong>predicandi.</strong></span> <span class='ocrx_word' id='word_1_231' title='bbox 1047 3171 1146 3240; x_wconf 86' lang='lat' dir='ltr'><strong>Cives</strong></span> 
     </span>
     <span class='ocr_line' id='line_1_31' title="bbox 43 3261 1148 3341; baseline 0.008 -11"><span class='ocrx_word' id='word_1_232' title='bbox 43 3261 273 3340; x_wconf 89' lang='lat' dir='ltr'><strong>liulnbusenscs</strong></span> <span class='ocrx_word' id='word_1_233' title='bbox 299 3278 413 3340; x_wconf 91' lang='lat' dir='ltr'><strong>mutuo</strong></span> <span class='ocrx_word' id='word_1_234' title='bbox 440 3289 478 3340; x_wconf 88' lang='lat' dir='ltr'><strong>sc</strong></span> <span class='ocrx_word' id='word_1_235' title='bbox 505 3272 699 3340; x_wconf 86' lang='lat' dir='ltr'><strong>vulneribus</strong></span> <span class='ocrx_word' id='word_1_236' title='bbox 723 3272 914 3341; x_wconf 91' lang='lat' dir='ltr'><strong>allecerunt.</strong></span> <span class='ocrx_word' id='word_1_237' title='bbox 956 3264 1148 3340; x_wconf 89' lang='lat' dir='ltr'><strong>Rudollus²</strong></span> 
     </span>
     <span class='ocr_line' id='line_1_32' title="bbox 13 3364 1146 3460; baseline 0.01 -34"><span class='ocrx_word' id='word_1_238' title='bbox 13 3393 14 3396; x_wconf 18' lang='grc' dir='ltr'>π</span> <span class='ocrx_word' id='word_1_239' title='bbox 42 3379 81 3430; x_wconf 85' lang='lat' dir='ltr'><strong>rar</strong></span> <span class='ocrx_word' id='word_1_240' title='bbox 102 3364 254 3437; x_wconf 76' lang='lat' dir='ltr'><strong>alsatiam</strong></span> <span class='ocrx_word' id='word_1_241' title='bbox 281 3375 315 3438; x_wconf 90' lang='lat' dir='ltr'><strong>ct</strong></span> <span class='ocrx_word' id='word_1_242' title='bbox 341 3369 604 3440; x_wconf 89' lang='lat' dir='ltr'><strong>Mulnbuscnses</strong></span> <span class='ocrx_word' id='word_1_243' title='bbox 630 3371 877 3460; x_wconf 87' lang='lat' dir='ltr'><strong>reconciliavit,</strong></span> <span class='ocrx_word' id='word_1_244' title='bbox 905 3377 940 3440; x_wconf 90' lang='lat' dir='ltr'><strong>ct</strong></span> <span class='ocrx_word' id='word_1_245' title='bbox 964 3372 1146 3439; x_wconf 87' lang='lat' dir='ltr'><strong>exercitum</strong></span> 
     </span>
     <span class='ocr_line' id='line_1_33' title="bbox 42 3467 1146 3559; baseline 0.005 -30"><span class='ocrx_word' id='word_1_246' title='bbox 42 3469 231 3553; x_wconf 85' lang='lat' dir='ltr'><strong>congregavit</strong></span> <span class='ocrx_word' id='word_1_247' title='bbox 245 3474 282 3536; x_wconf 92' lang='lat' dir='ltr'><strong>ut</strong></span> <span class='ocrx_word' id='word_1_248' title='bbox 298 3467 533 3538; x_wconf 87' lang='lat' dir='ltr'><strong>Coloniensem</strong></span> <span class='ocrx_word' id='word_1_249' title='bbox 559 3472 752 3558; x_wconf 88' lang='lat' dir='ltr'><strong>episcopum</strong></span> <span class='ocrx_word' id='word_1_250' title='bbox 769 3471 989 3559; x_wconf 74' lang='lat' dir='ltr'><strong>impugnaret.</strong></span> <span class='ocrx_word' id='word_1_251' title='bbox 1015 3469 1146 3536; x_wconf 84' lang='lat' dir='ltr'><strong>Fratres</strong></span> 
     </span>
     <span class='ocr_line' id='line_1_34' title="bbox 43 3556 1145 3655; baseline 0.01 -32"><span class='ocrx_word' id='word_1_252' title='bbox 43 3556 158 3633; x_wconf 89' lang='lat' dir='ltr'><strong>llinores</strong></span> <span class='ocrx_word' id='word_1_253' title='bbox 177 3567 357 3655; x_wconf 88' lang='lat' dir='ltr'><strong>capitulum</strong></span> <span class='ocrx_word' id='word_1_254' title='bbox 378 3569 537 3654; x_wconf 84' lang='lat' dir='ltr'><strong>generale</strong></span> <span class='ocrx_word' id='word_1_255' title='bbox 556 3571 589 3636; x_wconf 93' lang='lat' dir='ltr'><strong>in</strong></span> <span class='ocrx_word' id='word_1_256' title='bbox 605 3565 789 3654; x_wconf 85' lang='lat' dir='ltr'><strong>Argentina</strong></span> <span class='ocrx_word' id='word_1_257' title='bbox 804 3569 1031 3654; x_wconf 89' lang='lat' dir='ltr'><strong>celebrarunt,</strong></span> <span class='ocrx_word' id='word_1_258' title='bbox 1059 3567 1145 3635; x_wconf 89' lang='lat' dir='ltr'><strong>obc-</strong></span> 
     </span>
     <span class='ocr_line' id='line_1_35' title="bbox 43 3671 1146 3756; baseline 0.007 -32"><span class='ocrx_word' id='word_1_259' title='bbox 43 3673 92 3726; x_wconf 89' lang='lat' dir='ltr'><strong>un</strong></span> <span class='ocrx_word' id='word_1_260' title='bbox 110 3681 197 3732; x_wconf 92' lang='lat' dir='ltr'><strong>suum</strong></span> <span class='ocrx_word' id='word_1_261' title='bbox 225 3672 378 3734; x_wconf 87' lang='lat' dir='ltr'><strong>recenter</strong></span> <span class='ocrx_word' id='word_1_262' title='bbox 408 3674 637 3736; x_wconf 90' lang='lat' dir='ltr'><strong>consumatum</strong></span> <span class='ocrx_word' id='word_1_263' title='bbox 669 3673 969 3756; x_wconf 89' lang='lat' dir='ltr'><strong>consecraverunt,</strong></span> <span class='ocrx_word' id='word_1_264' title='bbox 1004 3671 1146 3754; x_wconf 85' lang='lat' dir='ltr'><strong>quatuor</strong></span> 
     </span>
     <span class='ocr_line' id='line_1_36' title="bbox 44 3757 1146 3855; baseline 0.007 -31"><span class='ocrx_word' id='word_1_265' title='bbox 44 3757 190 3850; x_wconf 84' lang='lat' dir='ltr'><strong>episcopos</strong></span> <span class='ocrx_word' id='word_1_266' title='bbox 212 3763 333 3833; x_wconf 93' lang='lat' dir='ltr'><strong>ibidem</strong></span> <span class='ocrx_word' id='word_1_267' title='bbox 354 3763 559 3855; x_wconf 88' lang='lat' dir='ltr'><strong>babuerunt,</strong></span> <span class='ocrx_word' id='word_1_268' title='bbox 588 3771 622 3834; x_wconf 91' lang='lat' dir='ltr'><strong>ct</strong></span> <span class='ocrx_word' id='word_1_269' title='bbox 643 3765 710 3834; x_wconf 91' lang='lat' dir='ltr'><strong>illic</strong></span> <span class='ocrx_word' id='word_1_270' title='bbox 731 3766 882 3835; x_wconf 85' lang='lat' dir='ltr'><strong>homines</strong></span> <span class='ocrx_word' id='word_1_271' title='bbox 906 3765 1035 3855; x_wconf 93' lang='lat' dir='ltr'><strong>plurimi</strong></span> <span class='ocrx_word' id='word_1_272' title='bbox 1058 3781 1146 3833; x_wconf 91' lang='lat' dir='ltr'><strong>con-</strong></span> 
     </span>
     <span class='ocr_line' id='line_1_37' title="bbox 44 3861 1145 3954; baseline 0.011 -34"><span class='ocrx_word' id='word_1_273' title='bbox 44 3866 182 3930; x_wconf 86' lang='lat' dir='ltr'><strong>vencmnt.</strong></span> <span class='ocrx_word' id='word_1_274' title='bbox 214 3861 376 3931; x_wconf 91' lang='lat' dir='ltr'><strong>Dominus</strong></span> <span class='ocrx_word' id='word_1_275' title='bbox 397 3861 575 3932; x_wconf 86' lang='lat' dir='ltr'><strong>Heinricus</strong></span> <span class='ocrx_word' id='word_1_276' title='bbox 601 3865 783 3954; x_wconf 91' lang='lat' dir='ltr'><strong>episcopus</strong></span> <span class='ocrx_word' id='word_1_277' title='bbox 804 3865 1000 3933; x_wconf 78' lang='lat' dir='ltr'><strong>basiliensis</strong></span> <span class='ocrx_word' id='word_1_278' title='bbox 1018 3863 1145 3934; x_wconf 91' lang='lat' dir='ltr'><strong>ordinis</strong></span> 
     </span>
     <span class='ocr_line' id='line_1_38' title="bbox 46 3949 1145 4032; baseline 0.012 -16"><span class='ocrx_word' id='word_1_279' title='bbox 46 3949 145 4025; x_wconf 87' lang='lat' dir='ltr'><strong>iratrum</strong></span> <span class='ocrx_word' id='word_1_280' title='bbox 160 3959 324 4030; x_wconf 89' lang='lat' dir='ltr'><strong>blinorum</strong></span> <span class='ocrx_word' id='word_1_281' title='bbox 347 3962 527 4031; x_wconf 91' lang='lat' dir='ltr'><strong>celebravit</strong></span> <span class='ocrx_word' id='word_1_282' title='bbox 548 3962 684 4032; x_wconf 88' lang='lat' dir='ltr'><strong>ordines</strong></span> <span class='ocrx_word' id='word_1_283' title='bbox 704 3964 737 4031; x_wconf 95' lang='lat' dir='ltr'><strong>in</strong></span> <span class='ocrx_word' id='word_1_284' title='bbox 754 3963 962 4032; x_wconf 87' lang='lat' dir='ltr'><strong>Columbaria</strong></span> <span class='ocrx_word' id='word_1_285' title='bbox 982 3965 1016 4032; x_wconf 92' lang='lat' dir='ltr'><strong>in</strong></span> <span class='ocrx_word' id='word_1_286' title='bbox 1030 3962 1145 4030; x_wconf 87' lang='lat' dir='ltr'><strong>ecole-</strong></span> 
     </span>
    </p>
   </div>
   <div class='ocr_carea' id='block_1_3' title="bbox 46 4129 1147 4341">
    <p class='ocr_par' dir='ltr' id='par_1_4' title="bbox 46 4129 1147 4341">
     <span class='ocr_line' id='line_1_39' title="bbox 68 4129 1146 4204; baseline 0.006 -25"><span class='ocrx_word' id='word_1_287' title='bbox 68 4129 164 4188; x_wconf 83' lang='lat' dir='ltr'><strong>iltrillt</strong></span> <span class='ocrx_word' id='word_1_288' title='bbox 185 4134 259 4188; x_wconf 86' lang='lat' dir='ltr'><strong>nicht</strong></span> <span class='ocrx_word' id='word_1_289' title='bbox 282 4152 329 4201; x_wconf 88' lang='lat' dir='ltr'><strong>zu,</strong></span> <span class='ocrx_word' id='word_1_290' title='bbox 356 4135 404 4189; x_wconf 89' lang='lat' dir='ltr'><strong>der</strong></span> <span class='ocrx_word' id='word_1_291' title='bbox 427 4143 452 4194; x_wconf 83' lang='lat'><strong>7.</strong></span> <span class='ocrx_word' id='word_1_292' title='bbox 477 4144 529 4192; x_wconf 87' lang='lat' dir='ltr'><strong>oct.</strong></span> <span class='ocrx_word' id='word_1_293' title='bbox 555 4153 611 4192; x_wconf 80' lang='lat' dir='ltr'><strong>war</strong></span> <span class='ocrx_word' id='word_1_294' title='bbox 634 4138 678 4190; x_wconf 85' lang='lat' dir='ltr'><strong>ein</strong></span> <span class='ocrx_word' id='word_1_295' title='bbox 703 4136 790 4192; x_wconf 81' lang='lat' dir='ltr'><strong>diensi</strong></span> <span class='ocrx_word' id='word_1_296' title='bbox 828 4176 834 4190; x_wconf 91' lang='lat'><em>.</em></span> <span class='ocrx_word' id='word_1_297' title='bbox 881 4139 913 4204; x_wconf 76' lang='lat'><strong>2)</strong></span> <span class='ocrx_word' id='word_1_298' title='bbox 941 4135 988 4190; x_wconf 86' lang='lat' dir='ltr'><strong>das</strong></span> <span class='ocrx_word' id='word_1_299' title='bbox 1010 4151 1064 4190; x_wconf 90' lang='lat' dir='ltr'><strong>von</strong></span> <span class='ocrx_word' id='word_1_300' title='bbox 1089 4134 1146 4188; x_wconf 88' lang='lat' dir='ltr'><strong>bior</strong></span> 
     </span>
     <span class='ocr_line' id='line_1_40' title="bbox 47 4193 1147 4274; baseline 0.007 -28"><span class='ocrx_word' id='word_1_301' title='bbox 47 4204 67 4241; x_wconf 75' lang='lat' dir='ltr'><strong>tn</strong></span> <span class='ocrx_word' id='word_1_302' title='bbox 80 4193 112 4248; x_wconf 85' lang='lat' dir='ltr'><strong>bis</strong></span> <span class='ocrx_word' id='word_1_303' title='bbox 127 4215 181 4252; x_wconf 91' lang='lat' dir='ltr'><strong>zum</strong></span> <span class='ocrx_word' id='word_1_304' title='bbox 200 4201 321 4257; x_wconf 84' lang='lat' dir='ltr'><strong>schlussc</strong></span> <span class='ocrx_word' id='word_1_305' title='bbox 346 4203 392 4257; x_wconf 88' lang='lat' dir='ltr'><strong>des</strong></span> <span class='ocrx_word' id='word_1_306' title='bbox 417 4205 505 4258; x_wconf 86' lang='lat' dir='ltr'><strong>iabras</strong></span> <span class='ocrx_word' id='word_1_307' title='bbox 523 4203 649 4274; x_wconf 81' lang='lat' dir='ltr'><strong>lolgoudc</strong></span> <span class='ocrx_word' id='word_1_308' title='bbox 667 4205 738 4259; x_wconf 89' lang='lat' dir='ltr'><strong>stebt</strong></span> <span class='ocrx_word' id='word_1_309' title='bbox 756 4208 790 4258; x_wconf 88' lang='lat' dir='ltr'><strong>im</strong></span> <span class='ocrx_word' id='word_1_310' title='bbox 830 4203 895 4258; x_wconf 87' lang='lat' dir='ltr'><strong>rnclr</strong></span> <span class='ocrx_word' id='word_1_311' title='bbox 916 4203 980 4270; x_wconf 85' lang='lat' dir='ltr'><strong>irrig</strong></span> <span class='ocrx_word' id='word_1_312' title='bbox 998 4203 1067 4256; x_wconf 81' lang='lat' dir='ltr'><strong>heinr</strong></span> <span class='ocrx_word' id='word_1_313' title='bbox 1087 4203 1147 4254; x_wconf 85' lang='lat' dir='ltr'><strong>inbr</strong></span> 
     </span>
     <span class='ocr_line' id='line_1_41' title="bbox 46 4261 647 4341; baseline 0.003 -17"><span class='ocrx_word' id='word_1_314' title='bbox 46 4261 101 4324; x_wconf 70' lang='lat'><strong>¹2⁸⁴.</strong></span> <span class='ocrx_word' id='word_1_315' title='bbox 115 4281 166 4320; x_wconf 85' lang='lat' dir='ltr'><strong>ves</strong></span> <span class='ocrx_word' id='word_1_316' title='bbox 183 4285 235 4323; x_wconf 90' lang='lat' dir='ltr'><strong>nnn</strong></span> <span class='ocrx_word' id='word_1_317' title='bbox 253 4287 300 4326; x_wconf 82' lang='lat' dir='ltr'><strong>uua</strong></span> <span class='ocrx_word' id='word_1_318' title='bbox 318 4271 366 4325; x_wconf 83' lang='lat' dir='ltr'><strong>de&#39;r</strong></span> <span class='ocrx_word' id='word_1_319' title='bbox 384 4272 424 4327; x_wconf 84' lang='lat' dir='ltr'><strong>bs.</strong></span> <span class='ocrx_word' id='word_1_320' title='bbox 444 4272 587 4341; x_wconf 84' lang='lat' dir='ltr'><strong>borichtigt</strong></span> <span class='ocrx_word' id='word_1_321' title='bbox 605 4276 647 4328; x_wconf 85' lang='lat' dir='ltr'><strong>ist.</strong></span> 
     </span>
    </p>
   </div>
   <div class='ocr_carea' id='block_1_4' title="bbox 66 4355 946 4413">
    <p class='ocr_par' dir='ltr' id='par_1_5' title="bbox 66 4355 946 4413">
     <span class='ocr_line' id='line_1_42' title="bbox 66 4355 946 4413; baseline 0.05 -18"><span class='ocrx_word' id='word_1_322' title='bbox 66 4355 179 4406; x_wconf 78' lang='lat' dir='ltr'><strong>nonnul-:n</strong></span> <span class='ocrx_word' id='word_1_323' title='bbox 198 4368 315 4412; x_wconf 64' lang='lat' dir='ltr'><strong>monins.</strong></span> <span class='ocrx_word' id='word_1_324' title='bbox 335 4369 358 4413; x_wconf 83' lang='lat'><strong>2.</strong></span> <span class='ocrx_word' id='word_1_325' title='bbox 931 4357 946 4408; x_wconf 76' lang='grc'><strong>2</strong></span> 
     </span>
    </p>
   </div>
   <div class='ocr_carea' id='block_1_5' title="bbox 0 0 1470 4834">
    <p class='ocr_par' dir='ltr' id='par_1_6' title="bbox 0 0 1470 4834">
     <span class='ocr_line' id='line_1_43' title="bbox 0 0 1470 4834; baseline 0 0"><span class='ocrx_word' id='word_1_326' title='bbox 0 0 1470 4834; x_wconf 95' lang='lat' dir='ltr'><strong> </strong></span> 
     </span>
    </p>
   </div>
  </div>
 </body>
</html>
