2886 4834
286 193 332 261 68
360 211 363 216 “
652 221 823 269 canonicor
845 220 1055 268 cotuaamrrsrr.

285 359 490 448 Rapoltstcin
525 375 637 446 regem
673 360 753 428 adiit
779 358 957 428 lludollum
988 364 1166 444 cognatum
1191 375 1284 425 suum
1314 357 1397 442 eique

285 457 404 526 iactam
429 457 563 528 asratre
581 460 730 526 iniuriam
749 458 900 527 llebiliter
918 458 1087 526 revelavit.
1125 455 1195 524 Rex
1213 456 1276 523 hiis
1294 455 1397 523 auditis

285 557 452 626 dominum
471 556 513 626 de
531 557 740 646 Rapoltstein
758 559 908 646 vocavit,
936 574 1077 644 eumque
1097 555 1288 643 suppliciter
1307 572 1397 640 roga-

284 657 332 723 vit
349 664 386 724 ut
402 657 513 724 liberis
538 655 672 724 iratrum
698 674 832 724 suorum
858 673 991 724 necnon
1016 661 1049 722 et
1066 653 1154 722 tratri
1172 653 1214 721 de
1232 652 1397 721 hereditate

285 761 424 843 paterna
446 756 611 844 propriam
644 755 802 823 tribueret
833 757 1028 843 portionem.
1072 755 1166 821 l'une
1192 751 1341 821 dominns
1364 751 1397 818 de

285 850 492 942 Rapoltstein
510 853 644 922 domino
662 856 733 940 regi
750 855 859 923 taliter
875 851 1063 942 respondit:
1097 852 1132 920 Se'
1153 851 1255 936 tratri
1278 867 1344 918 meo
1364 850 1397 916 li-

285 952 433 1038 berv‘sqoe
460 952 603 1037 frocum
634 971 778 1021 meomem
802 952 1014 1022 hereditatem
1039 952 1214 1018 dividerem
1245 950 1340 1034 inops
1366 966 1399 1014 oc

280 1069 411 1137 pauper
438 1055 471 1117 et
491 1053 562 1119 siae
583 1052 726 1119 domicile
746 1069 970 1131 remanerem·
1004 1049 1066 1118 boe
1089 1050 1173 1117 enim
1191 1048 1307 1132 foede
1327 1047 1398 1128 coto,

284 1167 345 1216 aee
360 1151 394 1217 to
411 1149 475 1217 boe
487 1150 625 1217 alicuius
641 1150 794 1236 preduce
809 1152 1024 1236 acquiescam.
1041 1149 1134 1216 Tunc
1151 1165 1209 1215 rex
1228 1148 1290 1216 ait:
1308 1145 1341 1212 Si
1356 1163 1398 1211 rec

284 1265 350 1316 eoa
372 1252 447 1316 teos
476 1267 550 1316 eum
573 1247 743 1316 teredone
766 1250 932 1331 diviseris,
962 1251 1135 1333 tequemio
1153 1251 1295 1331 poaaero
1316 1246 1399 1311 eicio

285 1345 455 1430 obsidebO,
472 1351 505 1414 et
520 1351 551 1414 te
567 1348 607 1414 de
624 1349 765 1415 deodato
782 1352 836 1415 trac
852 1348 1000 1415 totaliter·
1010 1343 1192 1431 ectirpobo.

203 1447 269 1502 mar
336 1444 408 1514 Hiis
426 1446 599 1534 completis
617 1445 700 1514 dixit
717 1465 775 1514 rex
793 1445 927 1516 domino
946 1445 988 1514 de
1006 1444 1183 1534 Baldeche,
1202 1461 1266 1512 suo
1285 1440 1398 1510 tidelis-

285 1544 368 1611 simo
386 1546 601 1634 procuratori,
612 1551 776 1632 quatenus
795 1547 975 1633 assumptis
993 1543 1120 1612 civibus
1132 1541 1399 1612 Columbarierrsi-

285 1641 348 1710 bus
368 1649 401 1709 et
417 1641 777 1731 lleiserspergensibus
803 1651 837 1712 et
860 1644 933 1712 aliis
957 1643 1074 1712 vicinis
1100 1642 1270 1710 civitatum
1288 1639 1397 1707 civibus

284 1739 492 1828 llapoltstein
510 1740 650 1810 fideliter
668 1742 847 1811 obsideret.
873 1742 947 1810 Hoc
964 1741 1106 1809 fideliter
1120 1739 1320 1830 adimplevit.
1344 1736 1398 1805 Aa·

285 1841 374 1927 cepit
391 1842 476 1908 enim
494 1841 585 1910 cives
602 1843 851 1928 prenominatos
870 1849 903 1909 et
919 1840 1127 1928 Rapoltstein
1142 1839 1288 1925 obsedit,
1304 1836 1398 1904 villan

284 1938 457 2006 Beroheim
474 1941 661 2028 perignem
679 1939 859 2029 destruxit,
895 1945 1033 2026 segetes
1052 1944 1085 2006 et
1102 1955 1203 2024 agros
1223 1935 1397 2025 depopula-

285 2043 338 2104 tus
369 2042 423 2105 est
447 2043 481 2104 et
506 2039 622 2106 vineas
650 2039 778 2126 aliquas
805 2040 990 2127 extirpavit.
1033 2036 1160 2104 Videas
1187 2042 1300 2104 autem
1324 2030 1397 2120 quod
1428 2073 1429 2078 ,

285 2137 377 2204 cives
404 2153 478 2203 eum
508 2154 577 2205 non
602 2136 743 2205 fideliter
768 2136 962 2207 adiuvarent
987 2136 1028 2203 ab
1055 2134 1233 2204 obsidione
1258 2138 1334 2223 post
1349 2132 1396 2199 tri·
1428 2167 1429 2176 .

286 2233 386 2302 duum
403 2233 590 2303 recedebat.
1428 2297 1429 2302 ,

359 2332 494 2400 'limans
518 2339 626 2402 autem
651 2333 804 2402 dominus
828 2333 870 2402 de
893 2333 1100 2422 Rapoltstein
1117 2350 1242 2422 regem,
1262 2329 1395 2398 dominos

285 2431 414 2499 vicinos
429 2448 521 2500 suos
550 2432 631 2500 adiit
655 2449 784 2520 cosque
811 2434 1003 2521 suppliciter
1020 2434 1165 2521 rogavit,
1190 2437 1227 2498 ut
1251 2447 1313 2498 nec
1336 2442 1394 2492 eum

284 2546 348 2597 nee
372 2546 454 2597 suos
479 2536 615 2620 propter
640 2531 784 2619 aliquem
807 2530 1012 2599 infestarent.
1045 2529 1119 2598 Hoc
1145 2536 1257 2598 autem
1282 2523 1394 2614 quidam

285 2627 327 2696 de
345 2628 488 2697 consilio
506 2631 595 2716 regis
614 2630 830 2698 amicabiliter
848 2629 1058 2698 admiserunt.
1085 2630 1249 2698 Dominus
1268 2625 1308 2695 de
1326 2623 1395 2690 llor-

283 2726 365 2795 burc
399 2728 470 2796 eins
503 2727 657 2816 praeibas
691 2730 909 2816 acquiescere
943 2730 1118 2796 recusavit.
1174 2727 1335 2794 Dominus
1363 2719 1394 2786 de

283 2823 492 2913 Rapoltstein
523 2826 564 2894 de
594 2827 659 2895 hcc
688 2827 748 2896 fuit
770 2828 915 2914 graviter
939 2826 1149 2915 indignatus,
1181 2824 1344 2892 dominum
1364 2817 1395 2884 de
1427 2871 1428 2882 ι

287 2921 439 2992 Horburc
468 2925 631 2994 hostiliter
655 2927 881 3016 impugnavit,
913 2931 946 2994 et
973 2926 1044 2993 eius
1063 2926 1160 2996 villus
1180 2941 1266 3011 quas
1284 2921 1394 3010 poterat
1427 2963 1428 2972 ι

286 3021 454 3090 exurebat.

360 3117 467 3208 Super
492 3121 557 3190 hoo
582 3141 640 3192 rex
665 3122 726 3192 luit
748 3124 960 3214 indignatus,
985 3125 1019 3191 in
1040 3121 1201 3192 Alsatiam
1225 3113 1394 3208 personali-

286 3221 336 3284 ter
352 3219 460 3309 venit,
488 3225 521 3287 et
537 3219 746 3309 Rapoltstein
768 3229 921 3311 potenter
943 3241 1015 3290 cum
1039 3221 1209 3308 indigenis
1228 3213 1393 3288 obsidebat.

285 3314 421 3404 Septem
439 3323 547 3387 autem
566 3319 608 3388 de
626 3319 831 3390 adiutoribus
858 3322 949 3408 regis
976 3326 1013 3388 ut
1037 3320 1208 3390 dicebatur
1226 3335 1299 3386 eum
1317 3308 1393 3380 morti

284 3413 414 3483 tradere
432 3417 629 3486 voluissent.
656 3417 849 3489 Ordinatum
867 3421 953 3488 enim
972 3421 1022 3488 sic
1038 3419 1155 3507 luerat,
1173 3423 1211 3485 ut
1227 3416 1298 3500 regi
1314 3411 1393 3479 dice·
1426 3449 1427 3502 ι

284 3513 395 3602 batur,
427 3515 518 3604 quod
550 3519 693 3604 pecunie
721 3525 862 3606 quatmr
886 3518 1075 3586 bubonibus
1106 3515 1183 3586 date
1207 3513 1345 3582 luissent
1364 3509 1392 3572 ut
1426 3505 1427 3534 ¹

284 3613 426 3681 tentoria
453 3607 534 3682 sni¹
564 3617 730 3684 exercitus
760 3619 794 3684 in
825 3622 966 3705 quatuor
993 3616 1141 3706 partibus
1170 3603 1392 3680 incendissent.

286 3708 341 3776 Sic
358 3716 468 3779 autam
493 3715 631 3802 strepitu
654 3713 742 3782 lacto
768 3715 900 3803 quidam
924 3717 959 3781 in
984 3733 1096 3801 regem
1122 3715 1245 3780 irruere
1270 3718 1390 3790 eumque

284 3807 469 3876 interficere
488 3809 693 3880 debuissent.
731 3813 803 3882 Hec
820 3819 929 3883 autem
949 3831 1021 3880 cum
1040 3831 1099 3880 rex
1117 3811 1268 3878 audisset
1284 3807 1322 3874 dc
1339 3802 1391 3869 ob-

287 3903 418 3974 sidione
437 3907 546 3976 subito
565 3913 757 3980 recessitct
773 3931 811 3981 se
829 3914 871 3980 ab
888 3910 1018 3980 Alsatia
1035 3910 1213 3998 separavit.
1240 3899 1390 3974 Ordinavit

287 4008 396 4071 autem
415 4005 504 4091 quod
527 4009 681 4077 civitates
706 4011 741 4077 in
759 4009 948 4096 Cellinberg
965 4010 1125 4078 haberent
1152 4007 1281 4094 equites
1307 4000 1390 4087 qairr-

287 4103 463 4193 quaginta,
492 4107 547 4191 qui
572 4107 768 4195 impedirent
797 4129 839 4178 ne
866 4111 967 4197 aliqui
993 4110 1127 4177 domino
1145 4106 1188 4175 de
1205 4097 1390 4194 Rapoltstein
1425 4169 1426 4192 ἦ

322 4207 353 4272 t)
371 4207 431 4260 eive
447 4205 492 4260 bat
510 4207 559 4264 der
576 4209 662 4266 druek
680 4227 736 4268 vas
753 4213 797 4268 ielr
814 4215 934 4272 indocte.
