2916 4834
288 251 308 318 2
667 279 792 326 annates
816 277 1041 326 conunarrusns.

208 425 273 479 lact
293 416 379 484 stein
396 415 548 485 obtinuit.
574 415 762 486 Ludevicus
789 434 901 485 comes
919 417 1076 501 Turingio
1091 417 1154 483 iter
1175 418 1411 486 transmarinum
1448 397 1449 412 ¹

288 515 435 603 arripuit.

360 611 578 680 M.cc.xx.viii.
605 611 780 681 Bertoldus
806 614 987 702 episcopus
1005 613 1265 698 Argentinensis
1288 614 1323 680 in
1340 613 1414 682 llla-

288 710 466 780 doltzheim
486 711 637 778 homines
656 710 863 800 imperatoris
880 711 1012 781 devicit.
1449 726 1450 766 t

361 809 592 877 Mccnnviiii.
619 809 803 878 Fridericus
828 813 1004 898 imperator
1030 809 1123 876 venit
1140 806 1326 876 Jerusalem
1350 825 1413 876 cun
1449 819 1450 864 t

284 908 473 995 peregrinis
490 913 681 976 coronatus.
708 908 745 975 ln
764 905 949 995 Argentina
972 907 1090 976 Guldin
1111 915 1272 974 crematur
1296 905 1413 974 hereti-

288 1023 365 1092 cus;
381 1003 442 1072 luit
472 1006 501 1072 is
523 1022 611 1072 unus
635 1005 677 1074 de
703 1005 878 1074 ditioribus
898 1013 932 1074 et
947 1004 1191 1094 potentioribus
1213 999 1413 1073 civibusllr-

288 1104 498 1188 gentinensis
519 1103 674 1172 civitatis
701 1103 874 1174 Conradus
890 1103 932 1173 de
949 1105 1108 1190 Marburg
1123 1102 1287 1196 predicat.

337 1199 530 1270 Mecmxxi.
557 1200 748 1270 Ludevious
767 1203 834 1272 dux
856 1203 996 1272 Bavarie
1018 1201 1222 1271 interficitur.
1248 1201 1348 1269 Facta
1369 1209 1413 1269 est

288 1301 480 1387 persecutio
495 1299 726 1370 hereticorum.

362 1397 565 1466 lll.cc.xxx.ii.
592 1395 735 1466 S'anctus
763 1397 962 1467 Wilhelmus
991 1399 1160 1466 miraculis
1190 1397 1325 1467 claruit.
1364 1396 1415 1465 ln·
1450 1449 1451 1455 ,

291 1494 447 1563 circutum
463 1501 516 1563 est
531 1494 709 1564 claustrum
730 1514 880 1565 sororum
902 1499 936 1565 in
951 1497 1172 1567 Columbaria.

367 1592 586 1662 Mccxxxiii.
622 1594 746 1663 Sancta
774 1595 948 1664 Elizabeth
971 1595 1098 1666 claruit.
1135 1595 1327 1683 Episcopus
1357 1591 1418 1661 Cu·
1450 1649 1451 1652 .

291 1692 413 1760 riensis
426 1691 593 1760 occiditur.
621 1691 794 1762 Corradus
812 1691 855 1762 de
868 1691 1026 1780 Morburg
1041 1691 1213 1762 occiditur.
1232 1691 1417 1760 Translatus

290 1795 426 1858 sanctus
444 1789 649 1860 Dominicus.
928 1843 930 1848 .

366 1887 599 1957 M.ce.xxx.iiii.
634 1887 820 1958 liridoricus
854 1905 969 1958 comes
995 1889 1250 1958 Phirretumma
1272 1889 1343 1958 lilio
1365 1905 1417 1956 suo
1451 1905 1452 1950 t

291 1984 381 2055 dicto
405 1985 556 2055 Grimmel
575 1986 777 2055 interficitur.
804 1987 978 2056 Translate
1003 1995 1081 2056 sunt
1103 2005 1237 2056 sorores
1263 1987 1311 2056 ad
1331 1987 1417 2056 Basi-
1451 2005 1452 2049 r

291 2084 396 2172 teum,
417 2089 451 2152 ot
464 2084 677 2153 obtinuerunt
691 2085 840 2154 ordinem
860 2103 1011 2155 sororum
1031 2086 1073 2154 de
1092 2085 1319 2156 Columbaria.

365 2181 570 2252 Mccxxxm.
596 2182 774 2252 Heinricus
797 2201 857 2252 rex
883 2185 1013 2273 accepit
1040 2201 1165 2273 pueros
1188 2182 1417 2253 coivitatilms.
1451 2239 1452 2244 ,

291 2279 478 2350 Friderieus
501 2283 680 2370 imperator
702 2283 793 2350 venit
812 2280 1055 2351 columbarium
1075 2284 1109 2349 in
1134 2281 1347 2351 multitudino
1368 2299 1417 2349 cu·

292 2379 463 2448 melorum.
1197 2431 1201 2440 .

366 2477 591 2546 ll.co.xxx.vii.
617 2476 803 2546 Fridericus
819 2480 998 2567 imperator
1014 2476 1200 2546 Cunradum
1216 2478 1321 2547 tilium
1337 2495 1419 2547 suun
1452 2497 1453 2541 r

292 2577 326 2644 in
342 2593 456 2662 regom
472 2576 634 2644 Teutonis
652 2578 834 2645 coronavit.
869 2578 1050 2662 Gregorius
1071 2593 1181 2645 nonus
1198 2576 1419 2646 excommuni-
1452 2595 1453 2638 r

293 2675 381 2745 cavit
400 2673 599 2743 Fridericum
619 2675 651 2742 in
666 2691 751 2744 cena
764 2673 899 2744 domini.

368 2772 606 2841 lllconxnviii.
644 2772 821 2841 Heinricus
842 2772 885 2842 de
905 2772 1001 2840 Tlrun
1026 2774 1207 2861 episcopus
1230 2770 1420 2840 Basiliensis

293 2869 385 2939 obiit.
412 2869 623 2938 coloniensis
649 2873 828 2960 episcopus
845 2870 942 2957 obiit,
968 2877 1001 2938 et
1021 2872 1146 2939 electus
1166 2877 1219 2938 est
1239 2869 1344 2939 irater
1365 2884 1418 2936 co·
1452 2927 1453 2930 ,

294 2969 381 3036 mitis
399 2967 441 3034 do
458 2966 709 3036 Hohenstaden.
736 2967 859 3037 intravi
875 2967 1024 3037 ordinem
1040 2967 1285 3037 Prodicatorum
1300 2961 1324 3037 ¹.

368 3065 503 3133 Mconl.
530 3066 658 3134 Tartari
681 3066 861 3152 Ungariam
885 3065 1064 3135 devastant
1089 3067 1193 3135 tribus
1221 3067 1334 3134 annis.
1359 3065 1418 3131 lm-

293 3168 428 3252 peraior
442 3165 752 3234 excommunicatur.

367 3260 527 3330 illocali.
541 3262 721 3349 Gregorius
734 3281 822 3352 papa
835 3263 926 3352 coiit,
939 3269 972 3331 et
986 3263 1118 3330 vacavit
1132 3259 1235 3331 sedes
1248 3277 1311 3350 per
1324 3261 1421 3329 trien·

294 3377 394 3430 nrum.

368 3458 537 3527 mccxlii.
567 3458 776 3528 destructum
791 3467 846 3526 est
862 3457 1033 3526 castellum
1049 3459 1222 3526 Bruccnm.

368 3556 549 3625 Mccnliii.
567 3555 686 3625 Comes
702 3556 866 3624 Rudolius
885 3555 926 3624 de
944 3555 1152 3644 Habispurch
1168 3555 1264 3623 miles
1277 3553 1421 3623 allicitur.

370 3653 561 3723 liconliiii.
586 3653 765 3722 Bertoldus
783 3655 963 3742 episcopus
979 3651 1236 3739 Argentinensis
1254 3653 1350 3721 obiit.

268 3829 269 3832 Ἴ
371 3752 537 3820 Moenia.
565 3752 726 3821 Dominus
758 3771 847 3841 papa
879 3752 1079 3820 Fridoricum
1106 3753 1337 3840 imperatorem
1363 3767 1420 3817 en-

297 3851 570 3918 communicatum
593 3849 741 3939 deponit.
781 3851 923 3920 Sorores
954 3849 997 3918 de
1023 3850 1194 3918 Soletistat
1224 3849 1420 3917 conformato

299 3955 376 4013 sunt
393 3946 501 4015 ordini
522 3947 654 4016 fratrum
670 3948 924 4017 Prodicatorum.

371 4045 550 4114 motatur.
594 4045 771 4115 lleinrious
801 4046 1007 4131 lantgravius
1040 4045 1199 4131 Turingie
1242 4045 1275 4111 in
1317 4059 1420 4129 regem

298 4141 430 4228 eligitur
459 4142 689 4212 Romanorum.
728 4145 844 4232 Pugna
869 4142 929 4212 init
954 4145 987 4211 in
1020 4143 1240 4212 Fruulraniurt
1270 4141 1327 4210 die
1361 4138 1422 4208 Os-

196 4332 200 4340 ,
332 4267 364 4332 l)
382 4274 461 4322 natus
479 4283 549 4322 anuo
567 4267 707 4321 moeni.
725 4269 794 4323 stelit
805 4265 865 4321 hier
877 4265 946 4322 noch
958 4266 994 4318 im
1007 4266 1108 4333 druelr,
1127 4266 1195 4324 selrlt
1207 4267 1272 4321 aber
1286 4267 1313 4319 in
1329 4249 1422 4318 dcr'lu.
