2890 4832
278 217 347 284 356
636 245 673 288 nx
695 245 859 290 aonnrnrno
882 245 1057 290 concurrusr.

196 411 263 466 late
281 386 378 452 seriis
404 383 541 450 valeant
569 381 748 451 transferri
782 381 836 450 Ad
859 401 959 450 unum
988 381 1145 470 quodque
1171 385 1331 451 usserium
1347 382 1387 450 let
1430 440 1438 493 ,

277 500 384 572 pons,
402 487 439 549 ut
464 483 584 548 milites
610 483 638 548 si
665 498 808 549 necesse
833 481 931 549 luerit
951 483 1082 570 armati,
1102 488 1135 549 et
1153 487 1304 550 ascensis
1322 476 1438 580 der-',

277 583 386 649 trariis
406 582 475 648 suis
494 580 686 648 lunaribus
711 580 884 650 commode
903 581 1032 694 absque
1047 582 1188 649 lesionis
1208 566 1435 670 discrimine,
1430 622 1438 682 r,

273 699 335 792 per
360 681 456 768 ipsos
482 686 603 768 pontes
628 680 761 748 valeant
781 681 870 747 exire
890 681 987 766 quasi
1005 681 1070 746 iam
1091 679 1251 748 ordinatis
1271 679 1385 747 aciebus
1437 736 1438 750 ι

273 781 308 846 in
325 779 463 867 prelium
483 780 692 867 processuri,
712 779 791 846 etsi
809 796 895 866 opus
915 777 1012 846 luerit
999 781 1154 847 terectis
1180 780 1268 848 velis
1286 780 1438 877 intrarez,

274 879 407 967 possint
425 877 546 945 llumen
563 877 714 944 Damiate
732 877 785 944 vel
804 877 893 944 aliud
911 877 1044 964 aliquod
1063 877 1193 945 llumen.
1431 835 1438 940 ἶ

347 976 474 1045 Eodem
497 994 585 1044 anno
613 975 786 1043 Cunradus
812 977 1004 1044 Portuensis
1032 978 1213 1066 episcopus
1241 981 1274 1044 et
1291 983 1387 1044 sancte
1431 1041 1438 1076 ,

272 1075 390 1144 Rulme
409 1075 585 1142 cardinalis
604 1093 624 1142 a
641 1075 723 1143 sede
742 1075 927 1163 apostolica
944 1093 1004 1164 pro
1028 1076 1164 1144 utilitate
1184 1082 1300 1144 sancte
1316 1082 1433 1142 terre
1430 1147 1438 1174 ἦ

271 1177 306 1243 in
326 1175 545 1242 Tbeutcniam
562 1176 713 1264 mittitur,
734 1180 767 1242 et
791 1181 887 1242 sexta
906 1174 988 1242 lena
1004 1181 1082 1263 post
1098 1181 1297 1263 pentecoste
1316 1170 1387 1263 [ruor
1437 1231 1438 1251 ι

275 1271 313 1366 7]
275 1271 473 1342 7Colonie
491 1291 564 1341 eum
582 1274 708 1341 honore
727 1275 914 1362 suscipitur.
1430 1305 1438 1339 ,κ

345 1373 454 1440 ltem
444 1391 520 1460 rpso
538 1391 627 1440 anno
645 1369 819 1440 Jobaunes
838 1391 897 1440 rex
913 1373 1203 1442 ierosolimitanus
1223 1389 1324 1440 eausa
1336 1390 1433 1460 po-

272 1473 505 1583 regrinationis
531 1472 642 1539 limina
668 1473 775 1539 sancti
793 1471 912 1540 Jacobi
930 1473 1051 1540 visitat.
1080 1472 1165 1540 Cui
1156 1491 1198 1539 ιιι
1209 1471 1315 1538 reditu
1331 1471 1438 1542 ilia

271 1571 361 1655 regis
387 1567 547 1658 Hispanie
574 1569 808 1660 desponsatur.
835 1570 917 1639 lude
945 1571 1114 1640 divertens
1132 1588 1253 1639 versus
1273 1566 1433 1637 Teuta-¹
1432 1595 1438 1664 ι

270 1669 358 1735 niam
386 1668 428 1736 ad
454 1667 643 1739 Heirrricum
662 1688 773 1756 regem
797 1670 897 1738 fillum
914 1671 1120 1758 imperatoris
1140 1667 1266 1738 etcum
1285 1668 1389 1736 eodem
1429 1664 1438 1743 ξέ

271 1765 443 1834 Coloniam
461 1767 648 1858 protectus,
668 1770 710 1836 ab
728 1769 921 1855 Engilberto
940 1771 1193 1858 archiepiscopo
1214 1776 1248 1837 et
1266 1776 1332 1836 tota
1345 1769 1389 1834 ci-

269 1867 406 1934 vitate
396 1885 430 1934 m
456 1867 570 1952 vigilia
597 1869 835 1956 assumptionis
865 1867 962 1937 beate
989 1869 1095 1936 lllarie
1122 1865 1217 1960 [aug
1239 1865 1302 1958 ld]
1326 1840 1438 1948 ιιιιιῗζ

268 1983 392 2052 magno
410 1967 539 2034 bonore
558 1973 590 2033 ιι
607 1966 732 2053 gaudio
752 1968 939 2056 suscipitur
1433 1989 1434 1996 “

342 2064 403 2131 Ριι
429 2064 515 2132 idem
542 2071 672 2154 tempus
700 2064 875 2134 Heinrious
900 2085 960 2133 rex
984 2083 1056 2133 cum
1083 2066 1279 2153 Engilbertc
1300 2024 1438 2134 Colo-f

268 2163 377 2229 niensi
400 2154 654 2252 archiepiscopo
682 2170 715 2232 et
742 2165 895 2232 Cunrado
917 2165 1031 2250 legato
1050 2165 1141 2233 sedis
1161 2164 1346 2254 apostolice
1363 2169 1438 2234 ιιι

269 2261 467 2348 quibusdam
491 2263 710 2376 principibus,
736 2281 796 2352 pro
821 2263 948 2331 liberat
926 2271 1016 2331 trone
1042 2267 1133 2350 regis
1160 2264 1275 2332 Dacie
1291 2270 1323 2330 et
1340 2281 1387 2330 re-

248 2364 250 2368 ’
268 2360 439 2428 stitutione
454 2363 675 2449 terreimperii
693 2362 863 2430 abeodem
881 2365 1002 2431 iniuste
1020 2381 1196 2452 possesse,
1218 2362 1387 2430 Saxonian
1430 2334 1438 2406 d

265 2459 408 2526 intravit.
433 2459 497 2527 Ubi
514 2478 574 2548 per
592 2461 758 2528 biennium
778 2480 797 2529 a
815 2463 935 2530 comite
953 2460 1108 2530 Heinrieo
1129 2461 1170 2529 dc
1190 2461 1367 2530 Scuirinb
1359 2477 1386 2526 ιι
1433 2493 1434 2500 1

266 2557 452 2626 firmissimo
480 2567 513 2626 et
538 2561 763 2628 inaccessibili
790 2567 900 2628 castro
919 2564 1052 2628 nomine
1071 2560 1295 2628 Danenberch
1313 2559 1387 2627 idem
1433 2569 1438 2644 Q

266 2674 325 2724 rex
350 2675 424 2724 cum
449 2657 515 2725 tilio
547 2677 609 2726 suo
633 2665 751 2746 captus
778 2660 959 2727 tenebatur.
999 2659 1182 2728 Venientes
1210 2662 1324 2747 itaque
1351 2657 1386 2725 ad

264 2753 395 2823 Alvium
421 2756 554 2824 lluvium
579 2757 717 2846 predicti
743 2760 926 2848 principes,
951 2757 1185 2826 Herimannum
1202 2760 1384 2844 magistrum
1437 2755 1438 2763 ’

264 2853 439 2942 hospitalis
467 2855 741 2946 'santonicorum
769 2858 824 2944 qui
851 2857 891 2924 ab
916 2859 1112 2944 imperatore
1139 2859 1173 2924 in
1198 2858 1384 2926 Teutoniam
1437 2927 1438 2934 ι

264 2954 387 3022 missus
405 2954 632 3023 merae-eausa
648 2957 927 3024 reconciliationis
943 2965 973 3022 el
992 2949 1245 3044 compositionis
1264 2955 1383 3023 lacien—
1435 2949 1438 3042 ws

265 3049 318 3139 de,
337 3051 379 3118 ad
396 3059 568 3143 utrosque,
589 3055 715 3122 scilicet
732 3073 845 3140 regem
864 3061 897 3122 et
913 3056 1077 3138 comitem,
1096 3057 1297 3143 premittunt.
1321 3053 1383 3134 Quo
1435 3031 1438 3108 ῗ’

264 3149 431 3218 mediante
459 3152 501 3218 ad
527 3152 590 3220 boc
614 3153 770 3221 inductus
797 3161 849 3221 est
874 3154 961 3222 idem
988 3173 1061 3243 ren,
1087 3161 1122 3221 ut
1147 3161 1249 3222 totam
1276 3160 1383 3220 terram

265 3266 362 3334 quam
381 3251 716 3340 imperiopabstulerat
734 3251 892 3342 reddere,
921 3259 953 3320 et
972 3271 1131 3320 coronam
1150 3253 1191 3320 de
1213 3271 1311 3322 manu
1328 3253 1383 3317 im-

262 3349 425 3435 peratoris
442 3352 625 3440 suscipere,
640 3352 778 3439 insuper
797 3359 927 3419 centum
945 3351 1032 3419 milla
1052 3353 1232 3419 marcarum
1251 3368 1310 3439 pro
1332 3349 1383 3416 ab·

264 3447 430 3515 solutione
450 3465 510 3515 sua
530 3448 608 3516 dare
626 3451 836 3536 promitteret.
864 3449 961 3530 Quod
979 3467 1050 3518 oum
1070 3457 1288 3538 acceptarent
1303 3449 1383 3536 prin-

264 3546 357 3634 cipes
385 3549 441 3634 qui
467 3565 541 3613 cum
566 3566 647 3634 rege
673 3556 849 3636 presentes
868 3549 1024 3638 aderant,
1043 3547 1198 3616 Albertus
1218 3565 1329 3616 comes
1347 3545 1381 3613 de

216 3681 221 3690 ·
262 3643 463 3712 Urlemunde
489 3646 574 3714 filius
594 3649 717 3714 sororis
736 3649 841 3736 ipsius
860 3649 949 3734 regis
970 3655 1002 3715 et
1020 3648 1164 3716 barones
1184 3647 1287 3715 Dacie
1305 3647 1380 3712 banc

263 3746 538 3830 compositionem
556 3745 773 3832 reprobantes
782 3800 792 3836 ,
820 3753 852 3814 et
877 3765 917 3814 ea
936 3765 1000 3834 que
1019 3749 1182 3834 promissa
1200 3752 1295 3814 erant
1311 3760 1379 3812 cas-

262 3848 396 3930 santes,
416 3847 568 3912 ascensis
586 3845 727 3912 navibus
746 3863 818 3912 cum
836 3845 1066 3931 indignatione
1091 3850 1318 3932 recesserunt,
1335 3844 1378 3908 in·

262 3937 385 4006 finitam
420 3945 592 4026 pecuniam
622 3944 788 4028 quemad
819 3943 1041 4012 redimendum
1069 3961 1193 4030 regem·
1214 3943 1379 4011 attulerant

263 4053 375 4103 secum
403 4036 602 4108 deferentes.
630 4041 726 4109 Unde
749 4042 888 4129 predicti
911 4045 1078 4130 principes
1102 4041 1227 4110 inlecto
1247 4039 1378 4126 negocio

262 4133 393 4202 contusi
411 4135 650 4206 discesserunt.
670 4138 827 4209 Albertus
845 4143 945 4227 igitur
963 4141 1217 4210 deUrlemunde
1234 4147 1311 4230 post
1326 4155 1376 4204 na-

261 4233 326 4300 tale·
346 4233 468 4300 domini
487 4246 694 4322 congregato
713 4241 862 4308 exercitu
879 4239 1068 4310 Heinricum
1085 4242 1239 4311 comiteur
1253 4232 1376 4324 adgredi
