2890 4832
366 207 402 252 ax
423 205 588 252 eonararoo
610 206 785 254 cenomansi.
1074 179 1143 248 343

34 349 96 419 l'um
112 349 142 412 et
157 345 295 415 iniustas
313 349 466 414 monetas
484 343 635 416 abiurare
661 351 693 414 et
710 363 828 434 pacem
854 345 975 414 firmum
994 345 1140 414 stabilire
1162 351 1226 406 tuor

34 454 60 514 et
73 448 171 512 iurare
188 444 344 532 precepit.

91 541 212 610 Eodem
236 559 324 612 anno
356 539 423 610 duo
450 539 659 631 cardinales,
693 539 792 626 Hugo
821 541 950 610 scilicet
975 537 1143 610 Ostiensis

35 643 194 730 episeopus
219 647 252 708 et
276 640 347 708 boo
372 647 488 708 sancte
507 641 620 708 Crucis
647 639 840 728 presbyter,
871 641 911 708 ed
931 659 1044 726 regern
1062 641 1144 710 Pbi-

34 743 137 828 lippum
157 741 190 808 in
213 737 439 808 Alemannlam
463 758 482 808 a
507 741 595 808 curia
618 737 765 808 Romana
791 740 885 806 missi
904 745 1084 823 venerunt,
1108 746 1143 808 ut

33 841 120 928 ipsum
145 845 178 908 et
195 835 351 907 Ottonem
368 856 483 924 regem
507 836 681 926 adpeoem
704 848 737 906 et
763 837 975 908 concordiam
999 856 1143 908 revoca-

34 943 105 1026 rent,
122 936 311 1006 inordinata
328 937 361 1008 in
380 954 485 1022 regno
504 935 709 1025 ordinarent,
736 942 769 1004 et
786 955 845 1024 pro
863 937 1020 1010 Brunone
1040 935 1144 1006 Colo-

33 1038 130 1104 niense
148 1036 419 1122 archiepiscopo,
438 1053 535 1122 quern
554 1036 617 1104 iam
635 1052 695 1123 per
710 1053 831 1104 annum
849 1041 978 1124 captum
996 1036 1141 1126 tenebat,

32 1133 266 1202 intercederent.
293 1133 440 1221 Philippo
458 1134 558 1219 igitur
577 1151 657 1220 rege
679 1134 768 1202 eirca
798 1133 917 1202 festum
942 1135 1049 1202 sancti
1069 1131 1142 1202 An-

32 1233 93 1300 dree
105 1233 248 1319 apost-cli
264 1227 432 1324 [nov.30]
452 1231 542 1320 apud
558 1231 745 1319 Augustam
762 1234 925 1300 civitatem
943 1232 1065 1301 Suevie
1082 1251 1141 1300 cc-

33 1331 135 1399 lebrem
164 1333 289 1400 curiam
312 1331 473 1419 habente,
505 1331 624 1418 prelati
646 1331 832 1400 cardinales
864 1331 1038 1400 alluerunt.
1079 1331 1142 1400 Ubi

33 1431 148 1517 plurima
173 1447 285 1500 coram
307 1431 356 1498 eis
378 1437 411 1500 et
431 1430 634 1518 principibus
660 1429 702 1498 de
727 1448 809 1518 pace
836 1436 870 1498 et
896 1431 1141 1517 compositione

32 1529 108 1614 regni
127 1529 213 1596 inter
229 1546 329 1614 reges
347 1535 485 1598 tractata
502 1535 588 1598 sunt.
615 1528 662 1624 lbi
677 1530 779 1598 eciam
795 1527 937 1602 Adollus
956 1529 1141 1598 Colonien-

33 1626 236 1715 sisquondarn
251 1628 522 1715 archiepiscopus
537 1627 674 1698 eosdem
692 1627 878 1696 cardinales
892 1627 1021 1716 adiens,
1037 1632 1141 1695 inter-

33 1731 114 1792 uentu
130 1727 219 1812 regis
237 1725 383 1795 abanno
402 1727 551 1816 solvitur,
571 1734 602 1796 et
620 1733 656 1794 ut
670 1726 713 1796 ad
727 1726 990 1794 satisfactionem
1006 1727 1141 1795 Romam

34 1823 172 1910 procedat
196 1826 262 1912 ipsi
286 1824 448 1894 indicitur.
481 1824 553 1894 Rex
576 1827 678 1896 eciam
706 1826 844 1894 oonsilio
871 1831 903 1892 et
926 1825 1139 1914 petitionibus

34 1921 225 1992 cardinalium
245 1920 476 2012 acquiescens
495 1925 682 1995 brunonem
697 1925 837 1992 vinculis
856 1923 1020 2010 absolvit,
1040 1931 1073 1990 et
1087 1925 1140 2010 ip-

33 2021 68 2088 sis
89 2022 327 2092 revertentibus
349 2023 390 2092 ad
415 2025 561 2110 graciam
584 2024 701 2092 summi
717 2022 883 2112 pontificis
908 2041 982 2090 enm
1004 2021 1140 2090 Romam

32 2122 199 2192 transmisit.

90 2217 182 2288 Anno
207 2218 331 2288 domini
355 2221 514 2288 mccviii.
532 2219 701 2308 Philippus
726 2239 783 2289 rex
801 2219 1017 2308 patriarcham
1035 2217 1140 2306 Aqui-

33 2313 171 2386 leiensem
190 2337 264 2388 cum
280 2319 352 2386 aliis
370 2319 540 2388 honoratis
556 2321 633 2390 uiris
649 2319 692 2388 ad
710 2319 825 2388 sedem
843 2319 1062 2407 apostolicam
1079 2320 1141 2385 mi-

34 2414 65 2482 sit
79 2434 131 2502 pro
157 2417 407 2486 confirmatione
433 2417 555 2486 sederis
582 2424 615 2486 et
636 2420 886 2506 compositionis
906 2436 970 2506 que
989 2437 1047 2505 per
1065 2436 1140 2484 car-

34 2510 140 2582 dinales
163 2516 321 2586 inchoata
343 2515 491 2606 fuerant,
516 2535 576 2605 pro
602 2519 855 2586 consecratione
874 2517 1053 2604 imperiali,
1079 2535 1139 2604 pro

33 2613 217 2684 restitutione
245 2614 356 2684 domni
378 2614 498 2686 Adolli.
524 2613 739 2703 Apostolious
766 2623 873 2685 autem
901 2618 1010 2702 ipsum
1033 2613 1140 2682 Adol-

35 2705 85 2776 [ιιι
101 2710 140 2780 ad
157 2731 195 2782 se
215 2732 289 2782 cum
306 2713 427 2799 legatis
446 2716 537 2800 regis
556 2715 740 2802 supplicem
761 2715 951 2782 venientem
969 2715 1003 2780 in
1022 2714 1139 2780 osculo

35 2810 110 2891 pacis
128 2814 292 2901 suscepit,
313 2811 374 2880 sed
393 2819 502 2882 tamen
519 2813 612 2900 ¹quod
630 2815 715 2882 circa
733 2814 921 2882 Brunonenr
940 2811 1065 2880 iecerat
1085 2830 1140 2878 ra-

36 2911 177 2980 ramesse
195 2911 333 3001 volens,
352 2929 425 2980 cum
442 2930 501 3000 per
518 2911 650 2982 biduum
670 2930 781 2982 coram
796 2929 836 2980 eo
856 2911 897 2980 ab
915 2913 1064 2997 utrisque
1082 2929 1139 2978 su-

35 3003 65 3070 tis
80 3007 253 3094 allegatum
270 3008 399 3098 inisset,
417 3011 525 3098 ipsum
542 3010 730 3080 Brunonem
749 3013 782 3077 in
801 3011 997 3097 episcopatu
1015 3009 1139 3078 coniur-

35 3106 132 3195 nauit,
149 3107 277 3176 litteras
296 3127 376 3179 snas
395 3109 566 3178 Coloniam
592 3109 635 3178 ad
653 3109 774 3178 clerum
793 3116 826 3176 et
843 3111 1017 3198 populum,
1046 3115 1078 3176 et
1098 3107 1141 3175 ad

36 3216 167 3291 quosque
185 3206 318 3276 nobiles
337 3214 421 3276 terre
437 3209 525 3276 illius
544 3210 787 3295 transmittens,
807 3226 923 3276 omnes
942 3207 985 3276 ad
1004 3209 1075 3276 eius
1090 3206 1105 3272 i
1123 3245 1141 3256 -

35 3313 127 3370 torem
151 3312 184 3374 et
210 3305 433 3374 obedientiam
460 3307 659 3376 sollicitavit.
693 3307 842 3376 Formam
868 3313 972 3374 eciam
996 3307 1089 3394 pacis
1109 3312 1141 3372 et

35 3404 281 3493 conpositionis,
300 3424 359 3492 pro
385 3423 450 3492 qua
474 3405 592 3493 presuli
615 3405 718 3492 legati
741 3404 957 3494 aduenerant,
977 3423 1050 3471 cum
1069 3405 1140 3470 suis

37 3503 298 3572 consecretalibus
317 3505 524 3593 approbans,
544 3523 672 3574 rursum
695 3503 862 3593 predictos
881 3503 1067 3571 cardinales
1086 3520 1140 3568 re-

36 3595 121 3686 uisit,
138 3607 172 3670 ut
189 3601 233 3670 ad
251 3620 395 3688 unguem
413 3604 519 3691 ipsum
539 3605 710 3689 negotium
728 3602 946 3691 perducerent
963 3602 1142 3689 imperavit.

38 3687 143 3798 Quibus
167 3700 296 3788 alpibus
321 3703 525 3772 transcensis
550 3721 624 3770 oum
643 3701 685 3770 ad
702 3701 935 3788 exequendum
953 3699 1141 3768 mandatum

37 3794 122 3877 rusius
138 3798 169 3866 in
188 3799 406 3870 Tbcutoniem
423 3802 675 3889 pervenissent,
695 3818 804 3868 rumor
822 3801 987 3888 pessimus
1005 3817 1142 3888 percre-

39 3883 106 3996 buit,
128 3898 252 3966 scilicet
273 3898 454 3988 Philippum
479 3917 592 3984 regem
609 3918 629 3970 a
646 3899 792 3988 palatino
820 3900 938 3968 comite
967 3897 1008 3966 de
1027 3899 1142 3968 Witti-

37 3982 165 4064 lrnsbuob
182 3994 305 4069 Ottnne
323 3997 412 4086 apud
430 3998 621 4084 Bauinberg
638 4004 829 4087 peremtum.

96 4087 168 4162 Nam
186 4113 260 4164 cum
278 4095 365 4166 idem
384 4114 441 4164 rex
458 4098 491 4164 in
510 4096 595 4166 sesto
614 4097 721 4164 saneti
732 4093 850 4166 Albani
862 4093 945 4186 [iun.
962 4094 1026 4186 21]
1045 4097 1141 4164 iliam

38 4176 124 4256 fratris
148 4195 196 4262 sui
220 4191 354 4266 Ottonis
382 4194 424 4266 de
455 4195 645 4282 Burgundio
672 4201 807 4282 nuptam
840 4194 1034 4264 tradidisset
1065 4194 1141 4262 duci
