2888 4824
407 265 568 311 cuaourcon
591 267 819 314 rnruoaorsnsr.
1105 241 1177 310 405

49 403 194 469 valenter
218 419 383 491 usurpans
392 456 402 494 ‚
437 421 506 471 non
535 403 697 473 modicam
719 405 817 474 buius
844 411 929 475 terre
956 413 1081 496 partam
1107 408 1258 478 sibilum

50 503 243 585 subiugavit.
270 501 390 570 Comes
418 504 521 570 eciam
541 503 583 572 de
607 503 746 594 anhalt,
766 524 827 573 sue
849 508 951 594 partis
970 524 1039 574 nou
1057 508 1175 576 imme-

50 618 129 687 mor,
157 608 304 669 montem
336 602 392 688 qui
414 602 561 671 claustro
586 600 802 671 Odelsleiben
825 605 970 672 imminet
1004 623 1174 695 occupans

49 706 207 790 potenter,
217 701 468 790 incastellavit,
488 701 694 769 adiacentem
712 703 879 771 vastando
896 705 1060 772 viciniam.

115 803 190 873 Hoc
217 803 322 868 eciam
344 817 433 868 anno
460 800 691 868 Willehelmus
714 801 782 870 dux
805 801 982 870 Hollandia
1004 806 1037 870 in
1060 821 1174 890 regem

48 902 170 971 electus
198 905 269 987 est;
288 900 337 965 vir
354 899 468 986 utique
487 899 649 988 pacificus
669 919 708 968 ac
730 900 894 970 modestia
914 907 948 970 et
970 904 1175 971 continentia

47 1006 77 1068 ut
93 999 213 1070 dicitur
230 999 419 1084 insignitus.
508 1023 510 1027 ·

112 1099 214 1169 Anno
245 1097 367 1164 domini
399 1097 601 1165 m.cc.xl.viii.
627 1097 777 1166 secundo
802 1116 879 1166 non.
905 1098 1062 1168 februarii
1094 1099 1175 1168 obiit

45 1199 254 1268 Ricbmondis
272 1201 374 1264 mater
391 1195 532 1263 fratrum.
566 1195 640 1263 Hoc
665 1216 754 1265 anno
772 1198 954 1287 Erpbordie
973 1199 1173 1267 celebratum

46 1305 92 1365 est
110 1297 290 1387 capitulum
309 1295 512 1383 provinciale
531 1295 785 1364 Predicatorum.

110 1399 193 1466 Post
209 1401 344 1462 mortem
361 1395 520 1482 principis
535 1395 726 1462 intestinum
740 1395 920 1482 Thuringie
934 1396 1067 1488 bellum,
1083 1396 1174 1485 quod

44 1499 101 1563 iam
126 1496 197 1565 lore
223 1494 358 1562 biennio
377 1495 460 1560 inter·
484 1493 522 1559 H.
542 1496 695 1562 comitem
719 1494 760 1562 de
779 1495 981 1582 Glycben'at
998 1547 1110 1563 .....
1130 1495 1172 1565 do

44 1595 220 1662 llulhusen
238 1598 272 1661 et
288 1591 421 1659 tratrem
435 1610 530 1658 suum
544 1591 579 1659 R.
593 1586 804 1680 pincernam¹
822 1593 1008 1684 duraverat,
1027 1594 1069 1662 ad
1087 1613 1173 1683 pau-

45 1713 149 1781 perum
174 1693 405 1783 probationem
430 1691 542 1758 durius
567 1692 802 1782 iniiammatur;
831 1711 931 1781 quare
958 1693 1033 1762 dum
1053 1712 1173 1782 super-

46 1794 129 1861 biunt
154 1794 233 1882 ipsi,
252 1808 417 1879 pauperes
436 1789 668 1858 incenduntur
692 1791 764 1859 Hoc
782 1811 870 1861 anno
889 1794 931 1861 vi.
950 1793 1015 1859 lial.
1033 1793 1173 1861 ianuarii
1193 1797 1200 1806 '

47 1892 118 1959 obiit
135 1893 316 1960 Heinricus
335 1907 447 1957 eomes
467 1888 508 1958 de
528 1886 738 1958 Orlamunde.

109 1991 212 2059 rinno
231 1989 354 2056 domini
373 1989 576 2056 m.cc.xl.viii.
594 2007 652 2056 rex
670 1988 900 2057 Willehelmus
918 1989 952 2055 in
971 1994 1091 2057 octava
1108 2007 1170 2077 pa-

46 2090 117 2158 sche
138 2087 226 2180 [apr.
247 2084 311 2177 26]
338 2086 586 2174 Aquisgranum
604 2089 729 2174 regiam
749 2087 878 2155 seilicet
900 2087 1011 2156 villam
1029 2087 1171 2157 obsedit.

43 2187 89 2255 Ad
112 2191 208 2257 cuius
241 2187 398 2254 auxilium
423 2186 596 2254 multitudo
628 2188 811 2255 Fresonum
840 2205 936 2255 cruce
968 2189 1172 2274 signatomm

44 2290 188 2376 veniens,
214 2286 326 2355 navali
343 2285 432 2352 bello
457 2286 565 2372 ipsum
585 2285 743 2374 oppidum
767 2285 992 2373 impugnabat.
1023 2285 1172 2354 Tandem

46 2387 113 2453 xiiii.
132 2387 199 2455 lral.
219 2384 407 2453 novembris
429 2379 511 2472 [oct.
533 2382 595 2475 19]
623 2387 789 2453 civitatem
807 2387 982 2470 ingressus
1001 2404 1020 2452 a
1039 2385 1172 2453 duobus

45 2485 260 2554 cardinalibus
287 2485 391 2571 primo
417 2483 480 2550 kal.
508 2484 657 2551 eiusdem
680 2485 806 2552 mensis
825 2484 971 2570 regalem
990 2490 1171 2552 coronatus

46 2587 165 2672 accepit
183 2582 463 2651 benedictionem.
489 2582 616 2650 Eodem
634 2601 721 2652 anno
741 2585 828 2650 circa
845 2589 1066 2670 pentecosten
1086 2580 1172 2672 [iuni

47 2679 79 2772 i]
98 2684 178 2751 obiit
198 2683 267 2751 dux
284 2682 436 2749 Maronia
455 2686 489 2748 et
499 2681 689 2767 Burgundio
704 2684 875 2749 immatura
889 2687 1003 2770 morte,
1022 2681 1099 2749 dum
1118 2682 1170 2750 vi-

44 2784 193 2850 cesimum
212 2782 269 2848 vix
287 2780 525 2868 complevisset
542 2799 681 2871 annum,
707 2787 741 2849 et
758 2779 846 2869 apud
865 2781 1039 2848 cenobium
1056 2780 1168 2848 lianc-

44 2877 121 2948 bcim
140 2873 293 2969 sepultus
316 2885 377 2946 est.

106 2978 178 3047 Hoc
211 2996 300 3046 anno
328 2977 461 3065 quidam
486 2978 685 3067 pestilentes
716 2978 758 3046 de
789 2983 899 3045 castro
926 2976 1169 3067 Harmanstoin‚

43 3072 244 3146 Hermannus
263 3075 421 3144 videlicet
440 3130 446 3143 .
466 3129 473 3143 .
493 3131 499 3144 .
519 3130 526 3144 .
544 3077 720 3144 Heinricus
739 3077 781 3145 de
798 3076 969 3167 Baistede‚
989 3078 1023 3144 in
1042 3077 1095 3145 die
1110 3093 1169 3146 as-

44 3178 205 3245 censionis
224 3176 349 3244 domini
370 3171 450 3265 [mai
470 3173 535 3266 28]
558 3175 682 3244 nelarie
697 3177 879 3244 temeritato
897 3177 1041 3262 ingressi
1061 3175 1169 3263 quod-

44 3271 108 3341 dam
138 3275 298 3344 allodium
330 3275 567 3342 monaehorum
593 3274 634 3343 de
661 3275 749 3342 valle
777 3275 864 3342 beati
889 3275 1055 3364 Gregorii,
1081 3275 1169 3343 omni

44 3375 257 3460 suppellectili
283 3391 357 3441 cum
384 3373 562 3462 pecoribus
590 3375 834 3462 spoliaverunt,
863 3373 1050 3441 Cunradum
1073 3375 1168 3460 ipso·

44 3488 103 3537 rum
121 3473 347 3561 cellerarium,
373 3471 530 3540 devotum
556 3472 780 3559 sacerdotem,
806 3488 879 3537 cum
902 3473 974 3539 aliis
994 3472 1167 3539 conversis
1213 3517 1214 3522 ,

45 3585 78 3633 ac
94 3570 221 3640 lamulis
249 3572 376 3640 circiter
400 3571 586 3640 octodecim
605 3573 751 3658 graviter
767 3571 981 3638 vulnerantes
992 3623 1001 3660 ,
1027 3569 1113 3638 adeo
1132 3575 1168 3637 ut

46 3669 138 3736 eciam
155 3687 244 3738 rmus
257 3687 496 3738 conversorum
511 3677 690 3739 extremum
708 3669 879 3736 exhalaret
897 3670 1054 3756 spiritum.
1073 3667 1167 3749 Quo-

45 3783 104 3833 rum
130 3769 258 3837 cladem
292 3775 381 3838 totus
408 3767 664 3857 Erphordiensis
695 3769 802 3837 clerus
829 3769 1007 3859 miseram,
1035 3768 1167 3855 illisque

44 3869 249 3957 compatiens,
268 3869 419 3955 proxima
447 3874 564 3955 quarta
593 3869 747 3955 sequenti
781 3867 863 3934 leria
890 3868 1082 3953 generalem
1108 3884 1167 3955 per

44 3962 195 4033 civitatem
215 3967 368 4034 iecerunt
394 3969 665 4054 processionem,
690 3967 724 4032 in
743 3962 869 4053 quoad
888 3967 1025 4036 sceleris
1045 3971 1166 4034 osten-

44 4060 159 4132 sionem
187 4065 264 4132 dicti
293 4064 400 4134 fratris
427 4067 528 4134 occisi
556 4067 684 4156 tunica,
712 4064 876 4150 sanguina
896 4072 1085 4152 cruentata,
1105 4082 1165 4152 pro

42 4156 227 4232 lamentabili
247 4164 372 4232 vexillo
392 4163 612 4232 deserebatur.

75 4269 100 4333 1)
118 4269 258 4326 Rudollum
278 4274 432 4344 pincernam
452 4271 485 4329 de
504 4272 598 4328 Varila
616 4271 685 4328 narb
705 4272 805 4330 Cbron.
824 4271 957 4346 Sampetr.
