2886 4834
433 228 561 274 uentura
583 229 807 276 cauuuarurrsrs.
1143 206 1186 274 ³5

43 365 184 433 demina
202 368 377 453 preposite
395 368 526 434 maioris
546 369 688 436 aeetesie
709 367 989 460 Cerrstarrtiensis,
1009 371 1096 440 tratri
1114 375 1183 440 sei·
1203 388 1268 442 aaut

44 466 125 532 lieet
143 465 279 532 sumitis
306 464 558 556 Friburgensis,
586 468 765 553 sexaginta
789 486 917 537 mareas
943 471 978 536 iu
1004 470 1187 540 redditibus

44 581 132 650 quas
150 563 273 632 babuit
289 565 323 632 in
342 563 550 634 Columbaria
567 583 626 654 per
642 567 834 634 violentiam
852 567 1033 636 auferebat.
1067 569 1187 640 Comes

44 663 174 731 arrhae
193 663 390 749 indignatus
409 665 521 752 plures
539 682 582 732 ex
599 665 787 734 bominibus
805 667 931 754 imperii
949 669 1055 758 cepit,
1075 675 1108 736 at
1126 687 1187 738 eo-

42 781 112 829 mm
131 780 190 830 res
211 768 246 830 et
264 781 403 851 earporu
421 763 619 834 devastavit.
659 762 856 836 Adveeatus
880 771 991 835 autam
1016 773 1101 835 terre
1126 785 1187 836 ee-

44 880 115 929 mes
136 861 362 930 Phirretamm
378 863 528 930 iniurium
546 862 609 932 sibi
626 864 750 931 illatam
767 864 959 954 vindicavit,
970 867 1187 956 aeeeptisque

44 959 180 1028 eivibus
202 961 531 1030 Columbadensibus
558 963 700 1049 aliisque
725 963 913 1032 bominibus
940 969 1058 1032 terram
1083 968 1188 1034 eenri-

43 1061 83 1126 tis
109 1059 353 1146 Friburgeusis
379 1067 533 1148 potenter
565 1061 749 1147 ingreditur
783 1068 817 1130 et
848 1063 968 1132 vallem
995 1063 1121 1153 Gletyri
1155 1071 1189 1134 et

43 1160 129 1226 alias
149 1160 255 1226 villas
273 1178 332 1247 pra
350 1159 474 1228 viribus
493 1159 697 1228 deleverunt.

120 1257 346 1326 Maemaviii.
388 1258 503 1328 idibm
544 1259 698 1328 februarii
741 1259 1032 1330 columbarienses
1073 1266 1188 1332 armati

45 1374 121 1423 uum
142 1359 220 1424 suis
237 1363 276 1425 ut
293 1376 346 1426 res
364 1357 622 1446 Argentiuensis
641 1360 793 1448 episeepi
812 1359 1047 1449 devastarent,
1073 1379 1187 1431 eomes

45 1455 274 1524 Pbirretarmu
305 1457 491 1526 advocatus
522 1459 649 1546 imperii
681 1460 821 1528 veniens
851 1461 961 1528 eisin
991 1459 1188 1530 adiutorium

45 1573 121 1622 euru
149 1556 268 1624 multis
293 1556 437 1626 millibus
461 1559 674 1645 rustiearum,
700 1559 821 1626 vetlem
840 1557 1036 1627 Sutznatttn
1061 1564 1095 1627 et
1122 1561 1187 1628 vil-

45 1655 110 1722 lam
131 1653 312 1723 Suntbeim
331 1661 364 1723 et
387 1657 470 1724 alias
487 1657 585 1726 villas
611 1658 762 1745 episcopi
786 1675 846 1744 per
863 1659 975 1744 ignem
1000 1665 1033 1726 et
1051 1659 1112 1726 trid
1130 1677 1189 1727 ee-

47 1755 179 1821 miteria
199 1754 346 1823 totaliter
362 1761 591 1844 vastaremut‚
611 1756 748 1824 Crucem
775 1773 911 1844 queque
937 1764 1088 1825 sanatam
1115 1777 1189 1826 eum

47 1855 318 1941 prepuguaeulis
344 1854 593 1942 expugnabant.
627 1853 868 1941 Friburgenses
894 1857 929 1924 in
948 1853 1104 1924 Otlundia
1121 1857 1189 1948 bu-

48 1954 175 2020 minum
213 1951 330 2020 deeem
361 1955 461 2022 millia
492 1960 784 2040 aengregavenrut
810 1961 844 2022 et
876 1960 913 2022 ut
938 1955 1128 2024 Beruenses
1154 1957 1188 2024 in

48 2051 152 2119 rebus
170 2051 385 2120 destmereut
409 2058 666 2140 precesserunt,
693 2052 754 2121 sed
773 2071 847 2120 euru
865 2052 1027 2122 distarent
1043 2072 1063 2121 a
1079 2055 1190 2123 Barna

48 2150 90 2218 ad
108 2169 217 2218 uuum
248 2151 382 2240 miliare,
401 2152 592 2220 Beruenses
610 2153 845 2222 intellexerunt
869 2158 903 2220 et
920 2153 1061 2220 letanter
1079 2171 1119 2221 ae
1137 2155 1189 2221 vi-

48 2250 153 2317 riliter
188 2257 422 2337 eeeunerunt3
465 2250 705 2337 Fu'burgenses
738 2249 894 2320 videntes
919 2252 1110 2320 Beruenses
1142 2254 1189 2320 ti·-

49 2353 218 2438 muerunt,
238 2355 273 2416 et
289 2355 384 2434 terga
401 2355 571 2418 vertentes
589 2349 757 2439 sugerunt,
772 2355 806 2418 et
824 2368 865 2418 aa
883 2369 947 2438 que
967 2369 1081 2420 seeum
1099 2357 1189 2420 attu-

48 2449 162 2516 lerunt
179 2449 402 2535 reliquemnt3
428 2449 619 2518 Beruenses
644 2450 766 2518 multus
792 2449 1059 2535 Friburgensium
1085 2469 1188 2538 eepe-

51 2552 127 2614 mut
156 2552 191 2614 et
218 2547 349 2634 aliquas
377 2547 579 2620 eaeidemnt.
621 2548 784 2616 Dominus
809 2547 1035 2616 Hiltibrandus
1062 2548 1190 2637 dapiier

50 2645 90 2712 de
108 2645 355 2736 Bappenbeim,
373 2648 422 2714 vir
438 2649 569 2716 iuvenis
588 2646 681 2716 iortis
700 2654 734 2714 et
752 2646 858 2737 dives,
877 2649 910 2714 in
929 2649 1075 2714 exercitu
1094 2647 1189 2716 dueis

52 2741 190 2812 dustria
209 2746 243 2812 iu
261 2746 388 2832 treugis
407 2745 567 2814 oeeiditur
590 2745 826 2832 fraudulenter,
845 2752 878 2814 at
897 2747 1011 2832 quinte
1030 2746 1095 2814 kal.
1113 2748 1188 2814 maii

50 2841 138 2931 [apr.
158 2845 224 2931 27]
242 2845 277 2912 iu
286 2843 496 2912 Columbaria
512 2845 600 2933 apud
619 2844 735 2912 iratres
745 2844 974 2912 Predieateres
992 2845 1189 2934 sollempni-

54 2948 100 3010 ter
119 2943 292 3031 sepelitur.
319 2943 395 3010 Dux
412 2940 545 3012 Austrie
564 2945 656 3012 venit
673 2946 706 3012 in
723 2943 955 3030 Brisgaudium
972 2961 1076 3032 prope
1095 2944 1189 3013 Kau-

54 3042 177 3128 uingen
203 3047 282 3110 ante
308 3041 430 3110 sestam
456 3044 562 3112 saneti
589 3043 721 3130 Georgii
747 3045 898 3130 martyris
924 3043 1009 3131 [apr.
1028 3044 1091 3133 23]
1115 3063 1189 3114 uum

54 3139 266 3227 ngarerum
283 3141 569 3230 Cumanorumque
588 3141 807 3232 multitudine,
826 3142 944 3210 veiens
962 3143 1005 3211 ad
1024 3145 1189 3212 aleatores

57 3241 145 3325 regis
163 3239 388 3310 Remanemm
406 3243 579 3328 pervenire
604 3247 638 3309 et
655 3247 691 3309 ut
709 3259 784 3310 eum
802 3241 1010 3329 depenerent
1028 3259 1087 3329 pre
1106 3243 1188 3310 viri-

59 3337 120 3405 bus
145 3337 309 3407 laherare.
344 3339 539 3427 intelligens
566 3340 629 3408 hee
653 3341 806 3408 dominus
824 3337 967 3408 Adolius
991 3357 1049 3408 ren
1066 3339 1188 3410 Bama-
1319 3363 1321 3368 ’

60 3454 173 3506 numm
196 3456 273 3506 eum
290 3439 392 3508 multe
411 3441 536 3508 meliori
563 3443 663 3526 atque
688 3440 801 3508 maiori
819 3439 932 3508 militia
950 3455 1024 3506 eum
1041 3439 1187 3506 multitu-

59 3535 134 3604 dine
152 3538 296 3625 eopiosa
320 3538 489 3606 hominurn
512 3541 621 3627 ipsum
645 3539 806 3606 veieeiter
821 3535 1001 3626 impedivit.
1029 3535 1096 3604 Sed
1115 3554 1188 3606 eum

60 3652 116 3702 rex
145 3635 292 3704 Adultus
326 3636 369 3704 ad
410 3639 589 3708 exereitum
629 3637 723 3706 dueis
755 3641 889 3725 prepter
920 3653 1040 3722 aquam
1074 3637 1188 3704 venire

62 3751 127 3801 nun
143 3735 325 3824 patuisset,
344 3737 517 3806 eustatium
536 3737 732 3823 denzingen
758 3753 778 3802 a
804 3733 937 3802 domiue
956 3731 998 3801 de
1017 3733 1189 3804 Useubere

61 3831 102 3898 ad
118 3839 250 3922 tempus
268 3834 374 3922 pretia
392 3837 611 3925 eomparuvit,
633 3833 672 3903 'ut
688 3834 730 3902 ad
748 3835 928 3904 exereitum
953 3832 1047 3902 dueis
1071 3842 1191 3923 posset

62 3931 194 4016 quando
211 3933 316 4002 vellet
341 3931 479 4003 iaeiliter
495 3935 679 4023 pervenire.
706 3935 839 4002 Timeus
864 3938 974 4000 autem
997 3931 1065 4002 dux
1082 3933 1189 4022 impe·

25 4080 29 4088 .
64 4035 125 4096 tum
142 4033 233 4117 regis
241 4081 250 4119 ,
277 4033 349 4099 suis
375 4031 437 4101 bae
463 4033 630 4121 peditibus
657 4031 835 4101 referebat:
860 4031 935 4099 Hae
951 4036 1047 4100 noete
1064 4051 1114 4100 ute
1130 4032 1188 4101 Ri-

63 4131 213 4216 amptum
226 4131 429 4216 precedens,
446 4149 508 4220 epo
525 4137 632 4202 erdem
650 4133 697 4200 ed
712 4147 770 4198 ees
787 4147 866 4198 mes
883 4132 1010 4198 vertiam
1025 4131 1189 4216 [artimu-

5 4259 6 4264 =
64 4229 120 4294 ter.
153 4227 315 4316 Seqrrenti
333 4229 386 4297 die
414 4233 499 4299 eirea
517 4233 645 4300 tertium
664 4235 773 4298 eastra
792 4230 921 4317 propria
939 4229 1129 4316 sueeeudit,
1157 4235 1190 4294 at

955 4339 991 4390 3*
