2888 4824
407 231 445 280 rx
466 233 590 280 nrrrsao
611 231 771 280 rronrrnsr.
1091 205 1161 274 383

121 371 257 460 Regalis
275 379 381 440 turma
397 370 715 460 oonsumpsitno'ote
733 368 877 440 suburra
1139 443 1142 450 y
1178 383 1245 439 aare
1340 419 1342 424 .

118 472 278 540 Nostrum
300 471 350 539 sar
368 477 489 561 totum,
515 472 563 538 iar
583 470 700 558 fregit,
721 479 755 538 et
768 471 878 540 omnia
895 487 1009 539 seoum

122 569 235 658 Atque
249 589 356 660 peous
373 572 486 660 traxit,
502 570 560 637 ubi
576 588 634 638 rex
652 571 794 638 tentoria
814 570 892 637 iixit.

33 671 138 737 Tereia
165 669 252 739 seria
273 676 306 737 et
323 675 440 757 quarta
458 670 492 736 in
510 669 590 738 iooo
609 670 664 757 qui
687 669 836 736 Cuisnon
854 675 888 737 et
907 665 1024 736 Hamal
1045 668 1161 738 dieitur

31 770 129 838 iacuit.
155 769 200 836 Et
217 770 294 858 quia
309 770 342 836 in
360 767 570 836 brabantiam
587 769 635 836 ire
656 767 871 858 disponebat,
889 764 928 834 ln
947 766 1015 836 dux
1030 773 1160 838 temore

30 869 213 956 perterritus
234 867 285 936 ad
317 885 392 936 eum
418 868 524 956 venit,
560 869 726 955 eaptivum
754 884 792 936 so
818 864 961 934 reddidit
981 884 1159 956 quousque

33 967 121 1034 titium
136 985 234 1036 suum
250 965 401 1034 obsidem
416 965 511 1034 daret
527 972 561 1034 et
579 965 720 1034 aliosde
739 970 824 1033 terra
842 983 903 1034 sua
918 983 1005 1053 quos
1023 984 1082 1034 rex
1096 966 1160 1035 ba-

33 1066 100 1133 bere
120 1066 236 1135 veliet.
262 1065 353 1134 Idem
375 1065 455 1134 ieoit
470 1065 538 1133 dux
557 1062 723 1134 Ardenne.
750 1065 805 1134 Sie
819 1083 879 1134 rex
892 1063 1031 1134 deduxit
1044 1083 1159 1134 seeum

31 1173 207 1253 utrumque.
241 1165 334 1234 Faria
353 1167 469 1253 quinta
486 1160 581 1254 [aug.
597 1161 661 1256 28]
691 1163 815 1250 regalis
844 1165 1010 1234 exereitus
1038 1163 1165 1234 eastris
1278 1253 1280 1257 ι

32 1263 124 1331 rediit.
160 1265 258 1333 Feria
282 1269 380 1332 sexta
407 1263 540 1332 Mosam
560 1265 690 1332 transiit
718 1267 752 1330 et
778 1264 812 1330 in
835 1263 939 1332 altera
962 1264 1033 1351 ripa
1058 1263 1160 1332 Mose

31 1363 115 1430 sedit.
142 1363 293 1432 Sabbata
310 1365 491 1452 episeopus
507 1361 709 1431 Leodiensis
725 1379 798 1430 eum
816 1361 1045 1430 innumerabili
1062 1381 1160 1432 exer-

33 1464 90 1528 eitu
105 1480 168 1530 suo
186 1463 337 1531 similiter
348 1461 481 1531 Mosam
494 1463 645 1530 transivit
664 1467 697 1530 et
713 1479 751 1530 se
768 1461 875 1546 regali
895 1463 1054 1530 exercitui
1072 1479 1160 1532 eon·

31 1562 131 1628 iunxit
157 1561 327 1630 Faiirebor
351 1561 540 1651 obsidetur,
560 1567 647 1628 terra
672 1560 882 1650 devastatur,
906 1564 941 1628 et
956 1565 1073 1648 treuge
1094 1578 1160 1630 us·-

33 1677 89 1746 que
121 1660 165 1728 ad
193 1660 316 1728 tostum
351 1662 457 1728 sanati
491 1659 631 1746 Remigii
661 1661 878 1748 aooipiuntur.
918 1659 956 1728 ln
987 1661 1159 1729 nativitate

33 1765 135 1827 saneto
151 1759 260 1827 Mario
288 1755 390 1849 [sept.
412 1757 453 1850 8]
477 1759 640 1828 Juliaoum
662 1758 704 1827 ab
727 1761 873 1828 exercitu
896 1759 987 1844 regis
1015 1765 1049 1827 et
1067 1759 1159 1828 Leo·

33 1856 128 1926 diensi
143 1857 322 1926 obsidetur
340 1864 374 1926 et
389 1857 591 1928 devastatur.
620 1857 740 1926 Comes
759 1857 960 1926 Juliaeensis
977 1859 1048 1944 regi
1063 1858 1159 1946 paei·

32 1955 145 2024 beatur.
173 1957 403 2027 Waleraunus
421 1964 455 2026 et
476 1974 588 2026 eomes
614 1956 656 2025 de
673 1956 835 2026 Cteviaet
853 1956 896 2024 de
914 1955 1027 2024 Casial
1041 1973 1158 2045 paoem
1212 2044 1214 2048 ι
1345 1991 1350 1998 ,

32 2071 93 2122 oum
113 2074 195 2142 rege
211 2055 345 2125 iaeiunt.
380 2056 568 2126 Friderious
591 2075 650 2124 rex
665 2055 865 2124 vietualibus
894 2056 964 2124 suis
983 2073 1043 2144 per
1065 2054 1158 2124 Rbe-

33 2171 96 2220 num
118 2155 333 2223 venientibus
363 2157 523 2246 emunit,
551 2155 669 2223 duaenr
699 2151 873 2224 Austrasie
893 2153 1035 2242 pedibus
1061 2153 1158 2222 indr-

33 2259 159 2322 nantem
187 2256 223 2321 in
251 2261 369 2322 terram
395 2273 488 2324 suam
516 2253 623 2322 redire
645 2255 818 2342 permittit,
847 2251 1023 2340 quamdam
1047 2259 1158 2322 tamen

33 2357 143 2436 partem
164 2371 301 2422 suorum
323 2354 465 2424 retinuit.
491 2353 562 2422 Neo
579 2353 680 2422 multo
702 2360 781 2441 post
796 2354 871 2442 ipse
891 2371 951 2422 rex
976 2354 1010 2421 in
1039 2359 1158 2421 terram

33 2466 131 2541 suam,
154 2452 259 2520 idest
276 2453 448 2543 sueviam,
471 2453 661 2540 revertitur,
685 2458 719 2520 et
742 2451 841 2520 dlium
866 2450 960 2519 dueis
976 2451 1156 2521 Brabantie

34 2548 170 2618 obsidem
184 2550 347 2641 deduoit‚'
363 2551 513 2622 Coloniis
532 2558 565 2620 et
589 2549 695 2639 Aquis
720 2551 967 2620 remanentibus
987 2551 1051 2620 sibi
1072 2567 1157 2620 eon·

33 2649 126 2718 trariis
145 2655 178 2718 et
203 2651 345 2718 intaetis.
371 2647 678 2720 AColoniensibus
703 2646 782 2718 Otto
808 2648 974 2718 detinetur
995 2667 1069 2718 ourn
1095 2667 1157 2717 sua

35 2761 140 2838 uxore,
160 2748 223 2817 sed
240 2765 419 2839 numquam
438 2749 570 2818 domurn
585 2768 678 2818 suam
693 2747 794 2818 audet
806 2749 907 2817 exire.
980 2787 983 2792 ·

94 2843 191 2917 Anno
218 2847 342 2917 domini
370 2865 526 2917 meeum.
562 2847 753 2918 mirabiliter
780 2852 921 2932 augetur
948 2845 1156 2930 signatorum

33 2957 171 3016 numerus
193 2952 228 3015 et
246 2946 453 3033 indulgentie
471 2949 671 3033 amagistris
690 2951 864 3033 augentur.
890 2943 987 3012 Curia
999 2943 1156 3012 Friderioi

35 3037 133 3112 Mettis
156 3045 269 3114 babitu
292 3047 325 3113 in
350 3045 528 3134 epiphania
560 3043 641 3138 [ian.
666 3042 772 3137 6]
811 3045 983 3133 Prineipes
1007 3041 1154 3113 Saxonis

32 3135 181 3212 iriderieo
207 3146 280 3232 regi
305 3145 520 3234 paoitroantur
550 3145 702 3234 exeeptis
726 3144 843 3234 pauois
860 3195 868 3210 .
884 3193 914 3210 ..
965 3141 1085 3212 Comes
1112 3141 1155 3210 da

36 3235 134 3308 Senh¹
153 3243 321 3312 Friderieo
335 3245 407 3329 regi
428 3245 668 3314 reooneiliatur.
695 3243 884 3332 Episcopus
906 3241 1154 3310 Monasteriea-

36 3336 74 3403 sis
87 3357 143 3426 per
155 3339 312 3412 Ottonem
328 3341 438 3411 adbuc
450 3344 602 3431 eaptivus
618 3343 785 3412 detinetur
802 3393 809 3409 .
828 3393 858 3408 ..
883 3337 963 3407 Otto
981 3338 1153 3408 Coloniam

35 3449 91 3504 non
102 3439 205 3509 audet
217 3443 310 3510 exire
329 3494 336 3508 .
354 3494 361 3510 .
380 3495 388 3508 .
414 3441 452 3509 ln
475 3442 540 3510 bai.
555 3443 619 3510 mai
646 3439 727 3532 [mai
747 3437 786 3530 t]
810 3440 900 3508 ouria
917 3437 1070 3506 Friderioi
1092 3437 1154 3506 ba-

36 3529 90 3602 bita
102 3539 187 3626 apud
206 3539 460 3630 Andarnaoum,
486 3541 598 3630 ibique
617 3546 790 3609 tractatum
806 3545 841 3606 et
862 3539 1001 3606 iuratum
1020 3554 1039 3605 a
1059 3537 1154 3623 prin·

38 3632 149 3719 eipibus
165 3637 208 3707 de
227 3639 404 3708 obsidione
415 3637 628 3710 coloniensis
645 3639 788 3708 divitatis
803 3643 837 3706 et
845 3633 1014 3723 Aquensis
1029 3631 1153 3722 oppidi.

38 3726 97 3807 Quo
115 3737 244 3806 obsidio
267 3738 368 3806 dilata
387 3744 439 3806 est
457 3738 626 3826 usquead
645 3737 766 3806 iestum
786 3736 894 3805 saneti
915 3733 1080 3802 iohannis
1100 3781 1153 3804 ...

37 3825 199 3916 bquenses
219 3839 276 3925 qui
300 3836 356 3906 diu
377 3833 490 3905 Ottoni
511 3837 715 3907 adheserant
733 3843 768 3904 et
790 3833 989 3904 briderieum
1010 3834 1153 3919 ignora-

39 3923 113 4020 bant,
132 3953 214 4003 sano
230 3935 345 4004 habito
361 3937 516 4026 oonsilio,
533 3955 596 4004 neo
613 3938 822 4006 immemores
838 3932 1072 4002 benetioiorum
1087 3945 1153 4020 que

41 4023 73 4092 tb
89 4047 145 4102 avo
172 4040 206 4102 et
231 4042 325 4124 patre
351 4033 491 4124 predioti
509 4035 664 4106 Frideriei
682 4038 881 4122 aeceperunt
888 4083 897 4122 ,
924 4037 958 4100 et
977 4030 1067 4120 quod
1086 4048 1153 4119 op·

41 4124 134 4207 iidnm
151 4151 246 4202 suum
263 4134 389 4206 auxilio
406 4135 579 4223 utriusque
605 4141 674 4204 erat
698 4134 821 4222 optime
854 4131 1012 4206 firmatum
1038 4136 1072 4198 et
1090 4129 1152 4198 bo·

69 4235 93 4300 ¹)
109 4236 188 4296 sant
