2950 4836
274 233 345 302 528
638 263 830 310 ebertramnus
850 263 1051 310 aarannrrsrs..

191 417 259 473 tear
276 401 374 469 nibus
393 399 455 470 sed
476 400 576 468 unica
595 401 777 489 spiratione
795 401 955 490 procedit.
980 399 1055 468 Hoc
1073 399 1230 488 prolessa
1250 410 1302 470 est
1323 403 1401 472 bac-

273 507 370 568 tenns
380 553 389 588 ,
407 499 592 589 predicavit
608 507 642 567 ct
658 499 790 588 docuit,
814 501 878 568 boc
898 501 1030 568 firmiter
1049 505 1141 568 tenet
1157 501 1307 589 predicat
1324 521 1401 590 pro-

274 600 383 667 lrtetur
399 605 433 670 et
448 598 548 666 docct
559 592 568 632 ¹
580 598 956 667 sacrosanctaRomana
970 599 1123 688 ecclesia,
1141 606 1246 667 mater
1259 604 1401 669 omnium

274 697 417 766 lrdclirrm
441 715 481 764 ac
500 698 668 782 magistra.
703 697 776 765 lloc
796 698 896 765 babet
913 697 1171 766 orthodoxorum
1197 706 1327 788 patrum
1353 708 1401 767 at-

273 815 338 884 que
354 795 526 864 doctorum
547 795 738 864 Latinorum
761 798 881 885 pariter
898 803 931 864 et
950 797 1127 865 Greoorum
1144 799 1401 866 incommutabi-

230 916 233 920 ·
272 895 314 962 lis
337 903 371 964 ct
396 913 474 962 vera
501 896 676 963 sententia.
711 894 778 962 Sed
801 898 877 983 qnia
901 897 1049 964 nonnulli
1073 897 1401 984 propterirrelraga-

273 994 349 1062 bilis
378 995 538 1082 premisse
562 995 790 1080 ignorancium
814 997 965 1063 veritatis
989 997 1021 1062 in
1041 1012 1169 1063 errores
1190 999 1303 1064 varios
1328 1003 1401 1065 sunt

273 1093 435 1182 prolapsi,
462 1110 525 1161 nos
544 1093 731 1160 huiusmodi
751 1093 914 1161 erroribus
937 1095 1024 1161 viam
1042 1093 1240 1181 praeludere
1261 1097 1400 1183 cupien-

275 1199 345 1280 tcS,
365 1210 461 1260 sacro
487 1191 692 1280 approbante
710 1193 870 1280 concilio,
895 1192 1111 1281 dampnamus
1131 1199 1165 1260 et
1183 1193 1399 1281 reprobamus

274 1292 466 1378 omnesqui
493 1308 617 1376 negare
648 1292 910 1378 presumpserint
927 1291 1115 1358 eternalrter
1132 1293 1284 1380 spiritum
1305 1311 1401 1359 sane-

274 1397 341 1456 lum
359 1408 402 1457 ox
423 1395 517 1477 patre
542 1395 575 1456 et
595 1389 661 1456 lrlio
680 1389 879 1477 procedere,
902 1391 974 1458 sive
999 1390 1096 1457 etiam
1121 1393 1298 1458 temerario
1322 1409 1401 1458 ansn

261 1485 426 1556 'asserere
453 1486 543 1574 quod
560 1489 695 1575 spiritns
713 1497 849 1556 sanctus
870 1506 912 1555 ex
929 1495 1019 1576 patre
1038 1495 1071 1556 ei
1089 1488 1156 1556 lrlio
1175 1496 1347 1576 tamquam
1366 1508 1403 1557 ox

273 1585 406 1654 duobus
422 1586 612 1675 principiis,
631 1603 698 1654 non
718 1593 882 1674 tamqnam
902 1605 944 1654 ex
961 1606 1044 1675 uno,
1064 1587 1257 1674 procedalf‘

349 1683 416 1752 Sed
438 1685 502 1772 ipsi
523 1683 618 1752 Greci
637 1684 678 1752 ab
700 1685 762 1752 bac
779 1684 843 1753 fide
861 1692 895 1752 et
914 1687 1134 1774 promissione
1155 1685 1269 1754 subito
1289 1704 1403 1754 reces-

273 1789 398 1851 serunt.
425 1783 561 1871 Propter
584 1782 674 1871 qnod
698 1783 853 1852 dominus
878 1803 963 1873 papa
983 1785 1145 1853 lllartinus
1161 1787 1194 1852 in
1219 1785 1312 1853 Urbe
1334 1784 1402 1852 Ve-

274 1883 333 1950 teri
357 1899 418 1949 cos
443 1883 747 1951 excommunicates
772 1884 934 1952 nuntiavit
956 1890 993 1951 ut
1017 1885 1163 1972 poietin
1185 1883 1299 1952 fittera
1321 1885 1403 1952 snb-

273 1982 442 2069 sequenti:

344 2080 507 2147 Martinus
525 2080 706 2168 episeopus
725 2085 786 2147 etc.
805 2079 1025 2149 blichabelcm
1043 2081 1259 2168 Paleologum
1271 2101 1403 2150 -·cn-

272 2178 370 2246 nibus
384 2177 710 2266 publicataellotum
724 2177 811 2267 apud
828 2179 948 2246 Urbem
966 2179 1120 2248 Veterem
1137 2182 1170 2247 in
1186 2182 1305 2269 platea
1320 2182 1401 2248 dicte

271 2279 404 2345 maioris
418 2277 573 2365 ecclesie,
591 2277 625 2343 in
643 2276 732 2345 sesto
753 2277 973 2346 dedicationis
990 2279 1127 2346 basilice
1140 2281 1304 2368 prnrcipis
1321 2299 1403 2370 apo-

272 2373 449 2464 stolorum,
468 2376 681 2463 pontificatus
696 2377 801 2444 nostri
818 2395 906 2444 anno
928 2379 1031 2466 primo
1050 2374 1160 2467 [1281
1180 2396 1257 2446 nov.
1276 2377 1356 2470 18].

326 2519 328 2524 -
346 2474 424 2542 Item
439 2475 517 2561 qnia
530 2475 721 2562 inpartibus
732 2473 927 2543 Alemannie
942 2478 975 2544 et
992 2476 1177 2544 forsitan-in
1194 2477 1270 2544 aliis
1287 2468 1403 2545 eciarn²

270 2574 384 2660 iniqua
406 2573 618 2642 consuetudo
638 2575 823 2643 inoleverat
839 2573 881 2642 de
897 2575 1231 2662 impignorationibus
1242 2629 1251 2664 ,
1271 2577 1308 2644 in
1326 2579 1400 2664 qui-

270 2671 333 2740 bus
349 2689 435 2739 unus
452 2689 510 2760 pro
528 2671 609 2761 alio,
628 2674 701 2740 sive
720 2674 883 2740 innocens
899 2691 965 2762 pro
976 2679 1138 2762 nocente,
1157 2673 1310 2742 indebite
1328 2694 1401 2764 pre-

271 2777 446 2857 gravatur,
466 2777 581 2839 contra
598 2773 873 2859 impignoratores
896 2771 1081 2840 huiusmodi
1098 2773 1186 2840 idem
1202 2792 1295 2862 papa
1320 2775 1400 2842 Gre-

272 2871 385 2956 gorius
405 2871 438 2937 in
458 2868 576 2937 eodem
596 2871 738 2938 concillo
759 2871 858 2938 talem
882 2870 985 2938 edidit
1008 2871 1227 2939 decretalem:

349 3019 363 3054 ,
380 2968 448 3035 Etsi
469 2970 738 3058 pignorationes,
758 2987 841 3056 quas
866 2971 1014 3055 vulgaris
1034 2971 1179 3038 elocutio
1199 2971 1398 3058 represalias

271 3067 427 3149 nominat,
446 3067 480 3133 in
499 3067 618 3153 quibus
633 3068 717 3135 alios
735 3086 795 3155 pro
813 3068 878 3136 alio
895 3076 1119 3156 pregravatur,
1139 3075 1309 3156 tamquam
1325 3088 1398 3156 gra*

271 3181 332 3230 vcs
351 3164 485 3246 legibus
503 3171 537 3232 et
555 3167 691 3253 equitati
710 3167 850 3234 naturali
873 3169 1051 3254 contrarie,
1071 3169 1156 3236 civili
1181 3169 1251 3235 sint
1274 3169 1397 3236 consti-

272 3263 400 3329 tutione
417 3262 595 3350 probibite;
615 3272 651 3332 ut
665 3272 771 3332 tarncn
792 3283 901 3332 earnm
921 3266 1098 3354 probibitio
1119 3267 1151 3332 in
1169 3269 1329 3354 personis
1346 3285 1398 3333 eo-

271 3361 470 3428 clesiasticr's
490 3369 580 3430 tanto
598 3362 740 3451 amplius
760 3365 925 3453 tinreatur,
945 3372 1070 3452 quanto
1086 3367 1119 3431 in
1135 3365 1202 3432 illrs
1221 3367 1397 3456 specialius

270 3460 475 3548 inhibeatur,
495 3477 553 3530 eas
569 3460 709 3529 concedi
729 3469 844 3530 eontra
859 3480 1023 3552 personas
1041 3461 1209 3552 predictas
1228 3483 1292 3532 seu
1316 3465 1396 3532 bona

271 3559 434 3646 ipsorum,
454 3567 511 3626 aut
536 3568 826 3647 quantumcunque
848 3562 1048 3646 generaliter
1071 3568 1225 3649 pretextu
1254 3563 1395 3638 cuiusvis

271 3657 541 3745 consuetudinis,
559 3677 656 3745 qnam
682 3660 800 3746 pocius
821 3667 1011 3746 reputamus
1035 3660 1193 3748 abusum,
1218 3660 1291 3729 iore
1315 3679 1394 3728 oon·

269 3773 388 3822 cessas
415 3756 457 3823 ad
481 3757 554 3824 illas
583 3757 735 3846 extendi,
762 3759 909 3846 presenti
936 3758 1070 3826 decreto
1099 3757 1284 3826 districtius
1312 3759 1394 3827 inbi«

271 3851 397 3920 bernus.
430 3854 479 3921 llli
504 3861 613 3922 autem
641 3855 696 3942 qui
731 3863 846 3923 contra
871 3856 1009 3926 iecerint
1038 3856 1202 3924 adversrrs
1236 3873 1392 3945 personas

271 3949 405 4042 casdem
424 3955 684 4039 pignoraoiones
703 3971 763 4022 seu
783 3957 982 4042 represalias
1005 3955 1246 4044 coneedendo,
1267 3957 1320 4024 vel
1337 3972 1392 4023 ex-

271 4049 441 4118 tendendo
457 4051 499 4118 ad
515 4070 583 4142 eas,
596 4054 657 4119 nisi
669 4057 955 4140 presumpcionem
967 4054 1154 4122 huiusmodi
1170 4055 1392 4122 revocaverint

229 4239 233 4245 ι
271 4150 549 4224 aconoessiorris
577 4152 630 4236 vel
659 4153 866 4220 extensionis
895 4161 1040 4240 ternpore
1067 4153 1150 4221 inira
1178 4173 1346 4241 mensem,
1370 4151 1392 4216 si

308 4258 336 4321 l)
354 4255 406 4308 lroc
425 4255 534 4310 iirnritcr
552 4287 582 4296 -
601 4257 678 4310 docet
698 4257 764 4312 fehlt
783 4258 826 4313 bei
845 4259 873 4314 C.
914 4264 945 4328 2)
964 4269 991 4314 el
1011 4293 1038 4300 --
1060 4264 1147 4315 ceiam
1166 4261 1233 4315 l'rblt
1252 4264 1281 4318 lrr
1300 4263 1347 4316 der
1363 4262 1393 4314 la.
