2888 4824
399 291 439 336 sn
462 290 587 337 neranuo
609 289 769 338 ruoorrssr.
1084 261 1154 332 385

34 431 123 520 tavit,
142 435 175 498 et
188 429 260 497 visa
276 425 507 497 einseletio'ne
527 429 724 518 humiliavit,
744 429 958 518 Siculumque
982 435 1016 499 et
1031 429 1152 520 Apulie
1172 439 1239 494 tare

35 530 220 597 Friderioum
246 546 377 619 regem,
404 547 502 617 quem
526 530 629 598 multo
652 535 800 618 tempore
825 547 964 598 exosum
985 530 1156 620 habuerat,

35 636 161 716 paterne
185 629 372 718 revocavit,
391 635 425 696 et
445 645 519 696 eum
540 629 574 695 in
596 626 827 698 Alemanuiam
846 630 937 696 misit
959 635 994 696 et
1015 635 1155 718 paterno

35 729 158 816 imperio
177 729 319 796 restituit
336 735 398 795 etc.
416 779 423 794 .
443 779 450 793 .
469 725 560 796 Uxor
577 726 732 796 Friderici
748 729 839 815 regis
857 729 992 814 navigio
1009 727 1155 797 descen·

36 826 144 895 densa
163 825 274 896 Sicilia
291 832 326 896 et
342 823 462 915 Apulia
475 827 567 894 venit
585 825 744 917 danuam,
765 833 799 895 et
816 828 865 896 sic
883 845 942 915 per
960 826 1155 895 Cremonam

36 927 190 994 transiens
206 928 311 1015 primo
329 925 462 994 intrarit
482 921 712 993 Alemanniam
732 943 805 995 cum
830 924 986 994 Heinrioo
1005 926 1073 994 ilio
1093 943 1156 993 suo

37 1033 64 1092 et
77 1026 174 1093 multa
195 1024 381 1114 frequentia
397 1031 463 1092 tam
482 1023 651 1092 hominum
673 1043 771 1112 quam
793 1025 973 1093 mulierum.
1007 1023 1086 1093 Orta
1104 1031 1157 1093 est

36 1124 143 1192 seditio
169 1125 255 1193 inter
274 1123 472 1192 liridericum
499 1141 613 1210 regem
637 1129 671 1192 et
695 1122 813 1192 dncern
831 1124 984 1192 Bawarie
1005 1131 1039 1192 et
1065 1142 1155 1192 mar-

37 1224 173 1292 chionem
195 1223 238 1292 de
259 1225 387 1314 lilinse,
407 1221 469 1291 sed
487 1223 551 1291 cito
571 1222 697 1291 sedata.
725 1220 847 1291 Ottone
864 1225 897 1290 in
915 1223 1063 1291 Saxonia
1081 1241 1156 1291 ma·

36 1329 133 1412 nente‚
152 1324 241 1391 omni
258 1323 383 1392 auxilio
403 1321 573 1412 destituto,
592 1328 736 1412 excepto
754 1321 796 1391 do
812 1322 1049 1391 brandenburc
1065 1339 1156 1390 mar·

36 1421 150 1490 chione.

96 1519 192 1590 Anno
212 1519 336 1590 domini
353 1510 532 1590 mccx'mii.
551 1571 559 1588 .
578 1573 586 1590 .
604 1520 733 1591 Classis
751 1519 794 1592 de
811 1518 928 1590 Rheno
947 1525 980 1589 et
997 1519 1072 1590 aliis
1088 1520 1156 1590 lin-

37 1619 162 1688 niuibus
183 1626 310 1690 armata
330 1622 365 1689 in
392 1639 481 1691 mare
504 1619 681 1690 descendit
695 1639 811 1690 mense
833 1622 925 1710 maii,
944 1623 1073 1709 etpost
1094 1637 1157 1689 au·

38 1727 155 1804 gustum
174 1720 208 1787 in
227 1717 421 1808 Hispaniam
439 1721 600 1810 pervenit.
619 1769 653 1790 ..
687 1719 873 1789 liridericus
892 1717 1156 1788 rexAlemannie

39 1819 141 1886 curiam
162 1817 266 1886 habet
286 1815 451 1888 celebrem
473 1818 650 1888 Bobardie.
669 1871 703 1886 ..
736 1817 921 1888 Fridericus
951 1837 1009 1887 rex
1031 1818 1156 1886 Roma·

39 1933 136 1984 norum
159 1917 351 1987 coadunato
372 1919 521 1987 exercitu
543 1935 606 1987 suo
626 1917 806 1987 Saxoniam
833 1917 1024 2004 ingreditur.
1052 1914 1155 1985 Otto-

39 2033 99 2082 nem
112 2015 202 2096 ‚inira
219 2017 396 2086 Brunswic
413 2023 573 2086 arctatum
590 2016 723 2109 claudit,
742 2023 861 2086 terram
879 2017 1036 2085 devastat
1051 2022 1085 2084 et
1101 2017 1155 2084 in-

39 2107 140 2184 cendit.
165 2116 338 2206 Principes
356 2123 390 2185 et
404 2122 561 2206 potentes
578 2118 608 2185 ei
625 2117 892 2206 reconciliantur,
912 2122 946 2184 et
962 2116 1054 2184 sicin
1073 2111 1156 2182 Alea

40 2216 153 2283 mannia
167 2217 350 2284 revertitur.
377 2213 468 2284 Obiit
483 2215 683 2284 Bertholdus
699 2215 767 2284 dux
787 2215 830 2284 de
847 2214 1038 2302 Cerenges,
1058 2212 1155 2282 dives

20 2359 21 2362 ,
40 2318 107 2380 terre
124 2316 448 2406 etpotentissimus,
467 2315 540 2384 sine
560 2313 701 2405 herede,
721 2316 816 2384 onius
843 2311 998 2382 ducatum
1016 2313 1157 2382 obtinuit

41 2410 207 2482 iridenous
223 2413 293 2482 'rex
317 2411 537 2483 Romanorum
563 2420 595 2484 ei
616 2411 736 2502 Apulic
759 2431 801 2483 eu
826 2415 1001 2500 sanguinis
1018 2413 1157 2502 propin-

41 2512 156 2596 orimur.
183 2512 269 2582 Nam
284 2515 359 2582 avia
374 2513 544 2582 Berthcldi
557 2515 655 2581 arnita
677 2512 737 2581 init
756 2515 829 2581 avie
851 2513 1007 2581 Friderici
1025 2530 1068 2580 ex
1082 2510 1155 2578 Na-

42 2612 169 2680 nucensi
185 2613 363 2701 progenie.
390 2611 574 2682 Clementia
595 2613 681 2680 enim
700 2612 837 2680 ducissa
858 2612 900 2679 de
925 2612 1157 2697 Cerengesot

42 2711 191 2779 comitissa
220 2709 262 2780 de
286 2711 407 2802 Retes,
433 2729 499 2800 que
523 2711 584 2779 init
605 2712 682 2780 avia
707 2707 921 2800 Constantio,
947 2711 1021 2776 avie
1044 2709 1155 2776 matris

41 2805 191 2898 liriderici,
219 2825 353 2880 sorores
377 2810 509 2879 luerunt
534 2810 680 2879 lleinrici
699 2811 827 2879 comitis
842 2809 1080 2897 Namuoensis,
1100 2807 1155 2893 qui

41 2913 144 2991 postea
167 2909 320 2997 caligans
345 2911 453 2978 oculis
475 2911 577 2978 multo
603 2916 752 2999 tempore
769 2910 861 2977 vixit.
886 2907 988 2976 Cuius
1009 2907 1076 2975 lilia
1098 2904 1158 2972 luit

41 3003 257 3101 ErminsindiS,
277 3015 374 3098 qoam
401 3015 521 3098 postea
541 3027 655 3078 comes
682 3007 899 3077 Theobaldus
925 3006 967 3076 dc
986 3007 1050 3075 Bar
1074 3022 1157 3093 par-

42 3103 132 3174 vulam
155 3115 284 3190 mortno
309 3114 401 3197 patre
428 3107 658 3198 desponsavit.
693 3105 827 3176 Mortuo
852 3123 934 3184 uero
959 3102 1155 3175 Theobaldo
1287 3106 1288 3110 ’

44 3199 251 3276 illal‘erandus
268 3207 355 3276 iulius
371 3207 466 3276 ducis
483 3205 642 3276 Ardenne
659 3207 777 3275 iterum
794 3223 867 3275 eam
885 3207 919 3273 in
941 3223 1079 3274 uxorem
1098 3221 1157 3270 ac-

44 3305 115 3389 cepit
138 3313 170 3373 et
190 3306 406 3375 hereditatem
431 3311 620 3396 paternam,
647 3305 753 3374 idest
776 3305 975 3394 Namncum,
999 3307 1156 3391 qnantum

43 3404 131 3483 potnit
146 3405 347 3474 reclamavit.
364 3405 439 3474 Dux
453 3405 495 3474 de
513 3405 639 3474 Nancei
649 3405 816 3474 Friderico
831 3404 903 3490 regi
918 3407 1064 3489 cognato
1080 3417 1154 3488 suc,

44 3513 129 3582 prauo
151 3501 268 3573 ductus
291 3505 451 3594 oonsilio,
471 3505 619 3574 rebellat.
655 3502 760 3585 Quem
783 3501 968 3571 Fridericus
990 3519 1065 3588 rex,
1083 3497 1156 3566 ire·

45 3601 86 3664 tus
105 3603 222 3672 auxilio
239 3621 373 3673 suorum
395 3607 429 3672 et
443 3605 582 3673 maxime
598 3601 637 3670 H.
652 3603 780 3670 comitis
796 3600 837 3669 de
854 3600 917 3669 Bar
933 3606 968 3668 et
986 3598 1155 3666 comitisse

46 3693 212 3793 Campanio,
230 3702 359 3771 sortiter
372 3701 555 3794 impugnat,
575 3710 607 3772 et
621 3707 731 3770 castra
751 3703 825 3769 eius
843 3699 941 3789 capit,
959 3698 1056 3767 uillas
1068 3714 1157 3782 suc-

46 3795 138 3865 cendit
157 3807 188 3869 et
205 3801 377 3892 deuastat,
397 3800 440 3870 ad
461 3803 607 3871 ultimum
621 3801 663 3870 ad
686 3799 889 3868 deditionem
916 3797 1103 3887 compellit,
1124 3801 1157 3863 ct

47 3908 139 3964 secum
155 3901 187 3968 in
202 3899 432 3970 Alemanniam
449 3901 549 3970 ducit.

105 3992 194 4067 ²inno
213 3999 546 4069 dominimccnviii.
565 4055 572 4068 .
591 4054 598 4068 .
618 3997 708 4068 Obiit
731 3995 809 4067 Otto
836 3996 944 4066 dictus
969 3997 1157 4086 imperator.

48 4083 98 4166 Qui
122 4111 188 4166 cnm
211 4098 331 4168 inisset
355 4101 611 4188 potentissimus
635 4105 668 4168 el
691 4099 733 4166 ab
758 4097 957 4166 innocentio
983 4113 1071 4186 papa
1096 4111 1156 4162 su-

48 4182 179 4263 blimatus
207 4205 240 4266 ot
269 4205 510 4289 consecratus,
542 4199 639 4268 iactis
664 4198 735 4266 suis
767 4195 981 4284 exigentibus
1011 4193 1156 4280 abipso

49 4292 90 4352 cst
108 4289 286 4366 humiliatus
312 4303 346 4367 ct
380 4296 578 4390 destitutus,
608 4305 641 4366 ot
667 4315 727 4387 per
759 4297 958 4365 sententiam
989 4294 1023 4361 in
1044 4309 1155 4378 genc-

74 4406 196 4460 cornnnrn
213 4419 325 4465 ronnas
345 4420 369 4464 a.
921 4405 954 4476 ²}

1260 2100 1262 2104 ·
1355 2088 1380 2136 Ι
