2878 4834
382 279 506 328 neroum
526 281 590 331 err.
612 282 677 328 arr.
700 281 799 328 coxon.
1078 250 1148 322 28⁷

31 523 116 592 annis
129 540 184 590 xv.
210 520 246 588 ln
262 517 360 588 domo
381 519 490 586 saneti
510 518 594 588 Petri
611 519 762 606 sepultus
776 521 837 586 est.

94 637 194 690 xxxv.
212 618 349 688 Maioris
379 617 524 687 eoelesie
549 616 699 686 deoanus
722 617 942 703 segerannus,
970 615 1057 686 sedit
1084 635 1151 686 an-

31 720 75 787 nis
98 738 137 807 x,
166 717 229 786 sub
257 715 375 788 eodem
403 717 620 804 imperatore,
654 723 688 784 et
711 717 745 784 in
772 714 890 785 eadem
916 714 1016 784 domo
1045 717 1151 786 saneti

31 819 103 886 Petri
119 815 273 904 sepultus
295 816 484 904 requiescit.

93 914 205 984 xxxvi.
229 912 457 1003 Hermonnus,
485 931 583 1000 quem
599 910 733 982 divitem
762 918 904 1004 vooant,
937 912 999 984 sub
1019 912 1151 1002 prelato

32 1016 217 1104 imperatore
232 1014 407 1085 suecessit.
433 1011 528 1082 Sedit
546 1012 642 1080 annis
663 1030 686 1082 x
706 1016 741 1080 et
761 1011 931 1082 mensibus
947 1032 978 1102 u,
999 1013 1151 1102 sepultus
1278 1068 1281 1079 .

32 1113 226 1200 inoapitolio
246 1111 387 1198 Syberg.

94 1213 215 1280 xxxvii.
231 1210 433 1299 Friderr'ous,
456 1211 506 1278 vir
528 1207 767 1299 pulcherrimus
791 1215 825 1278 et
845 1227 967 1296 magne
989 1216 1173 1280 eonstans
1216 1237 1219 1243 ·
1263 1227 1266 1235 ’
1298 1256 1301 1264 ι

35 1311 86 1398 tie,
106 1309 194 1378 adeo
217 1315 254 1378 ut
273 1327 337 1378 neo
353 1311 481 1378 timeret
500 1309 690 1398 imperatori
707 1309 881 1398 resistere,
910 1310 965 1398 qui
986 1310 1094 1396 magis
1107 1305 1151 1383 ad

35 1409 210 1478 instantiam
238 1408 378 1497 predieti
412 1409 619 1497 imperatoris
667 1415 765 1495 quarn
795 1407 940 1495 priorum
970 1408 1151 1480 eleotorum

35 1509 251 1596 episcopatum
275 1507 418 1596 adeptus
436 1512 497 1578 est.
530 1506 613 1576 Nam
632 1523 740 1593 usque
767 1504 810 1574 ad
832 1505 913 1576 illud
931 1511 1062 1596 tempus
1082 1508 1149 1582 iot-

36 1613 192 1692 peratores
210 1606 362 1684 baeulom
379 1612 413 1674 et
434 1606 591 1678 annulum
608 1603 791 1676 tradebant.
823 1602 885 1674 llio
901 1611 1016 1674 eontra
1030 1607 1150 1680 imma-

36 1722 96 1772 nem
109 1704 351 1777 multitudinem
370 1704 553 1776 Suevorum
574 1711 608 1776 et
629 1705 829 1774 bavarorum
842 1723 943 1791 parva
961 1723 1060 1774 manu
1073 1704 1151 1774 Aru

37 1802 152 1872 lernaei
170 1803 359 1890 oomlligens
377 1804 596 1892 triumphavit.
622 1800 715 1874 Sedit
729 1804 825 1873 annis
841 1821 941 1893 xxxv,
965 1803 1027 1872 sub
1043 1801 1151 1874 Hein-

38 1903 93 1969 rieo
109 1908 227 1990 quarto
247 1908 281 1974 et
301 1905 416 1990 quinto
432 1902 700 1992 imperatoribus,
722 1917 851 1990 pnuoos
874 1919 981 1972 annos
1003 1902 1150 1972 lotharii

37 2001 229 2088 inperatoris
252 2003 422 2088 attingens
430 2024 439 2090 ;
472 2019 570 2089 quem
600 2003 729 2089 etipse
757 2001 852 2068 unxit
874 2001 909 2068 iu
935 2019 1059 2090 regern,
1082 2020 1151 2073 uua

38 2117 97 2166 eum
115 2119 218 2171 uxore
240 2119 302 2170 sua
315 2099 447 2172 Riobsa.
480 2101 640 2188 Sepultus
662 2106 716 2168 est
732 2099 767 2168 irr
785 2099 941 2188 capitolio
959 2099 1100 2186 Syberg.

98 2201 230 2268 xxxviii.
248 2200 370 2292 Brono,
387 2199 577 2289 prepositus
596 2199 703 2270 saneti
720 2197 894 2286 Gereonis,
913 2199 968 2286 qui
986 2200 1150 2273 eanonioa

39 2294 185 2368 eleetioue
211 2299 355 2387 priorum
382 2303 415 2368 et
438 2291 686 2386 eapiteneorum
712 2298 746 2364 in
771 2295 950 2366 Godetrido
968 2297 1151 2371 Xanetensi

40 2398 192 2482 preposito
211 2403 364 2486 eessata,
385 2395 498 2469 lavore
515 2396 663 2488 Lotbarii
681 2397 770 2482 regis
790 2401 823 2464 et
839 2396 1090 2483 malignantium
1107 2395 1150 2469 ad

40 2495 81 2558 sut
102 2498 277 2582 pernieiem
301 2495 541 2566 inthronisatus
566 2501 627 2568 est.
652 2495 732 2564 Erat
757 2495 837 2563 mire
861 2493 1016 2565 laeuudie
1040 2504 1074 2566 et
1091 2515 1151 2566 so·

40 2589 161 2676 phistiee
184 2595 383 2684 locutionis,
414 2594 476 2664 sed
501 2594 630 2664 eadueo
655 2593 771 2664 morbo
792 2593 976 2662 laborabat.
1010 2594 1092 2664 Nom
1115 2597 1150 2664 in

40 2690 236 2776 expeditione
254 2694 368 2764 ltnliea
384 2693 574 2765 Lotharlum
591 2711 705 2780 regem
730 2693 905 2762 eomitatus
923 2692 1012 2779 apud
1029 2694 1150 2768 aarum

42 2787 187 2861 eivitatem
206 2791 327 2881 Apulia
344 2799 501 2882 presente
516 2793 715 2882 imperatore
731 2791 819 2862 obiit.
847 2790 906 2860 Cui
923 2789 1024 2878 Hugo
1042 2791 1150 2862 deee-

42 2901 93 2956 nus
109 2892 216 2960 saneti
233 2891 320 2962 Petri
338 2893 504 2962 suecessit
520 2891 659 2976 ibidem,
684 2896 717 2960 et
734 2891 776 2958 ab
794 2889 943 2958 Honorio
961 2909 1049 2980 papa
1067 2909 1151 2960 oon·

44 2993 193 3079 serratus,
220 2997 299 3078 post
315 3007 444 3080 pauoos
466 2989 539 3060 dias
558 2992 706 3079 spirltum
730 2989 915 3078 exhalavit,
934 2995 968 3057 et
983 2990 1017 3060 in
1035 2989 1152 3063 eadent

44 3083 108 3154 urbe
124 3105 195 3164 eum
214 3088 343 3176 prelato
361 3090 517 3158 Bronone
535 3089 714 3160 tumulatus
732 3094 793 3158 est.

102 3189 208 3256 xxxix.
226 3183 393 3258 Arnoldus
417 3188 523 3259 saneti
546 3185 679 3258 Andree
706 3187 895 3276 prepositus
914 3185 1001 3255 sedit
1018 3189 1114 3258 annis
1131 3207 1154 3258 x

46 3281 95 3376 sub
117 3283 269 3358 torreto
294 3305 385 3374 rege.
424 3285 488 3368 Qui
507 3287 541 3356 in
558 3287 719 3376 principio
737 3285 897 3375 idoneus,
922 3292 1041 3374 postea
1065 3287 1154 3374 oepit

46 3379 205 3476 tileseere,
231 3385 364 3456 tandem
387 3384 477 3474 apud
498 3385 685 3472 Eugenium
702 3403 823 3474 papam
841 3383 883 3454 de
902 3385 1044 3456 simonia
1061 3383 1112 3454 ini
1131 3419 1152 3436 -

47 3485 134 3550 uatus
151 3489 219 3573 eut,
238 3491 272 3552 et
288 3485 330 3556 ab
349 3482 460 3554 albeto
478 3501 677 3574 suspensus.
695 3483 854 3573 Sepultus
874 3489 926 3552 ast
944 3483 1032 3574 apud
1050 3499 1152 3554 sano·

46 3579 98 3646 tun
113 3578 284 3654 lauream.

106 3678 143 3748 xl.
159 3679 346 3772 Arrroldus,
373 3682 480 3752 semoti
505 3681 592 3750 Petri
611 3681 802 3770 propositus
821 3685 854 3752 et
870 3681 997 3770 imperii
1014 3680 1152 3750 oauael-

49 3769 148 3867 larius,
170 3782 220 3850 vir
236 3779 399 3868 probitate
417 3781 624 3869 compositus
643 3786 677 3850 et
693 3779 837 3854 idoneus
856 3781 998 3850 oonsilio
1018 3783 1051 3848 et
1068 3797 1152 3868 pru-

52 3867 159 3966 dentia,
181 3880 339 3950 violentis
357 3879 536 3950 resistebat
553 3885 587 3948 et
604 3879 834 3950 eoolesiastioa
851 3879 921 3950 iura
940 3877 1155 3962 defendebat.

53 3967 116 4040 Cum
130 3975 289 4048 lriderioo
306 3980 503 4068 imperatore
521 3975 656 4048 llornam
673 3977 842 4067 proieetus
861 3984 922 4048 est.
943 3977 1039 4048 Sedit
1056 3979 1152 4049 annis

54 4070 174 4160 quinque
201 4077 264 4146 sub
295 4075 415 4146 eodem
448 4079 665 4168 imperatore,
706 4083 740 4148 et
765 4079 799 4147 in
826 4077 970 4146 eoelesla
994 4075 1151 4165 Rindorp,

55 4181 133 4250 llam
147 4173 214 4262 ipse
233 4175 344 4246 multis
363 4177 566 4246 ornamentis
584 4176 772 4268 deauravit,
792 4177 943 4266 sepultus
963 4182 1024 4246 est.

112 4271 158 4340 xli.
173 4273 377 4367 Friderioas,
402 4276 508 4344 saneti
531 4275 683 4366 Gregorii
700 4277 911 4368 prepositus,
938 4275 1024 4346 ilios
1042 4273 1151 4346 iratris
