2890 4832
282 253 353 324 358
639 282 678 328 ax
699 282 865 331 counrmno
886 278 1065 330 conontsssv.

199 429 266 485 122⁵
284 421 390 510 ipsius
418 419 647 489 miserabiliter
673 420 862 491 tmcidatur.
888 420 1059 510 Siquidem
1075 420 1140 488 iam
1164 418 1271 488 dictus
1295 435 1398 486 comes

280 520 427 607 regalem
449 520 625 588 ecclesiam
646 521 680 588 in
701 519 856 610 Esende,
883 522 979 588 ouius
1001 520 1089 588 idem
1120 517 1303 587 advocatus
1325 523 1398 604 crat,

279 620 429 688 violenta
451 621 673 708 oppressione
693 619 880 710 lacerabat,
898 619 1050 688 homines
1070 618 1158 687 dicte
1180 617 1320 686 ecclesie
1339 616 1397 683 du-

280 720 421 786 rissimis
447 719 593 805 angariis
620 726 654 786 et
676 720 884 807 parangariis
911 717 1102 806 affligendo.
1137 715 1244 797 Quem
1269 733 1338 783 cum
1362 714 1397 780 ab

281 817 345 884 hac
373 817 491 884 iniuria
518 817 708 906 prohiberet
735 818 1027 907 archiepiscopus,
1054 818 1110 905 qui
1136 822 1215 883 tuuc
1239 813 1398 882 Teutonici

281 917 377 1002 regni
403 917 537 985 tutelam
560 916 709 1004 gerebat,
729 935 842 985 comes
862 935 931 984 non
949 916 1061 984 ferens
1076 915 1202 984 frenum
1220 931 1281 982 sue
1296 920 1399 1001 tyran-

281 1014 381 1105 nidis,
399 1022 536 1083 mortem
553 1015 797 1104 archiepiscopi
815 1017 1029 1104 machinatur,
1049 1014 1091 1083 ad
1107 1014 1172 1082 hoc
1188 1014 1295 1081 eciam
1310 1017 1344 1079 ut
1356 1009 1399 1079 di·

282 1116 366 1182 citur
383 1133 403 1182 a
421 1115 530 1181 multis
546 1113 728 1204 nobilibus,
748 1133 888 1202 quorum
904 1114 1091 1204 superbiam
1109 1113 1312 1180 fortissimus
1328 1128 1398 1199 pra·
1435 1125 1436 1132 ³

283 1214 335 1281 snl
353 1214 563 1303 contriverat,
581 1215 755 1282 animatus.
775 1214 928 1302 Denique
948 1214 1103 1282 domnum
1122 1211 1398 1299 archiepiscopum

282 1311 476 1380 redeuntem
493 1331 612 1380 versus
626 1313 799 1381 Coloniam
817 1332 837 1381 a
855 1313 991 1381 Sosatia
1010 1310 1134 1401 oppido
1149 1308 1330 1379 Westfalie
1346 1325 1400 1375 oo·
1433 1343 1437 1444 ,

282 1412 417 1479 mitulus
442 1410 566 1480 infelici
591 1414 820 1502 grassatione,
851 1411 981 1480 habens
1003 1429 1117 1480 secum
1143 1409 1400 1496 vigintiquinque
1431 1466 1435 1487 ,

283 1511 447 1577 scutarios
472 1509 515 1577 ad
532 1515 657 1578 tantum
676 1512 789 1580 scelus
810 1510 1002 1600 expeditos,
1021 1511 1067 1578 nil
1087 1509 1154 1577 tale
1175 1509 1400 1596 suspicantem,
1432 1506 1437 1568 ἓ

283 1609 363 1696 quia
379 1608 567 1677 huiusmodi
585 1611 811 1697 suspicionem
832 1617 866 1678 et
884 1611 1033 1697 ingenita
1050 1607 1192 1676 audacia
1216 1613 1251 1674 et
1265 1605 1401 1674 naturale

283 1706 381 1775 fedus
411 1710 713 1794 consanguinitatis
741 1709 783 1778 ab
817 1710 1070 1798 archiepiscopo
1096 1705 1307 1794 removebat,
1337 1705 1402 1772 licet
1432 1720 1437 1826 p

284 1811 360 1874 ante
379 1824 508 1894 paucos
524 1806 596 1876 dies
610 1826 670 1896 per
691 1808 852 1897 quasdam
870 1809 995 1877 litteras
1015 1808 1078 1876 sibi
1100 1806 1319 1874 transmissas
1337 1802 1401 1870 fue·
1431 1832 1435 1901 3

283 1907 324 1972 rit
345 1906 561 1994 premonitus.
600 1897 719 1996 ltaque
744 1913 876 1996 arrepto
896 1909 973 1976 loco
993 1906 1033 1976 'et
1055 1913 1201 1994 tempore
1225 1909 1401 1992 opportuno
1432 1924 1437 2013 p

283 2022 351 2072 non
365 2005 469 2090 longe
487 2023 506 2072 a
524 2005 680 2093 villaque
697 2005 830 2075 Suelme
848 2008 1046 2096 nominatur,
1063 2005 1230 2094 presulem
1246 2001 1337 2070 idem
1353 2018 1401 2068 co
1431 2040 1436 2062 a

282 2121 355 2172 mes
380 2121 454 2170 cum
481 2103 680 2190 quibusdam
706 2106 777 2173 suis
800 2105 998 2175 consiliariis
1023 2104 1168 2172 cruentis
1192 2099 1401 2187 carnificibus,
1434 2129 1437 2194 r

283 2201 386 2269 latero
403 2203 476 2269 eius
493 2203 649 2289 perfosso
666 2205 849 2273 sceleratos
866 2205 1004 2272 sicarios
1022 2205 1055 2271 in
1074 2207 1211 2271 mortem
1228 2201 1337 2289 ipsius
1351 2215 1400 2266 cx·
1436 2197 1437 2224 ³

283 2301 441 2368 hortatur.
469 2299 530 2381 Qui
547 2303 580 2370 in
599 2321 674 2370 eum
689 2304 850 2372 irruentes
869 2302 990 2390 gladiis
1005 2309 1038 2370 et
1053 2300 1256 2390 pugionibus
1278 2299 1401 2385 triginta

285 2405 361 2467 coto
388 2398 500 2487 plagis
523 2401 630 2488 ipsum
655 2401 861 2471 confodiunt.
891 2400 965 2470 Hoc
990 2401 1078 2469 facto
1104 2400 1220 2487 recipit
1243 2416 1281 2466 se
1301 2411 1400 2466 comes
1434 2395 1436 2458 ζ

285 2516 359 2566 cum
385 2500 455 2566 suis
480 2499 515 2567 in
539 2505 682 2568 castrum
700 2500 871 2586 lsenberg.
897 2500 994 2569 lacet
1011 2498 1123 2568 nobile
1145 2515 1269 2586 corpus
1296 2497 1401 2565 deser·
1433 2489 1436 2584 l

284 2604 352 2664 tum
370 2597 411 2665 ab
430 2600 594 2667 omnihus.
627 2599 710 2668 Nam
729 2607 798 2668 tota
816 2600 938 2668 familia
957 2600 1133 2668 conterrita
1152 2604 1217 2664 tam
1240 2597 1399 2684 inopinato
1433 2615 1436 2665 l

285 2697 414 2765 scelere
433 2697 623 2787 aufugerat,
643 2705 786 2787 excepto
805 2716 907 2788 parvo
929 2698 1063 2768 servulo
1082 2697 1138 2786 qui
1157 2696 1254 2763 solus
1273 2694 1401 2762 cadaver
1433 2689 1436 2824 Ι

285 2795 409 2863 domini
436 2797 624 2866 custodivit.
657 2798 762 2866 Nocte
790 2797 989 2866 adveniente
1015 2797 1081 2865 duc
1104 2793 1266 2881 indigene
1283 2795 1318 2861 in
1336 2794 1399 2877 biga
1434 2837 1435 2842 ,

284 2912 405 2983 corpus
431 2894 585 2986 deferunt
609 2896 804 2985 reponendo
829 2899 863 2965 in
884 2898 1028 2966 ecclesia
1047 2895 1197 2984 Suelme,
1224 2911 1325 2981 quam
1341 2893 1398 2979 ipse

285 2995 439 3080 sequenti
465 2993 630 3064 dominica
656 3002 726 3064 erat
750 3003 1015 3065 consecraturus.
1042 2992 1147 3076 Quam
1173 2993 1216 3060 ob
1235 3010 1304 3059 rem
1324 2999 1398 3058 ctea

285 3090 339 3158 dic
366 3110 431 3178 qua
457 3095 592 3162 occisus
617 3101 670 3162 est
694 3095 943 3164 confessionem
963 3095 1004 3186 dc
1022 3093 1171 3182 pcccatis
1190 3092 1262 3160 suis
1281 3090 1398 3160 fecerat.

284 3189 422 3257 Postera
448 3189 502 3258 die
527 3192 656 3261 ducitur
679 3193 722 3261 ad
740 3195 915 3262 cenobium
933 3195 1116 3280 Bergense.
1140 3190 1204 3259 Ubi
1222 3209 1242 3258 a
1261 3188 1397 3258 fratribus

283 3288 351 3357 looi
369 3306 489 3378 corpus
504 3309 578 3359 cum
594 3293 722 3378 ingenti
740 3292 818 3360 fletu
836 3299 1005 3381 receptum
1019 3289 1221 3360 aromatibus
1235 3289 1397 3374 conditum,

285 3393 319 3455 et
335 3388 500 3458 luctuosis
526 3392 649 3478 vigiliis
675 3391 787 3459 addita
809 3392 1009 3480 psalmorum
1027 3389 1170 3458 melodia
1188 3393 1242 3456 est
1259 3384 1396 3456 custodi·

284 3492 360 3555 tum.
386 3487 450 3556 Uhi
476 3489 607 3576 quidam
632 3488 765 3557 fratrum
789 3496 951 3559 testantur
976 3508 1014 3558 se
1032 3489 1205 3576 angelieas
1231 3504 1334 3555 voces
1350 3501 1396 3551 an·

285 3585 387 3656 disse.
406 3585 545 3668 Quidam
560 3590 662 3656 eciam
679 3587 778 3657 frater
790 3588 1058 3658 eundemeadem
1072 3589 1154 3656 hora
1173 3585 1236 3654 sibi
1250 3587 1284 3653 in
1299 3601 1395 3670 sonp-

283 3687 336 3752 nis
355 3694 569 3774 apparentem
587 3685 670 3756 vidit
688 3696 721 3756 et
739 3688 921 3758 dicentem:
947 3705 983 3756 ae
1002 3687 1213 3773 productilia
1231 3681 1396 3769 triumplu·
1432 3759 1433 3776 ,

285 3783 348 3849 lem
370 3788 522 3874 martyrii
547 3787 700 3854 laureum
721 3791 890 3856 meruisse.
915 3788 1076 3856 Intestina
1094 3787 1165 3854 eius
1183 3783 1307 3851 ibidem
1324 3780 1393 3850 snb·
1432 3785 1433 3810 l

285 3887 404 3949 terrata
424 3890 510 3952 sunt.
536 3885 574 3952 ln
591 3886 706 3972 vigilia
724 3889 831 3956 sancti
850 3883 982 3954 Martini
1000 3886 1187 3974 preciosum
1205 3899 1325 3970 corpus
1340 3879 1392 3947 Co·

284 3979 407 4047 lonium
440 3982 624 4052 adducitur.
663 3986 725 4054 Ubi
751 4005 824 4054 cum
850 3985 1059 4054 inenarrabili
1086 3982 1166 4052 fletu
1193 3988 1226 4050 et
1249 3980 1394 4048 eiulatus

286 4077 375 4145 olero
402 4086 435 4146 et
459 4082 584 4169 populo
612 4089 664 4151 est
681 4091 849 4171 receptum
869 4091 902 4152 et
919 4087 953 4152 in
972 4083 1117 4151 ecclesia
1135 4081 1224 4148 beati
1244 4080 1327 4148 Petri
1343 4074 1392 4143 de-

284 4178 439 4264 positum.
465 4179 527 4246 Ubi
554 4180 660 4249 eidem
678 4183 829 4268 gloriosa
848 4183 959 4250 tumba
976 4187 1028 4250 est
1046 4187 1156 4248 erecta
1167 4232 1176 4267 ‚
1196 4177 1392 4248 crebrescen-

286 4275 373 4342 tibus
400 4275 443 4344 ad
466 4277 609 4346 tumbam
636 4281 707 4348 eius
726 4281 849 4350 cotidie
871 4281 1036 4350 miraculis
1056 4283 1089 4348 et
1106 4277 1300 4367 virtutibus,
1323 4288 1393 4343 non·
1431 4319 1432 4374 ,

1431 4379 1432 4422 l
