2890 4832
208 309 211 314 .
279 234 350 304 370
637 263 674 308 ιιι
695 262 860 310 uoorrmoo
882 227 1057 310 concurrum.

197 415 263 472 tneo
279 402 454 472 Mantuani
469 403 503 470 in
521 399 632 470 odium
646 401 857 488 imperatoris
876 399 960 469 lmes
977 393 1140 470 invadunt
1153 399 1395 490 veronensium,
1434 392 1439 457 l

275 501 473 571 obsidentes
499 505 642 569 castrum
667 498 759 587 quod
782 498 899 567 dieitur
921 497 1003 588 Ripa
1024 501 1101 569 ulta.
1128 499 1233 586 Igitur
1249 499 1394 568 Enelimns
1434 495 1441 554 l

274 601 494 670 virmilitaris
518 600 603 667 inter
632 599 849 666 veronenses
878 600 999 681 maior,
1023 600 1153 668 monetis
1174 599 1287 668 missis
1308 600 1394 666 auxi-
1440 607 1441 652 t

274 700 353 768 lium
366 698 519 788 implorat
535 699 753 786 imperatoris.
772 696 1035 786 Quirespondlt:
1051 715 1089 766 se
1107 700 1170 786 lpsi
1185 697 1394 787 personaliter
1440 707 1441 752 ι

276 816 518 867 succursurum.
544 796 640 866 Unde
663 795 847 865 incredibili
875 797 1044 864 celeritate
1071 815 1091 864 a
1113 797 1278 866 Cremona
1297 813 1394 883 usone
1440 806 1441 850 l

274 897 441 966 Veronam
458 897 557 964 unios
576 895 642 964 diei
664 901 697 963 et
718 897 828 964 noctis
852 897 960 984 spatio
979 913 1074 964 suam
1094 897 1241 964 militiam
1260 893 1395 964 adduxit
1440 907 1441 950 t

274 996 377 1066 Mane
397 995 486 1064 lacto
503 1002 613 1063 eastra
630 995 733 1062 movit
746 995 925 1082 imperator
941 995 1119 1086 adversum
1134 995 1264 1063 hostes.
1291 991 1396 1082 Appa-

274 1095 423 1164 rentibus
456 1101 565 1163 autem
589 1095 696 1180 signis
721 1093 947 1182 imperialibus
973 1101 1039 1162 tam
1062 1095 1235 1182 inopinato
1258 1099 1397 1181 ternpore
1440 1141 1441 1148 ι

273 1195 404 1263 attoniti
422 1199 501 1262 sunt
515 1193 643 1282 hostes,
662 1199 696 1260 et
713 1193 837 1260 relictis
852 1192 1054 1260 tentoriisad
1070 1195 1202 1282 proprie
1216 1210 1318 1260 cursu
1330 1209 1397 1280 pre·
1440 1213 1441 1236 t

274 1294 365 1382 cipiti
391 1297 587 1361 remearunt.
614 1292 735 1359 Verum
761 1293 955 1384 imperatur,
982 1292 1028 1358 nil
1046 1291 1187 1360 credens
1204 1297 1318 1360 aetum
1334 1309 1397 1359 oum

274 1391 353 1480 quid
371 1399 512 1460 restaret
529 1389 716 1479 agendum,
740 1391 943 1478 preveniens
968 1408 1101 1458 cursum
1118 1391 1266 1459 hostium
1287 1389 1330 1458 ad
1354 1390 1397 1456 ei·
1440 1402 1441 1448 l

272 1493 408 1560 vitatem
426 1490 634 1558 Vincentlam
651 1491 821 1578 pervenit,
840 1495 874 1558 et
891 1490 995 1578 primo
1013 1491 1180 1558 incautam
1195 1495 1231 1557 ιι
1248 1495 1435 1576 tanquan·

273 1591 365 1657 eires
386 1590 539 1677 proprios
562 1589 681 1656 milites
707 1589 937 1677 recipientem,
963 1589 1043 1656 lieet
1063 1595 1183 1702 postea
1201 1587 1330 1655 trustra
1352 1603 1398 1654 re·
1440 1611 1441 1646 ι

273 1691 465 1778 sistentem,
489 1689 578 1776 oepit
595 1694 629 1756 et
647 1688 725 1774 igne
745 1688 910 1778 incendit,
937 1689 1041 1774 vulgo
1056 1688 1099 1756 ad
1115 1689 1275 1756 maiorem
1292 1687 1441 1754 ιιιιι-
1440 1709 1441 1745 ι

273 1788 356 1854 siam
374 1786 588 1873 conlugierrte
606 1793 643 1854 ut
660 1803 699 1854 se
722 1785 845 1855 ibidem
867 1787 1046 1856 salvarent.
1073 1785 1221 1854 Tandem
1239 1785 1398 1853 incendiis
1431 1794 1441 1844 l

273 1886 522 1974 quiescentibus
532 1887 828 1974 imperatorquiete
839 1887 1004 1954 civitatem
1015 1886 1201 1974 occupavit,
1211 1886 1293 1952 etin
1308 1883 1398 1952 domo
1431 1884 1441 1953 l

271 1986 457 2074 episcopali
473 1986 690 2073 pernoctavit.
717 1983 829 2052 Rebus
851 1987 966 2072 itaque
985 1986 1054 2052 suls
1071 1984 1193 2052 ibidem
1209 1985 1245 2050 in
1261 1984 1399 2070 Longo·
1431 1975 1441 2045 ι

270 2083 384 2154 burdin
411 2083 597 2178 dispositis,
623 2090 657 2151 et
680 2088 773 2171 parte
800 2086 968 2152 exercitus
995 2085 1047 2151 sui
1073 2085 1202 2178 relicta,
1227 2085 1399 2170 imperator
1432 2092 1441 2153 l

270 2183 466 2270 regrediens
492 2182 536 2250 ad
561 2181 729 2251 Austriam
753 2181 901 2251 declinat
909 2232 918 2272 ,
938 2189 980 2250 et
1001 2181 1089 2270 apud
1108 2183 1289 2250 Wiemnam
1309 2180 1398 2249 nobi·
1431 2205 1441 2228 u

269 2283 335 2350 lom
352 2280 485 2350 dustrie
504 2284 670 2349 civitatem
687 2281 876 2372 hiemando,
895 2281 936 2350 de
955 2288 1045 2349 stulu
1062 2280 1212 2350 eiusdem
1232 2287 1323 2349 terre
1341 2279 1396 2346 sibi
1435 2285 1441 2341 l

269 2395 377 2470 nuper
394 2381 572 2468 subiugate
592 2381 760 2466 sagaciter
777 2380 910 2448 ordinat
926 2387 961 2449 et
978 2382 1049 2448 suis
1066 2382 1179 2448 munit.
1440 2397 1441 2440 3

343 2477 443 2548 Anno
462 2478 586 2548 domini
603 2495 643 2546 m.
646 2481 827 2551 eeMxxxuii.
842 2479 1028 2549 Patriaroha
1044 2478 1273 2548 Jacobitarurn
1293 2479 1441 2547 oriem
1435 2473 1436 2477 ’

269 2578 399 2668 tellum,
417 2579 467 2646 vir
483 2578 686 2647 venerabilis
706 2583 768 2646 otc
1440 2595 1441 2610 ι

341 2674 512 2747 Antehac
536 2684 667 2766 tempus
692 2675 794 2744 irater
810 2675 977 2746 Jordanus
996 2677 1154 2762 magister
1171 2675 1304 2745 ordinis
1323 2675 1441 2743 Pro

269 2773 469 2866 dicatorum,
493 2776 627 2845 rediens
645 2795 665 2844 a
683 2775 831 2864 partibus
849 2777 1093 2865 transmarinis,
1118 2773 1298 2861 naufragio
1316 2790 1395 2842 mor-

268 2879 335 2944 tem
352 2877 488 2944 inonrn't
505 2894 578 2943 oum
596 2874 728 2944 duobus
749 2875 902 2943 iratribus
920 2881 954 2942 et
972 2874 1044 2942 aliis
1063 2827 1348 2960 te'remonagintu.
1363 2871 1395 2939 llt
1440 2911 1441 2934 ι

268 2974 302 3040 in
327 2974 438 3042 littore
464 2974 622 3042 Barbarie
648 2991 768 3062 corpus
797 2974 870 3041 eius
889 2979 941 3041 est
958 2974 1146 3062 inventum,
1167 2971 1222 3040 ubi
1241 2973 1394 3040 Domiuns
1440 2991 1441 3035 ι

267 3089 330 3160 per
344 3073 452 3158 ipsum
471 3073 621 3158 gloriosa
638 3073 796 3140 miracula
814 3078 977 3160 operatur.
1440 3121 1441 3132 ,

341 3169 469 3238 Eodem
496 3189 584 3240 anno
609 3170 792 3240 Fridericus
817 3173 996 3260 imperator
1022 3169 1064 3238 ab
1091 3165 1226 3237 dustria
1251 3165 1394 3238 aseendit

267 3283 377 3356 usque
394 3267 624 3359 Rutisponam,
643 3269 846 3358 principibus
865 3269 954 3358 apud
970 3269 1119 3356 Spireum
1139 3267 1182 3336 ad
1200 3267 1394 3356 colloquium

268 3369 430 3437 evocatis.
456 3368 518 3437 Ubi
540 3384 614 3436 cum
639 3368 772 3456 qrridum
790 3370 956 3457 principes
975 3368 1220 3436 convenissent
1237 3367 1282 3434 ab
1301 3384 1342 3434 eo
1358 3363 1393 3432 ad
1438 3395 1439 3400 ,

267 3468 457 3536 convivium
480 3468 667 3536 invitantur.
693 3467 808 3536 Filium
836 3467 940 3535 eciam
965 3485 1060 3534 suum
1083 3465 1276 3533 Conradum
1293 3464 1392 3532 adbuc

265 3585 414 3656 puerum,
427 3568 519 3654 prius
533 3568 566 3633 io
580 3565 716 3634 Austria
725 3584 837 3652 regem
848 3566 1034 3633 Tbeutonie
1048 3563 1274 3654 designatum,
1290 3564 1391 3632 denuo

267 3664 409 3752 ab‘ipsis
428 3665 556 3734 obtinet
573 3665 758 3753 approbari.
791 3665 954 3732 Ducatum
972 3665 1077 3732 eeiam
1094 3662 1231 3732 Austrie
1251 3669 1285 3731 et
1303 3662 1391 3730 Stirie

267 3763 355 3850 apud
373 3764 552 3832 Wiennam
569 3763 718 3832 Romano
736 3765 873 3852 imperio
891 3761 1076 3851 adiecerat,
1095 3779 1236 3850 quorum
1255 3761 1392 3830 valentia

267 3862 471 3930 transcendit
496 3864 672 3949 sexaginte
694 3879 876 3930 marcarum
894 3861 994 3928 millia
1011 3862 1189 3928 annuatim.
1217 3859 1286 3930 Sed
1302 3863 1390 3948 post·

266 3958 399 4028 modum
422 3961 566 4030 eundem
587 3961 742 4030 ducatum
761 3961 836 4029 duci
852 3959 986 4030 Adstrie
1005 3961 1129 4028 remisit
1147 3978 1223 4028 cum
1240 3961 1345 4049 ipsum
1360 3959 1388 4022 in

266 4059 405 4143 gratiam
423 4062 617 4148 recepisset.

339 4158 467 4226 Eodem
493 4177 581 4227 uano
607 4159 782 4248 Templarii
806 4158 1013 4226 transmarini
1032 4157 1202 4244 quoddam
1220 4163 1389 4225 castrume

268 4254 459 4324 sarracenis
477 4257 756 4326 obsessumiuxta
769 4263 888 4326 terram
904 4255 1043 4346 Halapie
1055 4257 1212 4326 volentes
1229 4255 1387 4337 redimere,
