2886 4834
436 225 564 302 annarias
585 257 822 305 nacrnrmcasas:
1109 235 1173 302 lol

58 395 138 463 terim
163 392 335 481 Philippus
363 396 542 463 exercitum
568 395 732 481 colligens
750 395 912 468 Alsatiam
937 399 1048 490 petiit,
1077 418 1174 470 omne
1194 414 1261 468 alea

58 494 242 560 irumentum
266 495 300 560 in
326 511 439 560 messe
457 494 696 584 pessundedit,
724 495 934 564 Molleslreim
952 499 1178 586 expugnando

57 593 211 682 cremavit,
232 591 307 660 solo
328 593 494 661 cemiterio
512 595 546 660 in
565 593 767 662 deditionem
784 603 938 685 recepto,
963 597 1179 686 Heldenbnrg

56 691 221 778 presidium
241 693 340 780 cepit,
360 693 559 759 cemiterium
576 692 689 780 Epiaci
703 691 876 785 confregit,
892 713 1008 764 omnes
1027 697 1179 766 homines

56 790 302 875 ,lrgenlinensis
329 792 479 878 episcopi
506 797 539 858 et
563 793 692 858 comitis
718 792 759 860 de
779 793 987 882 Tagesburg,
1007 797 1062 882 qui
1087 804 1180 863 erant

56 891 241 956 assentanei
261 887 393 956 Orionis
418 892 523 978 regis,
550 896 708 958 ettotam
732 891 918 960 inferiorern
941 891 1103 962 Alsatiam
1127 897 1180 963 in-

56 987 163 1055 cendio
184 995 217 1054 ct
235 990 351 1076 rapina
367 989 521 1055 vastavit.
554 988 635 1056 lnde
653 989 841 1076 procedens
860 993 983 1060 curiam
999 992 1179 1079 Maguncie

55 1106 117 1154 cum
136 1089 209 1154 suis
236 1086 422 1154 fautoribus
448 1089 482 1154 in
509 1090 738 1176 assumptione
756 1088 854 1156 beate
873 1089 977 1158 ltlarie
998 1087 1093 1181 [ang.
1114 1089 1178 1183 15]

55 1185 167 1253 habuit.
203 1185 265 1253 l'bi
297 1204 316 1252 a
342 1185 490 1272 pluribus
520 1187 724 1274 principibus
755 1189 981 1276 sollempniter
1007 1191 1180 1258 electusa

2 1365 3 1370 Ἰ
56 1284 235 1352 Trevironsi
255 1287 432 1373 episcopo,
458 1286 513 1372 qui
531 1287 596 1352 iarn
613 1286 729 1354 relicto
748 1288 813 1355 alio
833 1289 936 1355 eciem
955 1287 1042 1357 hunc
1061 1290 1179 1374 elege-

57 1391 112 1473 rat,
138 1401 207 1450 una
227 1401 301 1450 cum
320 1377 532 1451 Tarentano1
560 1383 833 1474 archiepiscopo,
862 1389 916 1473 qui
935 1387 1012 1454 loco
1031 1388 1179 1474 ltlagun·

56 1484 186 1549 licensis
213 1483 456 1570 archicpiscopi
482 1484 609 1550 accitus
629 1489 715 1574 erat,
742 1485 900 1552 inunctus
920 1491 983 1552 est.
1025 1485 1077 1554 ald
1097 1505 1180 1554 can·

2 1585 3 1588 ’
56 1581 119 1647 dem
137 1583 262 1649 curiam
280 1581 449 1669 Philippus
468 1600 526 1648 rex
544 1579 736 1650 Ottocarum
755 1582 873 1652 ducem
891 1583 1049 1653 Bohemie
1068 1604 1181 1672 regem

54 1680 132 1768 lecit,
151 1679 241 1748 datis
261 1679 323 1747 sibi
342 1687 375 1748 et
391 1682 485 1748 uxori
504 1699 564 1747 sue
584 1683 727 1749 coronis.

119 1797 154 1862 ln
173 1798 252 1884 ipso
270 1803 417 1883 tempore
429 1796 626 1864 Constantia
644 1799 830 1885 imperatrix
848 1800 881 1866 in
894 1799 1006 1866 Sicilia
1023 1798 1181 1867 defuncta

57 1901 114 1983 est,
150 1901 184 1962 et
212 1896 299 1962 lrlius
323 1894 506 1963 Fridericus
533 1902 611 1982 post
637 1897 758 1964 multos
783 1897 918 1966 labores
945 1896 1065 1964 ibidem
1093 1899 1181 1986 cepit

53 2012 193 2078 regnare.

118 2091 217 2160 rlnno
245 2093 446 2159 mcxcviiii.
473 2111 532 2159 rcx
550 2093 718 2181 Philippus
740 2095 855 2162 iterum
874 2094 1015 2160 collecto
1034 2094 1181 2160 exercitu

53 2198 191 2278 tempore
211 2193 333 2258 messis
351 2187 512 2258 Alsatiam
529 2193 623 2279 petiit
642 2197 675 2260 et
696 2210 793 2260 omne
817 2191 1015 2259 frumentum
1032 2209 1180 2279 possun-

54 2289 153 2378 dcdit,
174 2289 335 2357 adversas
354 2290 472 2358 domos
490 2294 524 2358 ln
542 2289 689 2358 Rubiaco
708 2291 888 2380 confregit,
915 2291 1016 2357 multa
1033 2289 1179 2378 presidia

3 2455 4 2458 ,
53 2386 302 2474 argentinensis
328 2389 479 2476 episcopi
504 2395 537 2456 et
555 2391 683 2457 comitis
701 2388 828 2458 Alberti
846 2389 1026 2477 destruxit,
1053 2391 1179 2477 ipsam-

54 2505 110 2572 que
129 2486 457 2555 civitatem'obsedit.
493 2487 642 2556 Tandem
668 2487 889 2557 mediantibus
907 2487 1065 2555 Bcrtoldo
1093 2487 1179 2554 duce

6 2639 7 2642 ,
53 2585 89 2652 de
105 2583 273 2672 Zeringen
292 2592 324 2654 et
342 2587 414 2654 aliis
433 2587 543 2653 multis
562 2587 781 2675 principibus,
801 2586 877 2653 talis
897 2587 1095 2674 compositio
1114 2604 1178 2672 pa-

53 2685 95 2750 cis
112 2687 197 2752 inter
215 2703 328 2771 regem
346 2690 380 2752 et
398 2684 881 2773 episcopumArgentinensem
900 2684 988 2752 laeta
1007 2691 1068 2771 est,
1089 2682 1179 2770 quod

5 2779 7 2819 ²
52 2782 208 2852 beneficia
234 2802 298 2870 que
324 2789 418 2872 pater
444 2789 477 2851 et
501 2784 600 2852 lratcr
625 2803 707 2852 suus
733 2784 775 2851 ab
802 2784 975 2871 episcopio
1002 2788 1179 2849 tonuerunt

5 2872 6 2931 l
54 2882 235 2950 omnimode
259 2882 362 2950 libera
388 2882 603 2971 dimitterent,
632 2889 664 2950 et
691 2885 872 2971 episcopus
899 2881 929 2949 ei
947 2881 990 2948 ad
1007 2880 1181 2949 retinenda

4 2973 6 3032 'f
52 2983 137 3066 regni
156 2981 384 3067 gubernacula
401 2999 460 3068 pro
479 2998 583 3069 posse
603 2981 740 3050 lavaret.

918 3059 924 3086 l

5 3129 6 3132 ¹
117 3097 198 3164 lnde
218 3097 431 3185 expeditione
452 3099 539 3166 lacta
558 3099 735 3165 exercitum
754 3115 872 3166 versus
886 3093 1088 3184 llqarisgrani
1106 3115 1179 3163 mo-

53 3197 110 3282 rit,
129 3202 231 3284 atque
250 3195 427 3264 Mosellam
447 3195 579 3264 lluvium
599 3199 737 3264 transiit.
784 3195 852 3264 Sed
878 3195 955 3264 inde
975 3195 1098 3262 inlecto
1117 3213 1180 3261 ne-

53 3295 136 3375 gotio
155 3295 271 3383 rediit,
292 3295 502 3363 obstantibus
522 3295 584 3386 sibi
603 3291 726 3363 Ottone
745 3313 825 3381 rege
845 3301 877 3362 et
896 3293 1078 3362 fautoribus
1098 3295 1178 3360 suis.

5 3407 6 3422 ³
52 3391 166 3460 Habuit
192 3401 345 3481 preterea
378 3412 534 3480 magnum
562 3401 764 3463 conventum
790 3395 972 3482 principum
998 3391 1087 3480 apud
1111 3391 1178 3458 Ba-
1285 3426 1288 3433 ·

53 3489 211 3580 benberg,
238 3492 295 3559 ubi
321 3495 411 3560 multi
431 3493 582 3581 episcopi
610 3498 642 3561 et
661 3492 933 3580 Saltaburgensis
952 3491 1178 3576 archicpisco-

5 3585 12 3606 ''
53 3608 106 3674 pus
125 3591 227 3658 alluit,
263 3591 325 3659 Ubi
350 3595 421 3679 ipsc
441 3611 514 3660 cum
535 3593 704 3679 episcopis
733 3609 813 3658 ossa
840 3591 947 3658 sancti
973 3587 1117 3655 lleinrici
1146 3596 1179 3655 ot

4 3681 5 3750 ᾖ
53 3697 156 3757 sancte
173 3689 395 3776 llunegundis
413 3692 619 3778 levaverunt,
635 3691 722 3758 sicut
739 3689 781 3756 ab
799 3689 995 3757 Innocentio
1013 3705 1100 3774 papa
1119 3705 1177 3754 ca-

54 3789 188 3855 nonisati
208 3789 354 3877 lucrant,
375 3795 408 3856 et
425 3789 573 3878 pluribus
592 3789 756 3856 miraculis
775 3789 865 3877 prius
885 3793 1152 3855 coruscaverunt.

115 3888 152 3954 ln
171 3884 292 3955 eodem
318 3906 406 3955 anno
433 3893 509 3954 ante
534 3887 738 3956 nativitatem
758 3886 880 3955 domini
900 3886 1106 3954 combustum
1126 3891 1177 3952 ost

54 3987 277 4053 nonasterium
294 3985 509 4072 Hohenburg.

4 4131 5 4138 κ
116 4083 213 4152 Anno
233 4082 356 4152 domini
375 4103 465 4153 mcc.
485 4081 563 4153 Otto
583 4103 714 4176 corrreS,
743 4085 841 4154 lrater
859 4083 997 4174 Philippi
1016 4086 1104 4169 regis
1115 4136 1123 4172 ,
1144 4085 1176 4148 in

83 4256 108 4322 l)
124 4255 321 4312 Tarenlasiansi
341 4257 420 4313 sollte
439 4275 468 4312 cs
487 4258 604 4313 hoissen.
