2890 4832
266 214 335 284 322
592 241 726 290 constan
748 242 814 288 ulra
837 243 859 287 s.
882 242 1067 290 ereaturam.

264 383 366 450 larum
382 397 456 448 cunr
475 383 763 472 excommunicari,
780 399 845 451 uec
868 401 944 450 curn
963 381 1071 450 solum
1085 378 1149 449 sed
1164 380 1262 448 otiam
1276 396 1390 448 omncs

264 482 337 549 eius
363 477 552 569 adiutores,
581 481 742 568 aquibus
771 481 823 548 vel
847 499 985 568 quorum
1014 480 1156 549 consilio
1183 479 1320 547 occisus
1344 485 1391 548 cst
1439 481 1440 538 i

263 580 375 668 presul
385 631 395 667 ,
413 580 559 665 itemque
580 597 698 648 omncs
725 581 781 666 qui
804 597 880 650 roos
897 582 992 648 necis
1009 581 1081 648 eius
1096 577 1250 648 foverem
1270 578 1325 646 rel
1346 580 1389 645 cis
1439 595 1440 622 i

263 679 554 748 communicarent.
594 679 746 748 Exhibite
772 697 906 766 quoque
935 681 969 748 in
996 678 1116 748 eodem
1146 677 1290 746 coneilio
1318 685 1390 744 sunt

264 775 418 846 Conrado
433 777 546 862 legato
562 775 656 846 litere
672 777 869 846 Theoderici
885 778 1166 848 Monasterlensis
1185 778 1340 865 episcopi
1361 783 1390 844 et

265 875 458 962 Engclberti
482 876 581 946 electi
605 874 896 967 osnaburgensis,
914 895 1148 962 germanorum
1173 873 1307 944 fratrum
1324 875 1389 942 Fri-

264 975 367 1044 derioi
376 997 385 1062 ;
405 993 543 1062 quorum
559 977 647 1062 prior
664 975 708 1044 de
724 976 902 1062 sacrilegio
919 995 957 1045 se
977 977 1168 1062 excusavit,
1187 981 1338 1062 paratum
1357 992 1389 1042 se

264 1074 380 1144 dicens
401 1075 563 1144 canonice
581 1093 618 1144 se
632 1091 786 1163 purgare,
804 1076 889 1144 alter
908 1079 1102 1164 episcopum
1118 1073 1264 1144 ordinari
1280 1091 1319 1140 se
1334 1091 1389 1161 pe-

265 1175 323 1242 trit.
342 1172 527 1261 Respondit
540 1173 690 1260 legatus:
710 1191 748 1244 se
761 1176 950 1261 proniorem
962 1174 1005 1244 ad
1021 1172 1226 1262 parcendum
1243 1190 1343 1259 quam
1355 1171 1390 1239 ad
1440 1210 1441 1235 r

264 1271 477 1362 puniendum,
495 1271 594 1342 modo
614 1291 652 1342 sc
667 1291 829 1346 excusam
846 1276 987 1362 possint.
1013 1273 1176 1361 Diemque
1196 1273 1245 1342 eis
1270 1271 1391 1359 prefixit

266 1387 332 1459 quo
350 1389 387 1440 se
406 1377 587 1459 purgarent
601 1373 636 1442 in
650 1373 793 1442 concilio
811 1372 1004 1442 Leodiensi.
1031 1371 1104 1453 Quo
1121 1389 1196 1440 cum
1209 1371 1389 1460 venissem,
1440 1403 1441 1428 2

267 1470 435 1538 nobilibus
456 1469 655 1540 conductum
679 1472 729 1540 eis
754 1489 796 1540 cx
820 1471 976 1542 mandato
1003 1471 1181 1540 cardinalis
1194 1470 1304 1556 legati
1320 1487 1390 1558 pre·
1440 1495 1441 1530 1

267 1568 450 1658 stantibus,
473 1586 537 1636 neo
560 1588 598 1640 se
624 1572 786 1640 canonice
809 1587 883 1640 cum
907 1577 1036 1660 septem
1058 1570 1228 1659 episcopis
1255 1586 1391 1656 purgare

264 1673 422 1756 possent,
447 1669 642 1756 primoribus
667 1668 925 1740 coloniensibus
949 1671 1128 1757 multisque
1151 1669 1226 1737 aliis
1250 1685 1313 1736 eos
1335 1686 1390 1735 uc-
1440 1729 1441 1732 ,

266 1765 478 1856 ementibus,
502 1767 635 1854 legatus
662 1786 705 1838 ex
728 1786 900 1838 consensu
923 1771 1157 1858 episcoporum
1182 1767 1390 1856 plurimorum

266 1867 321 1954 qui
336 1874 513 1954 presentes
531 1874 640 1958 crant,
658 1867 703 1936 ad
718 1866 886 1938 dominum
899 1887 1019 1958 papum
1034 1867 1110 1937 illos
1127 1867 1320 1936 transmisit.
1337 1865 1390 1934 Cui

265 1966 472 2036 etiamlnter
498 1972 608 2036 cetera
629 1967 693 2036 bec
723 1969 883 2056 scripsit:
909 1968 1064 2036 homiui
1090 1970 1201 2036 oestro
1225 1966 1391 2051 diripimur

263 2063 324 2132 bos
346 2064 430 2132 duos
447 2066 619 2150 episcopos
633 2068 782 2152 praeitor
803 2067 844 2134 de
859 2067 981 2136 donnini
997 2066 1187 2154 Enpelbcrti
1215 2079 1299 2132 occo
1312 2063 1392 2148 inso-

263 2168 380 2232 motos.

341 2263 451 2346 Caput
470 2260 792 2346 decimumquartum.
818 2263 861 2332 Ut
882 2270 991 2334 autern
1017 2263 1060 2332 ad
1085 2264 1262 2352 superiora
1278 2262 1390 2332 redca-

266 2376 340 2428 mus
370 2377 493 2447 corpus
526 2362 677 2448 martyris
702 2380 722 2428 a
745 2361 877 2430 duobus
910 2362 1108 2451 supradictis
1137 2361 1317 2431 abbatibus
1339 2379 1391 2449 per

266 2457 372 2526 Rbeol
389 2459 519 2528 alveum
536 2459 708 2528 Coloniam
724 2460 899 2531 reducitur.
925 2461 1072 2549 Cumque
1091 2463 1268 2531 venissent
1284 2467 1389 2530 oomra
1441 2487 1442 2530 r

268 2557 464 2644 Wessellng
491 2576 630 2648 pagum,
650 2558 781 2628 duobus
799 2560 991 2630 milliaribus
1011 2580 1030 2629 a
1049 2560 1187 2630 Colonia
1206 2559 1388 2646 distantem,
1441 2623 1442 2628 ,

267 2657 361 2726 miles
380 2656 514 2745 quidam
529 2655 697 2726 Arnoldns
719 2661 852 2730 nomine
871 2678 890 2728 c
907 2661 1003 2728 litore
1020 2661 1248 2748 prospiciens,
1265 2659 1321 2728 ubl
1338 2657 1387 2726 di·
1441 2687 1442 2696 ¹

268 2755 348 2824 dicit
364 2756 531 2844 pontificis
549 2755 743 2843 Engelberti
761 2776 842 2828 ossa
860 2759 985 2848 revehi,
1003 2761 1037 2827 ln
1055 2760 1289 2828 contumeliam
1306 2775 1387 2826 mar·
1441 2811 1442 2822 ,

267 2857 351 2942 tyris
369 2857 493 2944 erupit,
511 2857 557 2924 ita
575 2854 710 2924 dicens:
736 2856 936 2926 Multioiont
948 2858 1113 2926 dominum
1124 2856 1220 2938 nunc,
1235 2858 1291 2942 poi
1304 2874 1386 2924 conr·

263 2953 380 3038 ptores
395 2954 470 3022 lesit
481 2954 610 3022 domnis
625 2955 736 3039 affecit
749 2960 782 3022 ci
798 2955 1020 3039 eebcrcdooit,
1036 2961 1186 3026 sonetum
1199 2974 1273 3024 csse
1285 2961 1317 3022 et
1329 2956 1384 3022 nri-
1434 3000 1438 3009 -

267 3052 388 3122 recolo
401 3053 540 3136 faeerc‚·
560 3052 623 3120 boc
637 3057 668 3122 si
685 3071 797 3122 corum
813 3060 876 3138 cst,
894 3057 984 3142 qood
1001 3061 1108 3124 tomen
1122 3073 1184 3142 epo
1199 3072 1265 3122 non
1286 3053 1384 3133 credo,

267 3149 327 3220 dcc
348 3150 424 3220 mibi
440 3153 520 3219 deus
536 3151 645 3235 facim
666 3158 699 3221 et
719 3153 841 3238 addat,
861 3160 898 3222 ut
916 3159 1092 3240 antequam
1113 3155 1243 3222 nuoricr
1257 3157 1384 3222 insonus

267 3250 405 3335 efficior.
423 3250 1292 3343 Mulctuveratilluprbeatusepiscopusquadraginta
1303 3269 1383 3320 mar-

268 3351 318 3418 cis
343 3350 386 3422 ob
410 3350 541 3439 culpam
567 3349 739 3438 fibicius,
764 3354 820 3440 qui
845 3351 996 3422 lominum
1020 3355 1053 3422 vi
1070 3359 1294 3442 oppresserat.
1319 3351 1383 3430 Qua

268 3454 377 3518 tamen
394 3451 429 3518 in
447 3467 481 3518 re
498 3449 632 3518 multum
650 3452 681 3518 ei
695 3459 900 3541 pepercerat,
918 3459 954 3522 ut
970 3452 1099 3522 lacinus
1119 3457 1221 3520 morte
1239 3451 1383 3539 plecten-
1440 3511 1441 3518 ,

268 3547 345 3617 dum
362 3554 428 3620 tarn
452 3549 581 3616 modice
606 3552 747 3636 pecunie
770 3549 890 3620 damno
910 3553 1088 3620 mulctaret.
1115 3551 1158 3620 Ut
1174 3568 1255 3618 vcro
1274 3555 1382 3617 osten·
1440 3569 1441 3618 r

269 3647 364 3718 deret
389 3647 472 3718 deus
499 3667 595 3736 quam
620 3650 843 3735 periculosum
871 3652 914 3718 sit
939 3650 1062 3720 bomini
1086 3667 1212 3740 ponere
1238 3651 1272 3718 in
1290 3647 1381 3716 colun
1440 3645 1442 3722 l

268 3764 309 3814 os
328 3765 442 3835 suum,
462 3747 580 3816 codem
598 3745 652 3814 die
670 3747 832 3817 maledico
850 3751 1045 3836 vertiginem
1064 3750 1182 3837 capitis
1200 3749 1338 3835 immisit,
1354 3751 1380 3811 et
1440 3739 1442 3818 Ι

269 3863 343 3912 curn
368 3847 468 3932 paulo
493 3852 571 3934 post
595 3846 704 3916 aliena
726 3847 933 3938 loqueretur,
951 3865 1087 3918 uxorem
1106 3866 1178 3916 oum
1198 3848 1315 3914 ceteris
1332 3861 1380 3912 oo·
1441 3845 1442 3854 ²

269 3941 347 4010 dere
366 3946 469 4032 cepit,
495 3946 642 4032 itemque
668 3946 895 4037 sacerdotem,
919 3949 974 4034 qui
993 3947 1036 4016 ad
1054 3946 1304 4016 eorrlessionam
1319 3946 1379 4010 eius

269 4040 467 4110 audiendam
492 4051 631 4112 vocatus
657 4051 734 4113 erat
767 4045 853 4126 Quid
869 4047 986 4136 plural
1014 4047 1160 4114 Tenetur
1177 4046 1315 4112 vincitur
1329 4059 1378 4108 cu-

268 4141 411 4208 stoditur
428 4147 584 4228 tanquam
603 4141 765 4234 lurlosuS,
791 4153 823 4212 et
841 4147 995 4232 sequenti
1014 4145 1067 4214 dle
1085 4152 1164 4234 post.
1181 4144 1281 4212 multa
1297 4141 1377 4208 blas·
1441 4143 1442 4164 ¹

268 4240 399 4327 plremie
426 4239 528 4306 verba
556 4242 629 4308 sine
655 4243 777 4312 viatico
802 4249 835 4312 ot
860 4243 1076 4314 contessione
1101 4245 1242 4312 anirnam
1260 4244 1379 4310 insanos
1441 4275 1442 4336 ,
