2888 4824
266 243 339 313 tec
625 269 786 316 canonicos
808 269 1040 317 enruonnrrnsa.

187 421 255 477 tate
344 399 418 478 lloo
443 426 532 478 anno
556 408 590 474 in
617 410 801 496 septimana
826 415 1041 497 pentecostes
1061 403 1389 498 [iunii—13]rer
1426 454 1427 459 ,

267 509 405 578 Francia
437 527 511 576 oum
535 525 640 574 uxore
672 526 734 575 sua
759 507 983 594 fratribusque
1008 509 1115 596 ipsius
1139 525 1214 575 cum
1240 507 1388 574 uxoribus
1425 561 1426 564 ,

269 609 340 676 suis
359 607 402 676 ad
424 613 544 675 terram
570 612 719 675 sanctam
737 623 809 674 oum
827 625 949 694 magna
968 606 1148 676 devotione
1167 609 1232 674 iter
1250 604 1294 674 de
1311 606 1389 673 Pari·
1425 605 1426 610 ’

270 708 321 775 sio
346 708 561 795 arripuerunt.
587 705 669 772 Nam
694 707 728 773 in
753 707 906 794 capitulis
931 705 1063 774 fratrum
1084 705 1333 775 Predicatorum
1348 711 1389 771 at-

270 823 336 893 que
361 805 525 874 Minorum
550 803 645 872 flexis
671 805 815 891 genibus
841 807 988 894 ipsorum
1011 805 1221 874 orationibus
1241 804 1389 872 humiliter

270 921 309 972 se
336 902 658 994 commendaverunt
685 904 864 972 Habebunt
887 907 991 972 eciam
1015 905 1049 972 in
1074 908 1235 993 comitatu
1258 902 1391 971 Romane

271 1003 362 1071 sedis
387 1003 535 1089 legatum
560 1021 633 1069 oum
651 1003 849 1089 quibusdam
868 1005 1036 1092 episcopis
1054 1021 1188 1072 necnon
1206 1003 1392 1090 magistrum

271 1101 396 1171 ordinis
414 1101 667 1170 Prodicatorum.

344 1201 471 1270 Eodem
498 1219 586 1270 anno
611 1201 665 1268 vii.
691 1199 766 1268 idus
785 1200 853 1268 iulii
872 1195 947 1291 [iuli
966 1199 1005 1287 9]
1024 1192 1186 1270 Aibtlaci1
1205 1197 1393 1288 oppiduma

272 1298 464 1369 Senonibus
489 1305 714 1388 expugnatum
741 1307 801 1368 est.
829 1299 898 1368 Sed
915 1299 962 1366 illi
980 1300 1022 1368 de
1040 1306 1169 1389 castro,
1187 1317 1235 1367 ne
1254 1300 1391 1386 ipsorum

272 1397 454 1468 adversarii
471 1398 594 1468 ibidem
610 1404 713 1466 tutum
731 1397 891 1468 baberent
908 1400 1162 1489 receptaculum,
1182 1397 1339 1467 eiusdem
1354 1398 1392 1463 oi·

271 1498 383 1566 vitatis
401 1497 552 1566 furtivum
569 1503 788 1587 procurarunt
804 1497 1003 1587 incendium,
1023 1515 1061 1566 se
1080 1501 1162 1566 satis
1179 1498 1324 1566 viriliter
1340 1495 1393 1562 de-

272 1594 459 1665 fendentes.
481 1596 663 1666 Undecimo
681 1596 813 1666 tandem
832 1603 911 1686 post
927 1596 990 1665 beo
1008 1596 1061 1665 die
1079 1589 1251 1664 marchio²
1268 1596 1394 1663 veniens
1425 1603 1426 1650 ἐ

272 1694 396 1764 dictum
425 1695 582 1784 oppidum
610 1695 751 1764 obsedit.
784 1693 882 1776 Quod
905 1695 1058 1765 videntes
1084 1695 1242 1764 Saxones
1267 1695 1395 1762 latenter

244 1801 248 1808 “
273 1796 406 1882 egressi
422 1794 591 1863 residuum
609 1795 752 1863 civitatis
770 1795 998 1864 incenderunt.
1032 1795 1119 1864 Dein
1137 1795 1288 1862 marchio
1306 1793 1395 1881 pluri·
1425 1855 1426 1862 ,

273 1896 335 1962 mis
361 1895 516 1964 comitum
543 1895 630 1962 villis
659 1896 797 1963 vastatis
823 1895 995 1985 incendio,
1022 1914 1052 1962 x.
1076 1895 1139 1962 lral.
1157 1894 1299 1980 angusti
1315 1894 1394 1958 iuxta
1425 1963 1426 1966 Ἴ

273 1992 488 2082 Erphordiam
508 2000 619 2078 castra
635 1999 778 2062 metatus
797 1999 865 2084 est,
884 1993 1029 2080 indeque
1048 1995 1149 2061 tercia
1167 1992 1223 2060 die
1243 1990 1394 2060 recedens
1425 2039 1426 2044 ,

273 2091 442 2181 quoddam
477 2093 649 2161 castellnm
676 2091 822 2161 Heinrici
847 2094 956 2161 militis
981 2091 1022 2160 de
1048 2092 1243 2160 Baldcstetc
1271 2089 1394 2158 invilla
1425 2141 1426 2168 ,

273 2190 391 2260 Huscn
417 2193 575 2261 continuo
599 2191 825 2279 expugnando
855 2189 1033 2281 destruxit,
1068 2193 1247 2280 ipsumque
1281 2187 1393 2258 castelli
1426 2206 1427 2219 ³

274 2289 442 2358 dominum
468 2307 542 2358 oum
568 2291 642 2358 aliis
660 2291 779 2376 viginti
798 2296 940 2379 quatuor
958 2291 1145 2379 captivavit.
1173 2289 1300 2381 Sicque
1318 2304 1395 2354 oom-
1425 2349 1426 2352 ,

274 2389 414 2477 plurium
439 2389 611 2458 viduarum
637 2391 905 2478 pupillorumque
928 2389 1218 2458 maledictionibus
1237 2390 1274 2456 in
1292 2393 1393 2455 terram
1425 2385 1426 2394 ’

275 2505 370 2556 suam
386 2489 563 2574 ingressus
582 2496 644 2558 est.

349 2585 423 2656 Hoc
441 2588 544 2655 eciam
572 2604 661 2656 anno
678 2605 708 2655 rr.
725 2587 790 2656 kal.
809 2587 1006 2676 septembris
1027 2583 1122 2678 [aug.
1142 2583 1207 2678 23]
1227 2582 1392 2672 Mogonti-

275 2703 340 2754 nus
358 2686 629 2776 archiepiscopus
647 2684 820 2774 Herbipoii
844 2686 1021 2775 predicans
1039 2687 1151 2775 plures
1170 2703 1275 2772 super
1293 2687 1391 2751 sancte

277 2783 355 2854 fidei
372 2787 547 2854 invasores
566 2805 662 2855 cruoe
677 2786 833 2870 signavit.
850 2786 1076 2854 Pronunoians
1091 2784 1215 2852 ibidem
1230 2783 1323 2871 quod
1336 2780 1392 2847 Fri-

277 2882 409 2952 dericus
423 2885 590 2972 quondam
604 2887 780 2974 imperator
793 2885 825 2952 in
836 2883 1075 2970 Longobardia
1091 2883 1261 2971 quendam
1275 2881 1392 2965 religio-

278 3001 350 3065 sum
360 2983 550 3070 pontifroem
564 2991 629 3052 tam
639 2985 970 3071 ignominioseatquc
985 2982 1160 3050 crudeliter
1168 2980 1278 3050 caude
1293 2977 1392 3048 caballi

279 3081 407 3167 alligari
424 3085 581 3172 precepit,
599 3089 636 3150 ut
654 3081 804 3151 eiusdem
817 3084 952 3150 iumenti
971 3089 1117 3150 stercora
1134 3083 1243 3168 ipsius
1264 3081 1311 3150 ori
1323 3077 1391 3144 inei·

279 3179 398 3247 darent
419 3180 475 3246 vel
492 3181 636 3249 incidere
654 3183 862 3270 potuissent,
887 3184 1001 3268 sicque
1019 3180 1251 3249 miserabiliter
1269 3179 1391 3248 distrac-

277 3285 346 3348 tum
365 3278 549 3368 suspendio
566 3282 698 3348 interire
716 3279 893 3348 mandavit.
921 3279 1023 3348 Cuius
1043 3296 1162 3368 corpus
1180 3279 1259 3346 dum
1279 3274 1390 3366 quidam

278 3379 444 3447 ltlirrorum
462 3378 588 3446 ordinis
607 3379 724 3448 iratres
743 3380 911 3468 sepulture
937 3381 1023 3447 sicut
1045 3378 1163 3448 dicitur
1184 3376 1390 3458 tradidissent,

279 3478 417 3548 eosdem
436 3483 595 3564 tyrannus
612 3479 668 3546 ille
691 3478 866 3546 confestim
884 3480 982 3546 vivos
1005 3478 1137 3566 sepeliri
1158 3475 1332 3544 mandavit.

353 3577 437 3646 ltcm
455 3593 543 3644 anno
563 3576 681 3645 eodem
696 3577 730 3644 in
746 3577 926 3663 Thuringia
944 3577 1006 3644 sub
1025 3583 1116 3644 tanta
1133 3575 1294 3644 bellorum
1311 3567 1388 3640 clude

279 3677 421 3744 maxima
437 3675 618 3744 mortalitas
638 3677 777 3765 exstitit,
798 3675 884 3744 adeo
902 3683 938 3744 ut
961 3678 995 3743 in
1014 3675 1156 3763 quadam
1174 3675 1301 3742 rurensi
1317 3669 1386 3752 villo,

281 3774 509 3842 Gunnenstete
528 3775 631 3863 dicta,
650 3775 741 3842 multi
759 3775 851 3843 brevi
870 3780 1018 3862 tempore
1042 3780 1257 3842 morerentur.
1290 3772 1324 3840 ln
1339 3767 1389 3835 alia

279 3890 361 3940 vero
380 3874 522 3959 quodam
539 3875 618 3944 villa
636 3873 712 3942 dum
731 3873 892 3942 sacerdos
912 3873 979 3941 duo
999 3872 1113 3940 funera
1136 3872 1303 3961 sepeliret,
1319 3883 1387 3936 nun·

281 3973 409 4037 cientur
428 3972 475 4038 illi
490 3974 554 4039 iam
569 3973 724 4040 undecim
743 3974 844 4040 vitam
865 3971 1032 4062 finivisse,
1060 3989 1126 4058 quo
1154 3969 1268 4038 audito
1292 3975 1386 4054 stupe·

280 4069 390 4138 iactus
412 4071 467 4136 vix
485 4070 627 4139 officium
650 4072 821 4160 complens
840 4090 857 4139 e
874 4073 954 4139 villa
971 4071 1051 4157 fuga
1071 4071 1207 4158 elapsus
1226 4074 1287 4138 est.

354 4167 429 4236 Hoc
453 4186 542 4236 anno
567 4171 599 4237 in
627 4171 808 4256 Thuringia
830 4176 909 4258 post
931 4170 1051 4238 bellum
1074 4167 1257 4256 principale
1275 4167 1315 4236 ad
1329 4162 1385 4253 pln-

317 4279 347 4340 i)
365 4277 551 4330 Weissensee.
587 4271 619 4344 2)
639 4279 782 4332 misnensis
801 4277 885 4346 vergl.
906 4277 983 4335 Goot.
1002 4276 1094 4333 lamb.
