2950 4836
442 245 614 293 drauhsnos
636 245 824 292 nuruurnsrs.
1127 222 1199 290 till

39 381 269 472 patriarche,
300 385 457 471 primates
482 390 590 452 autern
618 389 650 452 et
676 386 921 474 metropolitani
950 387 1030 477 lxx-i,
1058 388 1196 458 abbates
1216 397 1282 452 1215

39 486 77 545 et
98 482 244 568 priores
263 484 347 551 ultra
366 483 464 572 dccc,
483 483 676 572 presidente
695 485 892 554 Innocentio
912 505 998 575 papa
1017 489 1129 555 tercio.
1162 489 1200 556 ln

38 579 128 665 ipsa
161 581 299 668 synodo
329 583 509 669 Kymensis
543 584 758 671 episcopatus
787 586 976 652 instituitur.
1022 583 1075 653 Ad
1102 606 1198 674 qurum

39 679 177 747 sedem
197 680 375 768 Rudgerus
393 684 517 770 primus
537 683 716 770 episcopus
735 683 914 752 ordinatur.

129 779 313 849 luceru.
340 781 556 849 Innocentius
583 799 671 868 papa
703 784 819 850 tertius
854 783 895 851 ab
923 783 1005 850 urbe
1039 803 1199 871 egressus

39 878 202 946 verbum
221 880 351 948 chrucis
370 883 404 948 in
426 881 547 948 Tuscia
565 879 765 970 predicavit,
782 888 814 949 et
832 889 911 970 aput
928 882 1098 950 Perusium
1117 885 1200 952 civi·

40 981 159 1045 tatem
178 978 390 1048 indivisione
405 979 633 1073 apostolorum
648 980 738 1069 obiit,
756 981 869 1068 ibique
885 982 1037 1070 sepultus
1049 988 1109 1050 est.
1127 983 1200 1050 Hc·

39 1077 175 1145 riorius
197 1096 285 1166 papa
303 1079 520 1146 substituitur.
553 1076 638 1146 Ordo
657 1079 900 1148 Predieatorom
917 1081 1051 1148 inicium
1067 1084 1175 1150 sumit.

126 1177 322 1245 M.cc.x.vii.
337 1177 408 1246 Rex
427 1178 573 1263 Ungarie
591 1175 744 1246 Andreas
772 1186 805 1248 et
828 1178 1012 1267 Liupoldus
1039 1180 1107 1248 dux
1123 1178 1199 1248 Au-

39 1277 152 1365 strie,
187 1276 257 1344 dux
280 1277 428 1345 bleranie
453 1275 550 1365 Otto,
578 1278 757 1366 episcopus
784 1277 1078 1364 babenbergensis
1102 1279 1198 1347 Ehh-

38 1373 187 1463 bertine,
212 1382 246 1442 et
263 1376 394 1444 nobiles
413 1382 446 1444 et
464 1376 604 1444 comites
624 1394 697 1444 eum
716 1395 814 1444 manu
833 1377 941 1445 valida
958 1378 1198 1449 transfretare-

36 1481 126 1542 runt
146 1474 197 1542 ad
214 1493 408 1544 succursum
425 1482 509 1543 terre
528 1481 652 1543 sancte.

39 1583 44 1595 “
125 1575 332 1642 Μ.οο.Χ.νίἰί.
351 1575 394 1640 W
397 1573 544 1643 ollhems
562 1573 747 1661 patriarcha
760 1575 1013 1664 Aquileigensis
1029 1577 1124 1667 obiit,
1143 1580 1196 1645 eui

39 1674 215 1742 succedit
242 1673 443 1742 Berbtcldus
471 1673 742 1762 archiepiscopus
770 1675 979 1745 Golocensis.
1020 1676 1196 1744 Christiani

38 1775 77 1840 in
100 1774 340 1840 transmarinis
368 1773 515 1862 partibus
542 1771 718 1840 Cesaream
745 1780 778 1841 et
802 1777 913 1840 turrim
931 1775 1095 1844 Stratonis
1120 1794 1196 1844 ree-

38 1873 214 1959 dificant,
236 1878 268 1939 et
286 1879 363 1960 post
381 1872 500 1940 multas
519 1871 778 1960 depredationes
797 1872 1077 1942 admonicionem
1096 1893 1195 1942 mou-

37 1974 86 2039 lis
116 1972 261 2039 Thabor
287 1971 488 2039 accedentes
515 1971 650 2038 viriliter
675 1971 805 2039 duabus
827 1973 956 2040 vicibus
980 1975 1196 2061 inpugnare-

40 2077 137 2139 runt.
174 2069 279 2152 Quam
306 2072 519 2138 munitionem
537 2075 656 2159 postca
680 2073 744 2160 ipsi
764 2071 937 2139 sarraceni
964 2073 1078 2140 timore
1098 2073 1194 2140 Chri-

39 2173 243 2238 stianorum
262 2169 461 2238 destructam
481 2170 694 2256 reliquerunt.
732 2169 861 2238 Deinde
880 2170 1070 2239 coadunato
1098 2190 1195 2240 exer·
1304 2190 1307 2196 ’

41 2273 120 2338 citu
148 2269 411 2336 Christianorum
439 2269 605 2337 civilatem
630 2267 815 2336 Damiatam
847 2269 1024 2338 obsidione
1048 2271 1195 2361 cingunt,

41 2377 80 2438 et
103 2370 223 2436 turrim
243 2369 493 2436 munitissimam
512 2369 545 2434 in
563 2367 674 2435 medlo
694 2367 836 2436 lluminis
857 2370 952 2438 sitam
962 2422 972 2460 ,
996 2375 1029 2437 et
1046 2376 1195 2438 catenam

40 2469 205 2538 llumiuis
224 2468 616 2554 quinquagintaquinque
642 2466 749 2554 pedes
773 2467 950 2535 habentem
975 2468 1110 2537 viriliter
1136 2488 1196 2538 oc-

42 2572 278 2656 cupaverunt.
313 2566 376 2634 Ubi
394 2572 505 2632 tamen
529 2567 648 2633 milites
668 2567 765 2633 electi
788 2567 1007 2654 quadraginta
1025 2585 1097 2635 cum
1123 2569 1196 2636 aliis

41 2668 164 2738 tracto
184 2667 402 2733 instrumento
426 2666 460 2732 in
478 2665 598 2732 humen
616 2667 800 2755 precipitati
819 2672 905 2733 sunt.
939 2666 1110 2734 Exercitus
1128 2666 1196 2735 Ro-

41 2783 234 2834 manorum
253 2783 325 2832 oum
343 2765 481 2831 Ytalicis
507 2765 617 2831 multis
644 2766 678 2832 in
703 2765 860 2832 auxillum
878 2765 1015 2832 veniunt
1034 2764 1196 2833 Christia-

42 2869 117 2933 nia.
145 2863 329 2932 Ludwicus
348 2863 415 2930 dux
434 2862 590 2952 oppidum
609 2864 641 2930 in
662 2863 822 2950 Strublng
844 2871 1039 2932 construere
1058 2867 1155 2953 cepit.

131 2963 343 3031 M.cc.x.viiii.
370 2959 448 3029 Otto
475 2961 655 3048 aliquando
682 2964 858 3050 imperator
889 2982 909 3031 a
940 2965 1107 3032 sententia
1133 2983 1196 3032 ex-

45 3063 371 3132 communicationis
398 3061 574 3129 absolutus
600 3060 698 3150 obiit,
726 3061 853 3147 regalia
879 3080 1013 3150 quoque
1040 3063 1197 3131 Heinrico

43 3163 210 3230 Palatino
232 3160 337 3228 Rchni
365 3159 574 3246 assignanda
599 3179 670 3246 regi
688 3160 855 3228 Friderico
883 3162 1024 3249 reliquit.
1064 3161 1136 3242 Oue
1155 3162 1196 3230 ad

44 3263 251 3329 instantiam
271 3259 419 3327 eiusdem
440 3261 528 3346 regis
546 3259 701 3328 Friderlei
727 3259 845 3328 eodem
864 3278 952 3328 anno
973 3260 1035 3328 sub
1054 3261 1195 3348 qrradam

45 3361 163 3429 torma
184 3360 437 3447 compositionis
455 3359 519 3446 ipsi
538 3360 712 3444 assignata
732 3366 818 3442 sunt.
846 3359 1086 3428 Secouwensis
1105 3363 1197 3448 epis·
1235 3376 1237 3380 ’

46 3465 201 3548 capatus
221 3477 241 3526 a
258 3457 391 3526 domino
410 3457 601 3526 Eberhardo
622 3458 859 3546 Salzpurgensi
878 3459 1132 3546 archiepiscopo
1155 3459 1197 3526 de

44 3559 192 3627 licentia
211 3556 334 3626 domini
352 3556 490 3624 llcnorii
508 3576 595 3645 papa
614 3563 760 3645 creatur,
780 3563 814 3625 et
830 3555 971 3625 Karalus
990 3556 1197 3625 Frisaeensis

45 3659 251 3747 prepositus
270 3655 378 3725 eidem
398 3655 471 3724 sedi
485 3657 659 3744 preficitur.
677 3656 861 3724 Friderieus
876 3675 934 3724 rex
948 3657 1071 3723 curiam
1086 3655 1197 3724 Nuru-

46 3757 162 3826 bcrch
179 3775 254 3823 cum
272 3757 383 3824 multis
401 3755 603 3842 principibus
633 3755 822 3824 celebravit.
856 3755 1037 3823 Concilium
1056 3758 1197 3843 provin-

48 3857 140 3923 ciale
170 3874 190 3922 a
214 3855 348 3922 domino
367 3853 559 3922 Eberharde
585 3854 841 3943 archiepiscope
867 3855 1108 3942 salzpurgensi
1135 3874 1198 3923 ce-

46 3955 215 4043 lebratur,
235 3955 287 4022 oui
305 3952 526 4022 interfuerunt
544 3953 751 4022 Pataviensis
769 3954 995 4039 Frisingensis
1015 3954 1196 4022 Gurcensis

46 4055 236 4142 Kymensis
269 4052 512 4121 Secouwensis
539 4053 699 4140 episcopi.
744 4051 926 4120 ludwicus
954 4053 1022 4121 dux
1046 4053 1197 4122 Bawarie
1313 4071 1316 4074 ·

49 4155 144 4241 cepit
163 4153 378 4219 munitionem
399 4153 543 4219 civitatis
563 4149 667 4218 Hallis
686 4153 719 4218 in
738 4159 849 4220 monte
869 4154 924 4239 qui
941 4151 1059 4220 dicitur
1073 4154 1195 4238 Griute,

49 4271 119 4340 quc
141 4251 184 4318 ab
204 4251 459 4339 archiepiscopo
474 4251 666 4319 Eberhardo
686 4251 748 4318 sub
767 4251 909 4337 quadam
930 4251 1035 4318 torma
1053 4268 1195 4339 compc-

87 4373 232 4417 nonantula
251 4372 372 4417 FONTES.
391 4373 413 4414 2.
963 4363 995 4415 32
