2890 4832
298 223 369 291 tto
654 251 692 295 nx
713 249 876 295 eouurmuo
898 249 1075 296 eononrrxsr.

214 403 280 458 1205
299 406 404 477 oopus
418 393 451 455 et
466 387 717 456 Cameracensis
727 386 988 456 antistesasedc
1005 387 1328 476 apostolicaiudioes
1339 405 1419 456 oon-

195 477 200 485 ’
294 489 398 556 stituti
417 485 589 554 Coloniam
606 494 786 577 venerunt,
813 493 846 553 ct
860 488 894 554 in
908 488 1053 554 ccclesia
1070 487 1160 554 boati
1173 487 1257 555 Petri
1274 490 1416 574 apostoli

294 583 1416 674 coramcleroetunivcrsopopuloAdollumepiscopomexoommu-

292 687 437 753 nicotum
453 703 473 750 a
488 703 576 772 papa
594 687 905 774 pronunciaverunt,
923 691 957 752 et
970 702 1030 772 per
1047 703 1163 752 omnes
1178 686 1415 752 conventuales

294 784 455 852 ccclesias
475 788 507 849 ct
525 783 715 870 parrochias
733 785 884 872 civitatis,
901 789 937 850 ut
949 801 1008 870 por
1029 785 1183 869 singulos
1203 783 1416 851 dominicales

294 889 327 950 et
341 899 457 950 sacros
474 880 546 949 dics
560 883 909 971 excommunicaretur,
923 889 1153 970 preceperunt.
1171 881 1246 951 Hoc
1264 884 1369 949 eciam
1386 885 1414 948 in

293 979 448 1048 mandato
468 980 640 1069 babentes,
657 985 692 1047 ut
709 982 737 1048 si
756 980 840 1048 inira
853 998 1001 1048 mensem
1019 987 1098 1069 post
1116 980 1414 1049 denominationem

294 1081 357 1147 sibi
366 1079 485 1146 iactam
496 1078 629 1146 llomam
644 1078 955 1148 adsatisiaotionem
973 1098 1010 1146 sc
1029 1097 1097 1147 non
1116 1078 1294 1168 conterret,
1309 1080 1414 1147 ollrcio

294 1186 327 1246 et
344 1179 432 1246 omni
450 1178 613 1246 beneficio
633 1176 867 1246 destitueretur
894 1179 1029 1246 elalius
1049 1178 1171 1265 dignus
1195 1181 1230 1245 in
1248 1180 1325 1245 loco
1345 1180 1411 1245 cius

293 1279 559 1345 constitueretur.
571 1276 718 1344 Castmm
727 1275 876 1344 Hostade
895 1295 1008 1362 aroge
1020 1275 1141 1345 Ottone
1158 1283 1191 1344 et
1203 1277 1412 1345 Coloniensi-

293 1376 355 1444 bus
373 1374 555 1465 obsidetur,
574 1375 635 1444 sed
653 1375 827 1444 obsidibus
846 1375 933 1443 datis
952 1377 1110 1443 intactum
1128 1369 1358 1462 relinquitur¹.

368 1473 527 1541 Peridcm
553 1481 682 1562 tempus
702 1474 872 1562 Philippus
895 1491 954 1541 rex
980 1477 1066 1542 eirca
1090 1480 1313 1562 pentecosten
1339 1470 1430 1563 [mai

293 1569 357 1662 29]
374 1573 538 1640 celebrem
558 1575 679 1641 curiam
697 1573 791 1660 Spirc
812 1573 943 1664 habuit,
969 1573 1025 1640 ubi
1040 1572 1180 1640 Adollus
1198 1576 1363 1661 epicopus
1379 1572 1414 1638 dc

293 1670 550 1739 coloniensibus
576 1673 813 1758 querimoniam
836 1671 924 1746 iacit.
958 1671 1006 1738 lbi
1026 1673 1193 1760 Philippus
1217 1691 1277 1740 rex
1299 1671 1413 1739 iudicio

291 1770 491 1860 principum,
513 1768 635 1839 Adollo
659 1773 764 1838 eciam
781 1789 854 1838 cum
870 1772 940 1838 suis
958 1771 1159 1857 sequacibus
1188 1789 1263 1838 eum
1279 1777 1413 1856 rogante

292 1875 325 1935 ct
349 1870 547 1957 instigante,
581 1869 826 1957 expeditionem
850 1869 988 1937 Colonie
1015 1870 1167 1938 omnibus
1199 1872 1256 1956 qui
1281 1868 1412 1936 aderant

290 1969 493 2056 principibus
523 1967 646 2036 indicit.
685 1968 752 2036 Sed
774 1968 892 2036 codem
909 1970 942 2035 in
963 1969 1146 2056 pertinacia
1170 1985 1233 2035 sua
1253 1985 1412 2056 perseve-

290 2072 401 2153 rante,
430 2085 540 2154 nequc
563 2066 605 2135 dc
632 2069 973 2136 excommunicatione
989 2069 1043 2134 vel
1067 2065 1224 2134 mandato
1246 2084 1336 2154 pape
1359 2084 1431 2132 cuv

291 2166 534 2254 rantc,·preiati
548 2166 676 2233 iudices
684 2219 694 2254 ,
712 2172 899 2234 convocato
914 2167 1070 2233 universo
1090 2166 1179 2233 olcro
1194 2172 1228 2233 et
1241 2165 1369 2252 populo
1385 2165 1410 2229 in

291 2262 345 2330 die
374 2273 562 2332 sanctorum
590 2271 765 2350 martyrum
792 2265 941 2333 Gcrvasii
975 2271 1007 2331 et
1028 2265 1207 2352 Prothasii,
1238 2261 1325 2354 [iuni
1355 2260 1409 2350 llll

260 2385 267 2398 ·
291 2379 399 2429 corum
418 2363 570 2430 omnibus
591 2365 626 2430 in
642 2365 755 2431 maiori
779 2365 938 2452 ecclesia,
967 2370 1124 2451 presente
1146 2360 1270 2430 Ottonc
1289 2380 1369 2447 rege
1385 2367 1410 2427 et

290 2461 365 2528 aliis
385 2461 551 2530 nobilibus
567 2463 644 2529 viris
655 2515 663 2550 ,
681 2462 722 2528 ab
742 2462 852 2531 ollioio
875 2468 908 2530 et
923 2461 1085 2548 dignitate
1109 2461 1294 2549 pontificali
1312 2460 1409 2547 depo-

290 2567 443 2648 suemnt,
463 2567 496 2627 et
510 2567 546 2630 ut
559 2563 656 2628 aliurn
673 2563 867 2649 episcopum
890 2561 1052 2646 eligerent
1067 2561 1254 2648 apostolica
1273 2559 1408 2626 auctori-

290 2664 357 2726 tate
392 2667 621 2748 preceperunt.
670 2659 725 2726 Sie
753 2678 793 2728 eo
828 2659 983 2747 deposito
1008 2658 1190 2726 secundum
1219 2659 1406 2726 sententian

290 2760 407 2824 summi
425 2759 608 2848 pontilioiS,
625 2758 737 2827 Bruno
754 2759 944 2826 Bunnensis
963 2760 1152 2845 prepositus
1169 2759 1204 2824 in
1221 2759 1404 2844 episcopum

290 2857 432 2941 cligitur.
469 2857 565 2925 Unde
592 2875 669 2924 mox
690 2876 750 2944 per
769 2864 872 2924 totum
894 2859 1122 2944 episcopatum
1146 2873 1255 2923 werre
1280 2857 1405 2944 plurimo

290 2961 323 3021 ct
340 2973 463 3039 graves
480 2975 539 3043 per
557 2958 738 3044 episcopos
758 2963 792 3023 ct
811 2974 920 3023 corum
941 2957 1117 3042 complices
1134 2956 1291 3022 oriuntur.
1323 2955 1404 3020 Fiunt

289 3052 444 3120 incendia
461 3055 583 3141 ubique
591 3108 600 3144 ,
626 3054 793 3142 predones
816 3060 989 3139 emergunt
1008 3053 1173 3142 undique,
1197 3053 1290 3120 bona
1308 3053 1404 3120 ecole-

290 3151 411 3217 siarum
427 3154 611 3242 rapiuntur,
640 3159 748 3220 eurtcs
775 3171 885 3221 earum
908 3152 1033 3220 etvillc
1060 3152 1314 3241 comburuntur,
1339 3151 1404 3217 liunt

288 3248 545 3336 depredationes
564 3270 744 3340 pauperum
766 3258 798 3319 ct
814 3250 1063 3341 oppidanorum,
1082 3250 1348 3338 exspoliationes
1364 3249 1403 3314 ri-

289 3347 426 3416 duarum
451 3357 484 3417 et
508 3352 716 3439 pupillorum.
750 3351 875 3419 Civitas
900 3351 1002 3417 colam
1033 3350 1075 3416 ab
1104 3350 1246 3416 inimicis
1272 3348 1403 3433 undique

287 3447 437 3539 vallatur,
454 3449 534 3516 nulli
549 3449 676 3536 ingredi
694 3450 749 3516 vel
771 3449 885 3535 egredi
903 3447 1224 3516 liberaconceditur.
1240 3448 1402 3514 'luioicrrsc

287 3554 431 3614 castrum
458 3550 612 3636 stipatum
641 3550 821 3634 sagittariis
849 3555 882 3616 et
904 3547 1059 3615 militibus
1084 3548 1214 3616 comitis
1238 3543 1348 3613 Adolti
1372 3541 1402 3608 dc

287 3643 403 3714 Monte
421 3648 451 3713 ci
468 3649 645 3735 opponitur
665 3653 697 3714 ct
718 3647 922 3714 adversatur.
948 3646 1082 3713 Rhenus
1101 3647 1254 3734 saperius
1276 3651 1313 3710 et
1328 3641 1400 3710 inle-

287 3745 369 3832 rius,
392 3763 435 3812 ne
450 3747 606 3814 victualia
623 3745 675 3812 vel
693 3747 899 3814 mercimonia
918 3763 977 3832 por
992 3762 1096 3812 naves
1110 3743 1303 3831 inserantur,
1325 3743 1400 3809 clau·

287 3840 382 3910 ditur.
401 3843 455 3910 Sic
469 3846 581 3932 itaquo
598 3845 689 3912 cives
707 3845 852 3932 undique
869 3845 975 3934 artati,
993 3850 1026 3910 et
1042 3844 1181 3910 maxime
1195 3860 1255 3930 por
1275 3847 1400 3908 castrum

286 3941 371 4026 ipsis
389 3945 586 4028 oppositum.
622 3942 790 4028 Sagittarii
814 3945 899 4011 enim
925 3943 959 4009 in
991 3941 1089 4010 domo
1116 3941 1254 4029 predicti
1287 3937 1399 4007 comitis

287 4035 396 4105 Adollr
415 4043 600 4132 constituti,
619 4060 691 4109 oum
708 4043 823 4130 sepius
838 4041 970 4128 sagittis
990 4042 1059 4108 suis
1078 4059 1137 4108 eos
1157 4042 1358 4128 impeterent,
1376 4041 1398 4100 et

287 4136 463 4204 maledicta
491 4145 524 4206 et
548 4142 697 4208 convicio
726 4142 863 4228 plurima
886 4139 1086 4229 proterrent,
1125 4157 1229 4207 naves
1257 4138 1397 4204 maximas

323 4247 352 4310 l)
371 4244 670 4318 Castrum-relinquitur·
683 4249 719 4302 ist
734 4254 855 4320 spaterer
865 4247 1023 4302 randzusatz
1037 4247 1085 4302 der
1098 4245 1323 4318 ursprdngliclren
1337 4239 1398 4297 baut.
