2890 4832
239 223 310 294 300
562 252 695 296 cansanrr
717 251 786 295 rura
807 253 831 297 s,
854 253 1039 299 nuerrnrnrr.
1125 249 1132 262 ·

234 392 397 480 lustrans,
423 395 545 458 tantam
569 389 647 458 ieoit
671 409 788 478 paoem
811 396 848 459 ut
865 389 1010 477 Augusti
1036 395 1186 479 tempora
1204 389 1355 460 crederes.
1423 423 1424 440 r

235 490 397 559 Videntes
415 489 603 558 huiusmodi
628 491 759 558 virtutis
781 508 885 580 opera
902 489 1071 577 predones
1091 497 1124 558 et
1142 485 1354 558 dissensionis

120 618 122 622 ·
236 595 413 677 amatores,
433 591 538 676 glorie
556 589 724 677 pontideis
743 591 830 658 siout
848 589 889 658 de
907 588 1054 657 Jonatha
1071 590 1193 676 legitur
1209 589 1354 658 inviden-

236 698 304 776 tes,
323 689 561 778 tabescebant,
579 687 659 757 boni
677 706 769 778 vero,
788 695 822 757 et
839 689 979 757 maxime
997 691 1237 778 negotiatores,
1255 690 1353 777 ipsun

234 789 412 858 laudantes
427 794 460 858 et
476 786 714 856 benedieentes
729 787 826 856 deum
844 806 904 876 pro
917 805 1083 856 oonoessa
1102 793 1271 877 potestate
1287 787 1354 874 glo·
1424 797 1425 808 ¹

234 887 417 957 ridoabant.
442 887 505 956 Die
533 885 675 974 quodem
700 893 865 955 mereator
889 886 1054 974 quendam
1079 888 1356 976 arehiepisoopum

235 988 373 1078 imperii,
391 989 467 1076 ipso
485 985 651 1075 audiente,
662 1004 722 1075 pro
738 985 802 1054 lide
819 986 952 1074 publiea
969 1004 1028 1075 per
1045 986 1187 1074 quedam
1201 986 1278 1055 looa
1291 985 1356 1055 dio·
1425 1069 1426 1074 Ἰ

236 1088 324 1156 oesis
348 1089 420 1155 eius
445 1085 689 1173 interpellabat.
716 1083 820 1166 Quem
845 1103 919 1152 oum
944 1086 998 1153 ille
1017 1085 1097 1154 dare
1116 1087 1278 1174 renuerit,
1297 1103 1356 1152 no·
1424 1117 1425 1120 ¹

234 1185 347 1254 billum
374 1187 445 1254 sive
470 1185 606 1252 militum
635 1185 703 1252 illio
729 1185 946 1252 habitantium
969 1185 1123 1254 malitiam
1150 1183 1356 1274 pretendem,

235 1286 407 1372 gloriosus
425 1284 698 1372 arehiepisoopus
717 1289 751 1351 et
768 1283 836 1352 dux
852 1283 1075 1370 Engelbertus
1086 1338 1095 1374 ,
1115 1302 1183 1353 non
1207 1285 1357 1372 episeopo

235 1382 427 1452 insultando
446 1382 508 1452 sed
524 1384 651 1472 petenti
669 1382 920 1474 compatiendo,
940 1384 1002 1450 ait:
1020 1383 1085 1451 Die
1101 1382 1192 1466 mibi,
1212 1383 1294 1450 done
1306 1384 1358 1465 oir,

236 1483 381 1550 (roboae
391 1487 422 1550 te
435 1485 635 1551 committere
652 1483 826 1550 conductui
842 1484 938 1551 meo?
953 1481 1192 1571 Respondente
1210 1482 1267 1550 illo
1282 1500 1357 1549 oon·
1424 1551 1425 1554 ,

236 1588 380 1650 stanter:
402 1582 512 1649 litium
532 1582 678 1664 moine,
701 1581 870 1649 subiunxit
886 1581 1093 1650 Machabeus
1111 1587 1243 1650 noster:
1270 1581 1358 1649 Sunu
1424 1583 1425 1588 ’

235 1684 335 1749 istam
356 1680 592 1764 obirotbeoom,
610 1685 643 1748 et
664 1683 695 1748 si
713 1697 847 1748 neeesse
872 1679 1028 1748 laudaretis
1047 1701 1112 1767 pro
1132 1683 1228 1767 sipno
1255 1684 1358 1748 osten-

236 1781 322 1860 dos;
345 1782 427 1848 etsi
455 1781 582 1866 aliquid
601 1779 660 1847 tibi
682 1782 714 1847 oi
739 1779 904 1848 sublatum
922 1779 1042 1863 fuerit,
1075 1798 1138 1868 epo
1161 1780 1219 1848 tibi
1241 1797 1358 1848 omnem

236 1880 390 1947 domnum
403 1882 586 1948 restituam.
599 1881 641 1949 Et
657 1879 735 1948 iecit
748 1880 799 1948 sio
816 1880 922 1965 gratia
940 1879 1040 1969 signi,
1058 1881 1124 1949 imo
1143 1882 1260 1948 timore
1274 1879 1358 1966 epis-

132 2031 134 2035 >
237 1981 330 2068 aopi,
358 1997 420 2048 sua
449 1997 587 2048 seourus
612 1977 795 2048 deduoens.
831 1978 924 2047 Siout
950 1980 1104 2068 seriptum
1130 1984 1183 2047 est
1202 1977 1245 2046 de
1262 1977 1357 2046 tuda:

235 2079 351 2146 similis
367 2077 481 2163 foetos
496 2081 546 2146 est
562 2079 647 2148 leont
666 2081 702 2146 in
717 2076 871 2164 operibus
891 2079 960 2144 sats
979 2081 1013 2144 et
1032 2077 1230 2165 protepebot
1251 2081 1358 2144 eastra

236 2176 361 2259 lsrael,
384 2178 420 2247 id
438 2184 491 2246 est
506 2179 597 2247 bona
615 2179 760 2246 eoolesie
778 2177 840 2246 sibi
859 2178 1051 2267 oommisse,
1068 2177 1183 2264 plodio
1197 2195 1269 2244 suo.
1293 2175 1357 2242 Na·
1425 2167 1426 2256 f

236 2284 310 2345 tura
327 2278 435 2346 leonis
455 2295 531 2348 esse
551 2277 670 2346 dieitur
689 2283 725 2344 ut
747 2277 920 2364 prostratis
939 2283 1052 2363 pareat
1070 2284 1103 2344 et
1121 2283 1253 2345 ereotos
1271 2277 1357 2342 inra-
1425 2313 1426 2316 =

237 2375 304 2445 dat.
331 2375 478 2454 Noverat
494 2378 549 2446 leo
574 2382 707 2466 noster,
725 2374 931 2444 Maehabeus
950 2383 1081 2467 noster,
1100 2381 1168 2444 tum
1186 2394 1229 2445 ex
1246 2373 1357 2444 nobili·
1423 2366 1426 2375 '

237 2482 304 2544 tate
322 2482 439 2544 nature
458 2481 526 2545 tum
544 2494 587 2546 ex
603 2477 678 2544 zelo
696 2476 820 2543 iustitie
1423 2486 1426 2499 ·

334 2575 484 2644 Parcere
503 2574 658 2644 subiectis
669 2579 710 2642 Χεἰ
725 2573 892 2642 debellare
908 2574 1078 2661 superbos.

235 2675 314 2743 Erat
332 2677 418 2743 enim
436 2673 596 2744 defensor
612 2673 807 2742 ailliotorum
826 2679 859 2741 et
876 2674 1019 2742 malleus
1035 2682 1261 2764 tyrannorum,
1272 2689 1356 2758 mag-

236 2775 389 2843 nanimus
416 2782 449 2843 et
472 2775 622 2863 lrumilis,
650 2774 820 2860 gloriosus
839 2779 873 2841 et
889 2773 1047 2864 allabilis,
1074 2773 1200 2860 rigidus
1220 2779 1253 2840 et
1271 2773 1355 2858 lenis,

236 2873 337 2940 multa
353 2891 413 2962 pro
434 2880 580 2962 tempore
599 2873 824 2962 dissimulans,
844 2878 878 2940 et
902 2891 975 2940 oum
993 2875 1100 2942 minus
1119 2878 1306 2961 speraretur
1321 2867 1355 2936 ad
1428 2955 1429 2964 ἵ

236 2971 415 3040 vindictam
440 2991 478 3040 se
504 2975 697 3060 accingens.
723 2969 917 3060 Aooeperat.
936 2978 1046 3040 autem
1072 2991 1146 3040 eum
1172 2971 1356 3058 episcopatu
1428 2981 1429 3054 p

236 3069 383 3161 gladium
415 3072 635 3159 spiritualem,
667 3077 701 3139 et
726 3071 798 3138 erim
829 3071 951 3138 dueatu
984 3071 1130 3158 gladium
1157 3068 1354 3137 materialem.
1428 3065 1430 3156 i

236 3169 385 3256 Utroque
404 3169 517 3256 gladio
529 3171 671 3239 rebelles
686 3171 842 3257 ooereuit,
855 3169 1018 3258 quosdam
1036 3165 1353 3253 excommunicando,
1429 3175 1430 3258 ᾗ

237 3268 400 3356 quosdam
418 3287 478 3357 per
494 3271 641 3337 militiam
660 3268 869 3336 debellando.
889 3268 944 3336 Sie
957 3269 1164 3337 llaobabeus
1183 3269 1274 3357 prius
1287 3282 1354 3354 pro-

235 3369 308 3458 prio
326 3369 360 3436 in
378 3367 568 3448 deieotione
585 3370 791 3436 inimieorum
817 3366 939 3436 deinde
958 3365 1127 3456 Apollonii
1145 3367 1259 3454 gladio
1277 3365 1353 3450 legi-

144 3489 147 3494 ·
235 3472 287 3535 tur
304 3486 488 3557 pugnasse.
515 3469 556 3536 Et
574 3467 652 3556 quid
671 3469 743 3534 eius
762 3467 852 3535 laudi
873 3469 1041 3558 immorer,
1062 3486 1134 3535 oum
1154 3466 1260 3553 gloria
1278 3463 1354 3531 divi-

235 3567 290 3634 tiis
310 3573 343 3635 et
360 3568 509 3656 potentia
527 3568 612 3635 siout
631 3565 672 3634 de
692 3566 870 3634 Salomone
889 3566 1011 3652 legitur
1029 3585 1146 3636 omnes
1166 3578 1354 3654 supergres-

236 3683 295 3733 sus
314 3669 357 3734 sit
373 3667 551 3754 pontiiioes
560 3719 570 3756 ,
591 3666 646 3753 qui
664 3671 741 3733 ante
760 3683 834 3733 eum
854 3664 986 3732 luerunt
1003 3667 1036 3732 in
1056 3665 1208 3754 Colonia,
1228 3665 1353 3748 excepto

235 3763 392 3832 anone
410 3767 532 3855 primo,
558 3770 651 3833 ouius
678 3767 785 3850 gratia
802 3764 943 3833 dueatus
962 3765 1172 3853 episcopatui
1190 3781 1250 3852 per
1267 3759 1353 3828 Otto-

236 3881 311 3930 nem
330 3865 465 3950 primum
484 3865 724 3953 imperatorem,
744 3865 837 3932 euius
857 3863 957 3932 irater
975 3869 1054 3954 erat,
1074 3861 1206 3931 additus
1226 3866 1284 3929 est.
1322 3857 1352 3924 ln

236 3961 334 4028 rebus
361 3964 578 4032 exterioribus
613 3970 646 4031 et
677 3962 764 4030 lama
787 3963 859 4031 sub
883 3962 974 4030 nullo
1001 3963 1159 4052 pontifice
1185 3977 1290 4047 usque
1317 3951 1352 4022 ud

236 4058 323 4128 diem
343 4060 428 4128 bane
442 4061 567 4128 tantum
586 4061 954 4131 eoelesiaColoniensis
972 4061 1112 4150 proiecit
1130 4065 1284 4148 quantum
1301 4052 1351 4123 snb

234 4159 448 4244 Engelberto.
476 4159 593 4228 Predia
610 4162 747 4249 plurima
765 4161 859 4229 simul
878 4168 911 4228 et
928 4160 1030 4229 leuda
1046 4161 1192 4229 eoelesie
1211 4157 1265 4226 diu
1281 4153 1351 4222 sub-

236 4263 358 4348 tracta,
386 4263 420 4326 et
442 4276 462 4325 a
486 4257 596 4326 multis
621 4260 694 4328 eius
719 4259 992 4332 antecessoribus
1019 4261 1092 4330 siue
1121 4277 1182 4358 per
1205 4263 1351 4344 torporem
