2886 4834
293 206 339 274 tt
671 235 800 288 suprius
822 233 1046 282 cosarnrursrrs.

211 379 431 464 remeantes,
463 383 629 463 quatenus
653 391 673 440 a
701 389 782 458 rege
800 372 938 442 Francio
963 371 1175 464 defenderet
1188 377 1264 462 quia
1281 393 1335 443 eos
1351 397 1397 465 pro

294 489 400 558 regno
425 471 625 543 Arelatense
650 473 765 560 sepius
789 471 971 540 infestaret.
1012 472 1083 540 llex
1106 491 1187 542 vero
1212 477 1352 562 promisit
1371 497 1399 544 se

292 579 368 639 ante
387 570 508 640 festum
527 573 631 641 llario
649 569 853 657 Magdalenc
872 579 1061 663 venturum,
1088 579 1123 640 et
1140 590 1200 641 cos
1218 591 1278 661 pro
1294 575 1398 643 viribus

292 669 518 739 defensurum.
554 672 713 740 Civitates
739 688 821 739 vero
847 688 968 757 magne
986 671 1142 763 bromme,
1169 679 1206 740 ut
1229 672 1333 741 Remis
1349 675 1399 741 Pu-

292 770 391 837 risius
410 777 444 839 et
461 771 524 838 elie
544 771 775 858 quamplursS‚
802 771 909 858 portis
928 769 1068 839 fortibus
1087 777 1121 838 et
1137 771 1237 839 muris
1256 773 1326 840 altis
1343 791 1400 840 mu·

291 864 463 959 niveloni,
496 870 586 958 quod
616 887 726 956 usque
757 869 821 938 boc
853 876 982 958 tempus
1017 870 1137 938 conlisi
1163 869 1205 938 de
1232 870 1401 940 fortitudine

291 966 402 1036 lacere
420 975 703 1058 contempserunt.
742 968 780 1035 ln
803 971 911 1056 capite
929 969 1061 1059 ieiunii,
1092 971 1220 1038 scilicet
1237 971 1335 1038 torcio
1351 971 1401 1038 kal.

291 1068 420 1156 maroli,
455 1067 650 1136 interiectus
685 1067 744 1134 suit
777 1066 951 1136 Jobanncs
983 1069 1077 1136 miles
1110 1070 1280 1136 virtuosus
1313 1069 1400 1158 dives,

291 1165 378 1234 lilius
398 1165 508 1234 Siiritli
526 1168 659 1234 sculteti
678 1165 969 1245 Columbariemsis.
995 1167 1189 1236 Inchoatum
1215 1167 1277 1235 luit
1300 1169 1402 1236 dormi·

290 1265 409 1333 torium
435 1265 569 1334 fratrum
593 1264 839 1334 Predioatorum
863 1267 898 1333 in
926 1265 1143 1334 Columbaria.
1169 1265 1337 1335 Diffidavit
1353 1267 1402 1334 do-

291 1366 399 1432 minus
415 1366 596 1452 episcopus
606 1363 866 1451 Argentinensis
883 1366 975 1433 cives
985 1364 1277 1434 Columbarienses
1292 1374 1405 1455 propter

292 1481 405 1530 eorum
425 1464 599 1532 scultetum
618 1463 785 1532 dominum
804 1462 846 1531 dc
863 1463 1043 1532 Berobeim.
1069 1463 1140 1533 Rex
1157 1465 1404 1555 Bobeime‚lilius

293 1558 476 1652 Ottocbari
495 1564 616 1630 curiam
635 1615 748 1630 .....
768 1561 948 1630 celebravit
967 1565 1098 1652 qualem
1116 1582 1287 1652 nunquam
1304 1565 1405 1651 aliquis

293 1679 407 1746 regum
427 1679 490 1729 nec
507 1659 666 1748 Assyrius
686 1679 749 1730 neo
768 1661 927 1730 Salomon
945 1662 1088 1730 creditur
1105 1655 1297 1732 celebrasse
1307 1687 1315 1751 ;
1333 1663 1407 1731 dedit

293 1761 379 1827 enim
406 1761 496 1828 laute
522 1765 555 1828 et
581 1759 715 1828 abunde
741 1759 998 1829 advenientibus
1025 1763 1153 1852 omnia,
1183 1769 1216 1830 et
1242 1761 1332 1831 dona
1355 1779 1406 1849 que

292 1858 412 1928 milites
430 1859 647 1928 histrionibus
673 1860 784 1946 largiti
810 1859 942 1928 luerunt
967 1861 1108 1948 restituit
1132 1854 1301 1930 univorsa,
1325 1861 1407 1948 Epis·

294 1975 402 2047 oopus
436 1956 695 2044 argentinensis
734 1957 867 2026 obsedit
896 1959 1157 2028 Mersmonsters
1191 1965 1272 2029 ante
1306 1959 1408 2028 leston

291 2056 491 2144 Margarete.
525 2057 790 2143 lmColumbaria
815 2059 917 2126 multa
942 2077 1031 2127 nova
1056 2061 1135 2128 vina
1163 2058 1255 2128 bona
1280 2060 1407 2148 reperie-

291 2153 411 2224 bantur
436 2157 660 2228 innativitate
695 2157 800 2225 llario
824 2158 962 2244 virginis
988 2158 1146 2243 gloriose.
1188 2157 1260 2226 llex
1284 2155 1408 2227 Adollus

293 2257 380 2322 circa
405 2256 609 2324 nativitatem
635 2256 733 2324 beato
759 2255 864 2324 Mario
888 2258 1028 2342 virginis
1054 2257 1155 2344 [sept.
1182 2257 1221 2346 8]
1261 2256 1409 2326 dominun

294 2352 523 2422 Tbeobaldum
561 2356 713 2423 comitem
745 2355 960 2424 Pbirretarnm
986 2355 1115 2426 Alsatie
1147 2357 1291 2424 instituit
1320 2355 1409 2425 advo-

293 2459 411 2520 catum.
455 2453 575 2522 Comes
600 2453 816 2522 Phirretamm
839 2453 1014 2523 descendit
1040 2455 1082 2524 ad
1106 2472 1219 2542 regem
1244 2473 1320 2524 cum
1342 2456 1410 2522 mol-

293 2550 432 2620 titudine
450 2551 655 2626 bellatorum.
689 2552 850 2622 Dominus
870 2552 911 2622 de
930 2553 1153 2640 Liobtenberg
1171 2553 1232 2622 luit
1249 2555 1294 2623 dc
1312 2555 1410 2641 Egen-

293 2649 379 2719 beim
398 2649 611 2739 depredatus.
654 2651 724 2720 Rex
748 2650 869 2739 Anglie
901 2653 989 2747 misit
1015 2652 1208 2740 precedenti
1241 2672 1332 2722 anno
1355 2652 1410 2736 regi

293 2749 515 2819 Romanorum
540 2753 674 2838 triginta
693 2751 793 2820 millia
810 2769 989 2820 marcarum
1008 2758 1044 2820 ut
1062 2754 1092 2820 ei
1111 2757 1255 2820 armatos
1276 2755 1364 2821 viros
1380 2749 1411 2817 al

294 2867 400 2917 rerum
428 2867 560 2917 suarum
585 2851 727 2918 mitteret
751 2849 959 2920 defensores.
1000 2851 1038 2918 ln
1055 2851 1281 2920 decollatione
1299 2851 1412 2919 loban-

294 2949 348 3016 nis
375 2947 520 3034 baptiste
546 2948 638 3035 [aug.
658 2949 721 3037 29]
747 2951 840 3018 venit
862 2969 919 3018 rex
937 2949 1059 3037 Anglie
1083 2952 1117 3018 in
1140 2950 1328 3018 blandriam
1353 2967 1412 3017 oum

297 3047 489 3132 quingentis
508 3049 637 3134 magnis
664 3048 806 3118 navibus
834 3067 907 3116 oum
932 3067 993 3116 sex
1023 3049 1164 3116 millibus
1191 3051 1328 3119 militum
1353 3066 1412 3116 oum

297 3145 393 3231 equis
412 3142 603 3236 dextrariiS,
631 3153 664 3214 et
689 3148 763 3214 tulit
788 3166 901 3219 secum
927 3149 1061 3216 multam
1087 3151 1262 3236 pecuniam
1282 3150 1413 3236 quinque

297 3245 393 3314 aunis
419 3247 576 3312 exercitui
603 3247 793 3340 copiosam,
826 3253 954 3335 septem
987 3249 1073 3314 enim
1105 3247 1262 3315 militibus
1288 3261 1415 3317 marcam

297 3343 446 3431 quotidie
464 3345 611 3432 quinque
637 3347 733 3413 annis
753 3346 942 3433 expendere
967 3349 1145 3434 potuisset.
1170 3346 1242 3414 Rex
1258 3345 1415 3415 Romano-

297 3461 366 3510 rum
391 3445 483 3511 venit
513 3445 546 3512 in
573 3443 770 3512 adiutorium
794 3447 865 3532 regi
891 3444 1014 3530 anglie
1041 3463 1114 3512 oum
1139 3447 1235 3532 equis
1261 3445 1314 3513 bis
1340 3443 1414 3510 mille

297 3542 487 3630 phaleratis,
520 3542 621 3611 Filius
641 3542 785 3611 Conradi
803 3543 977 3612 Wernberi
995 3543 1037 3611 de
1056 3543 1228 3634 Hadistat‚
1254 3545 1350 3612 miles
1373 3544 1415 3608 iu·

297 3642 403 3730 venis,
413 3641 513 3710 rebus
529 3643 563 3710 in
579 3642 731 3710 adversis
748 3643 928 3730 virtuosus,
939 3649 1053 3710 contra
1069 3659 1182 3728 regem
1198 3643 1337 3710 Franoie
1355 3657 1416 3708 cum

297 3740 464 3808 avunculo
480 3758 553 3828 suo,
569 3741 636 3810 lrlio
647 3742 783 3808 comitis
793 3742 1018 3830 Pbirretarum,
1030 3747 1173 3810 armatus
1192 3741 1431 3830 proficiscitur;;

299 3838 459 3906 occiditur
476 3839 518 3906 ab
536 3841 675 3908 inimicis
694 3842 810 3908 traitns
831 3841 873 3908 ab
892 3843 1017 3908 amicis.
1034 3840 1227 3908 budovious
1245 3859 1305 3908 rex
1322 3837 1431 3906 Fran-3

299 3938 349 4004 oie
376 3939 591 4006 canonisatur
614 3957 634 4006 a
659 3938 832 4008 Boniloclo
851 3959 949 4030 papa,
978 3946 1011 4007 ct
1029 3939 1149 4008 festum
1167 3941 1240 4008 eius
1268 3937 1431 4006 celebrarit

299 4033 399 4104 debet
416 4037 450 4104 in
468 4037 613 4104 crastimo
631 4037 870 4127 Bartholomei,
896 4058 953 4106 rex
971 4057 1051 4106 vero
1069 4039 1227 4106 Bobemie
1245 4039 1431 4106 canonisav

299 4140 352 4202 tus
372 4133 489 4202 dicitur
512 4137 545 4202 in
564 4153 653 4204 anno
671 4136 871 4224 precedenti.
905 4137 1069 4206 Dominus
1088 4137 1129 4205 de
1147 4138 1319 4205 Bercheim
1338 4134 1419 4204 scol-

299 4238 388 4301 tetus
407 4233 688 4303 columbariensis
707 4235 870 4323 quosdam
897 4236 938 4304 rte
958 4236 1087 4305 civibus
1106 4237 1231 4324 expulit
1248 4236 1419 4314 violentem
