2886 4834
401 209 566 258 cnxoxrccn
588 209 795 258 ccxxxnxexsr.
1116 182 1161 250 87

38 351 168 435 geiaco:
187 349 286 416 Scies
300 353 440 436 ccpnote
456 349 545 434 qood
555 341 566 386 ¹
583 366 735 416 socerum
754 368 806 416 me
829 348 1073 418 contradicente
1094 363 1160 416 non
1178 358 1246 414 lace

37 449 152 533 poteris
170 451 334 530 visitata·
352 451 382 516 ct
399 467 476 516 ccrc
501 466 653 516 socerum
667 451 757 515 team
781 449 968 516 visitaveris
987 464 1087 514 mono
1106 446 1163 515 tibi

39 546 139 614 aalide
154 547 394 614 emurcetccm.
427 547 504 614 Dux
521 549 661 616 Bavarie
685 548 760 634 plus
786 566 884 635 quam
908 552 1076 616 trecentos
1100 547 1162 613 mi-

39 647 102 714 lites
119 647 318 736 acquisivit,
338 646 381 714 ad
400 664 554 714 socerum
573 664 668 714 suum
685 643 842 715 Adollum
861 664 975 732 regern
992 644 1161 714 Romano-

39 763 95 812 rum
111 763 237 814 versus
254 743 416 814 Alsatium
435 745 622 814 declinavit.
650 741 800 814 Occurrit
817 749 926 814 autem
945 745 977 812 ei
995 745 1180 828 cognatus

40 863 108 912 suus
133 860 254 912 cernes
272 843 428 914 Albertus
447 844 489 913 de
508 842 689 931 Hegirlccb
707 862 781 912 cum
798 843 955 912 militibus
973 843 1082 910 mulbs
1092 897 1102 932 ,
1129 847 1163 910 et

39 942 142 1010 ducem
161 950 345 1030 cognatum
364 962 460 1012 suum
478 961 598 1032 capere
616 943 790 1013 nitebatur.
826 943 950 1012 Milites
968 960 1046 1010 vere
1065 940 1161 1010 ducis

40 1045 130 1130 ipsum
156 1041 304 1112 fideliter
326 1041 556 1112 defenderunt.
602 1042 681 1110 Post
711 1043 847 1129 longam
880 1042 1160 1110 concertationem

40 1159 137 1209 mnes
155 1140 318 1210 Albertus
342 1144 436 1210 lesus
455 1141 497 1211 de
516 1141 681 1211 dextrario
700 1141 828 1210 cecidit.
863 1140 1024 1210 Videntes
1048 1141 1160 1208 rustici

40 1259 120 1308 suum
149 1239 323 1308 dominum
347 1241 524 1331 cecidisse,
564 1240 607 1308 ad
631 1243 740 1330 ipsum
766 1244 1011 1328 convenerunt,
1039 1239 1159 1306 multos

41 1339 211 1408 dextrarios
232 1338 470 1430 consederunt,
488 1347 525 1408 ut
541 1339 709 1408 dominum
727 1358 822 1408 suum
840 1359 861 1408 a
878 1339 990 1407 mortis
1008 1337 1158 1426 periculo

41 1438 213 1506 lberarcnt.
254 1438 378 1508 lllilites
404 1439 559 1508 videntes
586 1457 623 1507 se
657 1437 841 1508 dextrarios
867 1439 1023 1506 annisisse
1048 1436 1158 1506 subito

41 1544 276 1624 convenerunt,
308 1541 450 1608 rusticos
468 1537 590 1625 gladiis
607 1539 817 1628 invaserunt,
835 1543 870 1606 et
885 1556 973 1626 pene
991 1541 1158 1604 trecentos

42 1637 240 1726 ecciderunt,
259 1637 419 1725 plurimos
436 1639 708 1726 vulneraverunt,
727 1638 844 1724 reliqui
861 1637 1021 1725 perterriti
1039 1634 1158 1704 ducem

42 1736 162 1804 lluvarie
180 1755 328 1824 pergere
347 1754 415 1824 quo
431 1738 536 1806 veluit
552 1735 655 1804 bbere
673 1737 901 1824 permiserunt.
936 1735 1057 1804 Comes
1075 1752 1157 1802 vero

41 1832 177 1903 ilbertus
197 1834 243 1904 de
261 1833 444 1922 Hegirlocb
462 1836 543 1904 obiit
560 1853 633 1903 oum
651 1837 770 1904 ceteris
788 1834 980 1904 interiectis.

97 1933 175 2002 Cum
193 1934 265 2002 dux
282 1933 416 2004 Austrie
433 1936 467 2003 in
485 1934 678 2004 Waldisbut
687 1934 844 2022 oppidum
857 1933 1079 2022 pervenisset,
1099 1951 1157 2000 rex

40 2031 162 2100 ldollus
181 2032 366 2102 declinavit
382 2035 417 2102 in
434 2033 606 2124 elisatiam,
624 2034 744 2102 volens
763 2033 839 2101 duci
856 2034 943 2101 viam
961 2029 1156 2119 precludcrc

12 2173 13 2182 .
44 2129 256 2220 descendenti.
281 2132 357 2200 Dux
374 2133 515 2202 audiens
533 2151 647 2219 regem
664 2129 820 2200 Adollam
843 2133 877 2200 in
893 2129 1056 2200 Alsatiam
1075 2129 1156 2198 des-

42 2230 178 2299 condisse
187 2285 197 2322 ,
217 2234 254 2300 in
271 2231 464 2318 leiburgum
481 2234 605 2321 etipse
625 2230 735 2299 subito
759 2231 948 2300 declinavit.
975 2228 1075 2298 Cives
1093 2247 1155 2296 au-

12 2377 13 2382 ,
43 2335 94 2396 lem
113 2329 355 2417 Friburgenses
380 2333 489 2419 ipsum
514 2332 635 2399 intrare
659 2331 825 2398 civitatem
849 2349 923 2398 cum
941 2329 1073 2397 armatis
1091 2328 1154 2396 lxo-

43 2428 164 2497 ninibus
188 2437 379 2498 renuerunt.
414 2428 556 2499 Adollus
581 2448 640 2498 rex
664 2430 856 2515 intelligens
882 2429 1000 2496 ducem
1023 2426 1155 2496 Fribur·

12 2535 14 2586 t
43 2544 105 2610 pum
119 2530 328 2619 pervenisse,
348 2530 520 2598 castellum
538 2528 735 2614 llencingen
753 2530 898 2616 perrexit
914 2527 991 2595 duci
1009 2524 1154 2594 descen·

12 2631 13 2656 ¹
44 2623 117 2692 denti
140 2629 230 2695 viam
254 2627 492 2696 abstracturus.
519 2628 594 2696 Dux
618 2628 811 2714 intelligens
838 2629 871 2695 in
896 2625 1091 2710 liencingen
1116 2641 1154 2692 se

12 2747 13 2808 3
45 2741 137 2809 regem
154 2727 386 2818 transtulisse,
406 2727 581 2796 descendit
599 2728 734 2815 etipse,
753 2744 793 2793 ec
812 2743 874 2794 suu
891 2724 1032 2792 tentoria
1049 2739 1154 2810 prope

46 2825 116 2907 regis
133 2827 278 2894 tentoria
301 2827 487 2895 collocavit.
513 2826 687 2894 Exercitus
711 2823 774 2894 sibi
791 2829 903 2893 mutuo
921 2820 1153 2910 loquebantur,

12 2919 13 2950 ³
47 2921 182 2993 sedadse
192 2927 369 3014 pervenire
379 2931 513 3014 propter
522 2941 608 3013 aque
617 2927 788 2994 transitum
798 2941 866 2992 non
876 2920 1041 2991 valebant.
1051 2919 1153 3005 Regis

47 3025 189 3092 exercitus
217 3025 388 3112 penuriam
411 3025 508 3112 panis
529 3023 693 3092 interdum
710 3023 913 3112 patiebatur,
940 3021 1018 3108 qnia
1036 3021 1153 3088 civitas

46 3117 232 3191 trisacensis
262 3127 295 3190 et
322 3122 603 3192 Columbariensis
636 3124 760 3211 pistare
786 3139 907 3209 panem
932 3117 1153 3188 sufficientem

46 3221 179 3288 exercitui
206 3238 276 3290 nco
299 3222 442 3291 valebat.
469 3221 695 3290 Hiltibrandus
720 3220 848 3310 depiles
865 3220 907 3288 de
924 3219 1152 3307 Buppinbeim,

47 3316 83 3381 vix
96 3319 219 3388 iuvenis
238 3320 331 3390 lortis
350 3321 472 3390 nobilis
490 3339 531 3389 ac
549 3319 662 3409 dives,
689 3318 730 3389 de
749 3321 897 3388 exercitu
914 3319 1004 3404 regis
1023 3315 1152 3384 fratrem

47 3413 162 3486 visitans
178 3422 215 3488 in
233 3421 377 3509 treugis
405 3418 447 3489 de
474 3421 620 3488 exercitu
638 3419 733 3488 ducis
752 3417 911 3488 occiditur
928 3415 1153 3484 fraudulenter

48 3512 114 3582 eirca
129 3517 289 3588 kelandas
307 3520 392 3588 maii.
420 3519 480 3588 Per
496 3518 723 3587 Predieatores
741 3519 775 3586 in
794 3515 1034 3586 Columbariam
1052 3512 1152 3582 duci-

47 3615 85 3676 tur
99 3617 371 3704 etapudeosdem
382 3619 609 3706 sollempniter
627 3619 795 3706 sepelitur.
813 3616 974 3684 Dominus
993 3611 1035 3680 de
1049 3611 1151 3680 Bere-

49 3705 114 3778 lein
130 3721 160 3781 et
176 3716 330 3786 dominus
348 3717 390 3786 de
408 3717 564 3804 Haginelx
581 3709 737 3785 ductores
752 3716 903 3802 bigarum
917 3710 1067 3797 sedecim
1086 3730 1151 3798 que

49 3813 180 3882 exercitui
202 3817 397 3886 necessaria
422 3815 600 3904 pertubant
617 3815 659 3886 ab
676 3815 817 3884 inimicis
837 3809 1152 3902 supervenientibus

51 3909 202 3992 cupiuntur.

106 4007 177 4078 Cum
193 4031 251 4081 rex
268 4009 410 4082 Adollus
429 4032 502 4081 oum
520 4012 638 4099 grandi
657 4014 803 4082 exercitu
821 4029 908 4100 pene
928 4009 1046 4079 dicbus
1066 4027 1150 4097 qua·

52 4103 200 4178 tucrdeoim
225 4129 330 4200 prope
349 4111 544 4198 liencingen
563 4112 765 4202 quievisset,
784 4110 951 4198 nichilque
971 4114 1064 4178 esset
1083 4125 1149 4176 no-

75 4211 97 4276 ¹l
113 4217 168 4284 quia
183 4219 227 4274 bat
244 4219 294 4276 cler
311 4219 404 4288 deuel,
423 4236 479 4276 was
495 4219 538 4276 iclr
557 4219 675 4275 indocte.
