2886 4834
402 237 567 286 cuuorrcon
589 238 798 285 cucurrisses.
1121 207 1166 278 89

52 380 162 448 luroris
180 379 234 466 vii,
252 383 318 444 tres
333 377 496 445 electores
514 378 604 462 regis
618 376 847 457 Romanorum,
866 375 994 444 seilicet
1011 376 1165 444 dominus
1185 383 1252 438 ruse

52 475 548 565 arehiepiscopusitiaguntinus‚
559 475 703 543 marchio
716 473 1049 559 Brundenburgensis
1060 481 1092 543 et
1103 475 1171 542 dux

52 577 188 646 Saxonis
223 577 256 642 io
281 574 459 660 Mogontia
490 579 733 661 convenerunt,
768 589 948 661 campanos
978 575 1170 662 compulsa-

52 681 168 764 rerunt‚
189 675 345 762 populum
364 681 646 763 convocaverunt,
665 671 890 766 quodamque
909 671 1066 761 iecerunt,
1085 691 1170 760 que·

52 775 116 842 doro
147 772 303 842 facienda
335 771 474 840 fideliter
506 773 697 841 retulerunt.
742 769 978 840 Ascenderunt
1007 773 1107 858 igitur
1136 773 1170 839 in

52 875 234 962 ecclesium,
266 871 370 941 tocies
405 889 487 940 suus
520 877 690 940 vertentes
709 869 752 938 od
783 871 904 958 altore,
939 887 1056 938 munus
1090 888 1170 940 suas

51 974 253 1059 levaverunt,
287 990 347 1059 per
363 969 463 1038 deum
479 972 647 1040 viventem
664 972 870 1037 iuraverunt:
894 971 984 1054 quod
1005 987 1078 1037 orm
1095 975 1171 1038 onte

51 1089 102 1138 seu
127 1087 234 1138 onnos
254 1087 393 1156 repnum
418 1087 498 1156 repe
523 1072 672 1138 coruerit
702 1068 934 1152 iiorrronorum,
960 1085 1023 1136 nos
1048 1069 1170 1136 electo-

51 1189 96 1236 res
111 1175 180 1236 tres
204 1187 249 1236 ee
265 1173 366 1254 porte
386 1173 505 1236 nostro
527 1173 560 1236 et
579 1187 627 1236 ee
643 1172 741 1254 porte
758 1167 960 1252 reliquorum
983 1168 1170 1251 electorum,

52 1272 96 1354 poi
107 1271 140 1336 in
154 1287 218 1336 nos
244 1267 383 1354 elipertdi
402 1272 480 1335 uoto
495 1285 560 1335 suo
577 1267 832 1348 transtulerunt,
854 1267 927 1334 iure
948 1285 991 1334 oc
1012 1269 1170 1335 eorumne

51 1367 193 1452 ridellum
213 1367 254 1434 de
273 1367 448 1448 Nossorce,
475 1370 552 1434 tunc
576 1384 643 1434 non
666 1369 900 1452 coprtoseentes
929 1366 1113 1448 meliorent,
1136 1370 1171 1433 in

52 1485 148 1554 repen
165 1467 325 1552 elepimus
339 1465 570 1534 Rornanorum.
605 1466 689 1534 Post
701 1465 890 1532 electionem
911 1483 1008 1532 mom
1030 1465 1171 1548 Adolsus

52 1568 281 1652 recsopienter
294 1581 331 1632 se
351 1567 462 1650 tenent,
477 1563 674 1633 electoribus
689 1569 788 1650 utque
806 1563 1020 1650 prudentibus
1034 1567 1170 1650 nequie-

52 1668 95 1731 or't.
124 1665 209 1733 Post
221 1663 319 1732 breue
341 1668 467 1750 tempus
488 1666 674 1750 sapientum
694 1663 835 1731 corutlio
857 1666 997 1750 spreuit,
1021 1666 1172 1731 iuuenum

53 1763 185 1832 consiliis
199 1765 371 1848 ocouieoit,
388 1768 421 1830 et
439 1763 586 1849 rependo
601 1765 731 1830 minime
740 1765 949 1844 terminavit;
963 1763 1098 1830 divitius
1109 1781 1172 1848 per

52 1880 80 1928 se
101 1881 164 1931 non
182 1861 314 1945 babuit,
343 1879 404 1928 nec
424 1864 550 1930 omims
571 1865 627 1948 qui
650 1879 724 1929 eurn
743 1862 863 1929 uellent
879 1861 1022 1943 fideliter
1045 1866 1170 1929 lucore.

53 1961 208 2030 Electores
232 1962 379 2028 videmos
401 1960 463 2029 bos
487 1961 636 2046 desectus
657 1964 749 2048 repis
773 1966 808 2027 et
829 1961 1030 2046 plusquam
1056 1963 1171 2046 utpiuti

52 2060 140 2142 otios,
158 2078 251 2148 pope
267 2061 548 2146 sipnificocerunt,
564 2065 723 2146 ropontes
736 2060 928 2145 suppliciter
941 2063 1103 2144 protenus
1117 2062 1171 2144 tp-

52 2176 112 2226 snre
124 2159 219 2228 nobis
234 2159 319 2226 dore
337 2163 570 2227 ouctoritotern
581 2157 772 2226 absoluendi
791 2163 825 2224 et
839 2159 942 2226 olium
956 2159 1172 2240 cmfirmndi

52 2258 141 2325 nellel.
175 2258 215 2327 ld
239 2259 453 2327 obtinuerunt
475 2263 512 2326 ut
536 2278 556 2326 a
580 2258 730 2346 pluribus
748 2257 919 2326 dicebatur
927 2281 935 2344 3
963 2258 1072 2325 nuncii
1089 2275 1169 2326 vero

52 2354 148 2425 Abolir
166 2359 260 2444 regis
278 2357 431 2426 dixerunt
448 2357 539 2445 qood
565 2357 615 2424 iris
633 2376 722 2446 popa
746 2357 937 2446 simpliciter
954 2355 1170 2424 contradixe-

52 2457 92 2522 rit.
115 2456 229 2542 Ipsius
245 2459 347 2543 ipttur
367 2459 565 2524 auctoritate
583 2455 677 2524 nobis
695 2459 872 2524 commisso
886 2455 1041 2539 Adolsum
1059 2472 1172 2541 nepem

51 2555 287 2638 trisufflcientem
300 2558 513 2639 inuenientes,
533 2553 733 2623 obsoloimus
751 2573 824 2622 euru
843 2574 866 2621 o
879 2557 1048 2640 sepiminis
1062 2553 1171 2640 dipnr'-

52 2656 123 2736 tote,
140 2660 173 2721 et
190 2655 358 2722 Mutuum
372 2654 540 2722 Albertum
554 2655 669 2722 ducem
685 2655 817 2722 Austrie
841 2657 875 2722 in
890 2654 1053 2722 urinum
1067 2658 1101 2720 et
1112 2671 1170 2719 re-

53 2769 115 2836 pert
127 2754 281 2840 elipimus
294 2753 533 2836 Romanorum,
549 2758 583 2820 et
592 2757 760 2840 potestate
773 2753 867 2822 nobis
882 2751 1009 2820 trudito
1021 2753 1172 2820 similiter

52 2853 281 2932 unbrmomus.
320 2853 362 2921 Et
387 2852 427 2920 Te
449 2853 544 2920 ἀννννι
565 2853 742 2920 laudamus
763 2852 990 2940 sollempniter
1012 2857 1171 2919 conove-

53 2957 123 3017 runt.
149 2952 299 3040 Cumque
324 2951 391 3019 dux
407 2969 548 3040 presens
567 2952 805 3043 resedisset,
838 2957 929 3020 extra
947 2951 1110 3020 civitatem
1129 2949 1172 3018 ed

53 3050 256 3120 tabernacula
278 3056 510 3141 perrexerunt,
551 3056 584 3120 et
612 3051 657 3118 ibi
684 3070 828 3139 pannum
858 3051 1039 3140 pretiosum
1073 3067 1172 3138 supro

55 3165 161 3235 equum
178 3151 407 3240 proiecerunt,
432 3169 614 3238 regemque
641 3150 787 3238 desuper
805 3149 923 3219 sedere
941 3157 1171 3239 preceperunt,

55 3252 81 3312 st
100 3247 137 3314 Te
154 3249 253 3316 άνννννι
266 3249 442 3316 laudemus
459 3265 533 3317 oum
550 3267 672 3336 magno
689 3251 791 3317 letitia
819 3253 1043 3317 cantaverunt.
1079 3248 1172 3317 Civi-

54 3349 141 3414 totum
158 3348 253 3416 oives
277 3347 364 3415 huno
385 3365 498 3434 regern
519 3348 723 3438 deriserunt,
751 3354 783 3417 et
800 3349 831 3416 ci
849 3347 1038 3416 nuliatenus
1054 3366 1172 3435 parere

55 3444 227 3535 volucrium,
243 3447 341 3533 eique
355 3446 503 3516 vendere
520 3450 713 3516 necessario
729 3453 917 3537 renuerunt,
937 3465 1051 3533 regem
1064 3444 1172 3514 Ador-

56 3539 110 3610 tirm
120 3563 178 3632 pro
195 3551 463 3631 regotenuorunt
480 3551 513 3614 et
527 3548 557 3615 ei
573 3547 765 3616 necessaria
780 3546 989 3635 prebuerunt,
1007 3543 1172 3631 iidemque

56 3639 90 3707 ad
105 3644 208 3730 ipsius
225 3644 348 3712 obitum
368 3663 478 3732 usque
495 3649 678 3714 tenuerunt.
706 3646 786 3713 Post
800 3650 936 3713 mortem
954 3642 1064 3712 Adolir
1081 3643 1172 3730 regis

56 3741 192 3812 civitates
203 3742 502 3814 Aibcrturnduoern
512 3742 644 3812 Austris
662 3745 804 3814 electum
814 3761 927 3830 regern
942 3742 1172 3832 sprincipibus

58 3839 154 3908 subito
169 3860 229 3930 pro
252 3859 314 3910 suo
336 3841 470 3912 domino
485 3848 682 3932 receperunt
699 3850 732 3912 et
746 3844 779 3911 in
797 3843 949 3911 omnibus
962 3848 1148 3930 paruerunt.

119 3939 152 4007 In
172 3946 293 4010 octava
311 3947 419 4010 autem
438 3943 544 4012 sancti
561 3941 725 4010 iohannis
744 3941 889 4030 baptiste
914 3937 988 4032 [iuli
1008 3938 1046 4033 t]
1067 3941 1173 4010 dorni-

58 4052 109 4104 nus
134 4040 404 4128 archiepiscopus
431 4040 651 4126 Moguntinus
677 4047 710 4108 et
736 4040 803 4109 dux
827 4038 960 4110 Austris
987 4041 1019 4108 in
1036 4042 1174 4130 penuria

59 4131 191 4227 suerunt,
218 4139 297 4227 quio
322 4141 474 4208 civitates
498 4141 622 4227 imperii
650 4141 699 4208 eis
725 4139 917 4209 necessaria
940 4137 1085 4208 vendero
1110 4157 1175 4206 no·

60 4231 184 4304 lusrrrnt.
211 4239 305 4306 Tunc
323 4237 365 4306 od
383 4239 524 4308 invicem
542 4238 712 4308 dixerunt:
739 4237 982 4326 Aliquantulum
995 4239 1174 4324 sepiamus
