<?xml version="1.0" encoding="UTF-8"?>
<!DOCTYPE html PUBLIC "-//W3C//DTD XHTML 1.0 Transitional//EN"
    "http://www.w3.org/TR/xhtml1/DTD/xhtml1-transitional.dtd">
<html xmlns="http://www.w3.org/1999/xhtml" xml:lang="en" lang="en">
 <head>
  <title>
</title>
<meta http-equiv="Content-Type" content="text/html;charset=utf-8" />
  <meta name='ocr-system' content='tesseract 3.04.00' />
  <meta name='ocr-capabilities' content='ocr_page ocr_carea ocr_par ocr_line ocrx_word'/>
</head>
<body>
  <div class='ocr_page' id='page_1' title='image "./fontesrerumgerm00hubegoog_0441.png"; bbox 0 0 2888 4824; ppageno 0'>
   <div class='ocr_carea' id='block_1_1' title="bbox 274 207 1024 283">
    <p class='ocr_par' dir='ltr' id='par_1_1' title="bbox 274 207 1024 283">
     <span class='ocr_line' id='line_1_1' title="bbox 274 207 1024 283; baseline 0.008 -7"><span class='ocrx_word' id='word_1_1' title='bbox 274 207 345 277; x_wconf 77' lang='lat'>378</span> <span class='ocrx_word' id='word_1_2' title='bbox 649 235 687 282; x_wconf 83' lang='lat' dir='ltr'>rr</span> <span class='ocrx_word' id='word_1_3' title='bbox 709 235 836 282; x_wconf 80' lang='lat' dir='ltr'>nerumo</span> <span class='ocrx_word' id='word_1_4' title='bbox 858 235 1024 283; x_wconf 83' lang='lat' dir='ltr'>uuouruusr.</span> 
     </span>
    </p>
   </div>
   <div class='ocr_carea' id='block_1_2' title="bbox 189 372 1436 760">
    <p class='ocr_par' dir='ltr' id='par_1_2' title="bbox 189 372 1436 760">
     <span class='ocr_line' id='line_1_2' title="bbox 189 372 1391 464; baseline 0.005 -26"><span class='ocrx_word' id='word_1_5' title='bbox 189 383 257 441; x_wconf 81' lang='lat'>1208</span> <span class='ocrx_word' id='word_1_6' title='bbox 272 373 359 464; x_wconf 87' lang='lat' dir='ltr'>iulii,</span> <span class='ocrx_word' id='word_1_7' title='bbox 387 390 577 462; x_wconf 86' lang='lat' dir='ltr'>passusque</span> <span class='ocrx_word' id='word_1_8' title='bbox 598 379 651 444; x_wconf 90' lang='lat' dir='ltr'>est</span> <span class='ocrx_word' id='word_1_9' title='bbox 672 379 763 443; x_wconf 89' lang='lat' dir='ltr'>totus</span> <span class='ocrx_word' id='word_1_10' title='bbox 786 372 929 442; x_wconf 92' lang='lat' dir='ltr'>mundus</span> <span class='ocrx_word' id='word_1_11' title='bbox 953 373 1149 444; x_wconf 89' lang='lat' dir='ltr'>scandulum</span> <span class='ocrx_word' id='word_1_12' title='bbox 1172 373 1263 462; x_wconf 86' lang='lat' dir='ltr'>quod</span> <span class='ocrx_word' id='word_1_13' title='bbox 1278 373 1391 463; x_wconf 89' lang='lat' dir='ltr'>pudent</span> 
     </span>
     <span class='ocr_line' id='line_1_3' title="bbox 269 472 1434 560; baseline 0.002 -18"><span class='ocrx_word' id='word_1_14' title='bbox 269 472 384 542; x_wconf 80' lang='lat' dir='ltr'>fastos.</span> <span class='ocrx_word' id='word_1_15' title='bbox 402 473 646 542; x_wconf 80' lang='lat' dir='ltr'>llemnnserunt</span> <span class='ocrx_word' id='word_1_16' title='bbox 658 479 768 542; x_wconf 89' lang='lat' dir='ltr'>autem</span> <span class='ocrx_word' id='word_1_17' title='bbox 783 473 900 559; x_wconf 83' lang='lat' dir='ltr'>regine</span> <span class='ocrx_word' id='word_1_18' title='bbox 915 475 1041 560; x_wconf 80' lang='lat' dir='ltr'>regalia</span> <span class='ocrx_word' id='word_1_19' title='bbox 1056 492 1129 542; x_wconf 94' lang='lat' dir='ltr'>cum</span> <span class='ocrx_word' id='word_1_20' title='bbox 1144 475 1263 544; x_wconf 87' lang='lat' dir='ltr'>castris</span> <span class='ocrx_word' id='word_1_21' title='bbox 1279 480 1309 542; x_wconf 88' lang='lat' dir='ltr'>et</span> <span class='ocrx_word' id='word_1_22' title='bbox 1323 475 1389 544; x_wconf 88' lang='lat' dir='ltr'>the·</span> <span class='ocrx_word' id='word_1_23' title='bbox 1433 493 1434 496; x_wconf 70' lang='grc'>’</span> 
     </span>
     <span class='ocr_line' id='line_1_4' title="bbox 269 571 1434 661; baseline 0.002 -21"><span class='ocrx_word' id='word_1_24' title='bbox 269 571 877 657; x_wconf 80' lang='lat' dir='ltr'>souroregio...Eodemunncmense</span> <span class='ocrx_word' id='word_1_25' title='bbox 891 573 1072 661; x_wconf 90' lang='lat' dir='ltr'>septembri</span> <span class='ocrx_word' id='word_1_26' title='bbox 1085 580 1214 640; x_wconf 91' lang='lat' dir='ltr'>mortua</span> <span class='ocrx_word' id='word_1_27' title='bbox 1225 575 1390 660; x_wconf 84' lang='lat' dir='ltr'>estregina</span> <span class='ocrx_word' id='word_1_28' title='bbox 1433 591 1434 656; x_wconf 60' lang='grc' dir='ltr'><em>ξ</em></span> 
     </span>
     <span class='ocr_line' id='line_1_5' title="bbox 269 665 1436 760; baseline 0.002 -20"><span class='ocrx_word' id='word_1_29' title='bbox 269 671 386 740; x_wconf 92' lang='lat' dir='ltr'>dolore</span> <span class='ocrx_word' id='word_1_30' title='bbox 396 677 509 759; x_wconf 91' lang='lat' dir='ltr'>partus</span> <span class='ocrx_word' id='word_1_31' title='bbox 524 672 658 760; x_wconf 80' lang='lat' dir='ltr'>gemini,</span> <span class='ocrx_word' id='word_1_32' title='bbox 673 669 875 758; x_wconf 76' lang='lat' dir='ltr'>precedente</span> <span class='ocrx_word' id='word_1_33' title='bbox 890 671 1006 740; x_wconf 89' lang='lat' dir='ltr'>dolore</span> <span class='ocrx_word' id='word_1_34' title='bbox 1016 673 1215 758; x_wconf 82' lang='lat' dir='ltr'>gravissime</span> <span class='ocrx_word' id='word_1_35' title='bbox 1225 675 1315 741; x_wconf 89' lang='lat' dir='ltr'>necis</span> <span class='ocrx_word' id='word_1_36' title='bbox 1329 691 1390 742; x_wconf 88' lang='lat' dir='ltr'>ma·</span> <span class='ocrx_word' id='word_1_37' title='bbox 1433 665 1436 722; x_wconf 64' lang='lat'>5</span> 
     </span>
    </p>
   </div>
   <div class='ocr_carea' id='block_1_3' title="bbox 267 766 1436 2644">
    <p class='ocr_par' dir='ltr' id='par_1_3' title="bbox 267 759 1436 2644">
     <span class='ocr_line' id='line_1_6' title="bbox 269 766 1390 860; baseline -0.003 -22"><span class='ocrx_word' id='word_1_38' title='bbox 269 771 331 838; x_wconf 87' lang='lat' dir='ltr'>riti.</span> <span class='ocrx_word' id='word_1_39' title='bbox 346 771 462 856; x_wconf 86' lang='lat' dir='ltr'>ltaque</span> <span class='ocrx_word' id='word_1_40' title='bbox 474 766 551 838; x_wconf 91' lang='lat' dir='ltr'>Otto</span> <span class='ocrx_word' id='word_1_41' title='bbox 567 788 624 838; x_wconf 85' lang='lat' dir='ltr'>rex</span> <span class='ocrx_word' id='word_1_42' title='bbox 640 776 743 839; x_wconf 87' lang='lat' dir='ltr'>toturn</span> <span class='ocrx_word' id='word_1_43' title='bbox 758 769 898 840; x_wconf 87' lang='lat' dir='ltr'>obtinuit</span> <span class='ocrx_word' id='word_1_44' title='bbox 912 789 1060 860; x_wconf 80' lang='lat' dir='ltr'>regnum,</span> <span class='ocrx_word' id='word_1_45' title='bbox 1076 779 1109 839; x_wconf 92' lang='lat' dir='ltr'>et</span> <span class='ocrx_word' id='word_1_46' title='bbox 1124 773 1237 840; x_wconf 88' lang='lat' dir='ltr'>omnia</span> <span class='ocrx_word' id='word_1_47' title='bbox 1253 771 1390 859; x_wconf 87' lang='lat' dir='ltr'>quePbi-</span> 
     </span>
     <span class='ocr_line' id='line_1_7' title="bbox 268 869 1436 958; baseline 0 -20"><span class='ocrx_word' id='word_1_48' title='bbox 268 869 349 958; x_wconf 84' lang='lat' dir='ltr'>lippi</span> <span class='ocrx_word' id='word_1_49' title='bbox 364 870 455 956; x_wconf 87' lang='lat' dir='ltr'>regis</span> <span class='ocrx_word' id='word_1_50' title='bbox 474 875 570 936; x_wconf 90' lang='lat' dir='ltr'>erant</span> <span class='ocrx_word' id='word_1_51' title='bbox 587 869 749 958; x_wconf 92' lang='lat' dir='ltr'>adeptus,</span> <span class='ocrx_word' id='word_1_52' title='bbox 765 871 916 958; x_wconf 88' lang='lat' dir='ltr'>promisit</span> <span class='ocrx_word' id='word_1_53' title='bbox 934 888 972 938; x_wconf 90' lang='lat' dir='ltr'>se</span> <span class='ocrx_word' id='word_1_54' title='bbox 989 871 1088 938; x_wconf 88' lang='lat' dir='ltr'>filiam</span> <span class='ocrx_word' id='word_1_55' title='bbox 1107 871 1180 938; x_wconf 90' lang='lat' dir='ltr'>eius</span> <span class='ocrx_word' id='word_1_56' title='bbox 1198 871 1390 958; x_wconf 86' lang='lat' dir='ltr'>acciperem</span> <span class='ocrx_word' id='word_1_57' title='bbox 1435 909 1436 956; x_wconf 54' lang='lat' dir='ltr'>p</span> 
     </span>
     <span class='ocr_line' id='line_1_8' title="bbox 268 964 1436 1058; baseline 0.002 -22"><span class='ocrx_word' id='word_1_58' title='bbox 268 969 515 1052; x_wconf 81' lang='lat' dir='ltr'>matrimonium.</span> <span class='ocrx_word' id='word_1_59' title='bbox 538 1022 546 1036; x_wconf 90' lang='lat'>.</span> <span class='ocrx_word' id='word_1_60' title='bbox 569 1021 577 1036; x_wconf 90' lang='lat'>.</span> <span class='ocrx_word' id='word_1_61' title='bbox 603 964 683 1037; x_wconf 89' lang='lat' dir='ltr'>Otto</span> <span class='ocrx_word' id='word_1_62' title='bbox 708 987 768 1036; x_wconf 83' lang='lat' dir='ltr'>reu</span> <span class='ocrx_word' id='word_1_63' title='bbox 793 968 932 1057; x_wconf 87' lang='lat' dir='ltr'>pacifice</span> <span class='ocrx_word' id='word_1_64' title='bbox 964 975 1066 1058; x_wconf 89' lang='lat' dir='ltr'>totum</span> <span class='ocrx_word' id='word_1_65' title='bbox 1091 987 1232 1056; x_wconf 81' lang='lat' dir='ltr'>regnum</span> <span class='ocrx_word' id='word_1_66' title='bbox 1255 969 1391 1038; x_wconf 76' lang='lat' dir='ltr'><strong>obtinuit.</strong></span> <span class='ocrx_word' id='word_1_67' title='bbox 1435 1007 1436 1053; x_wconf 55' lang='lat' dir='ltr'>p</span> 
     </span>
     <span class='ocr_line' id='line_1_9' title="bbox 269 1065 1436 1159; baseline 0.001 -23"><span class='ocrx_word' id='word_1_68' title='bbox 269 1065 358 1136; x_wconf 83' lang='lat' dir='ltr'>Obiit</span> <span class='ocrx_word' id='word_1_69' title='bbox 374 1068 485 1136; x_wconf 91' lang='lat' dir='ltr'>Bruno</span> <span class='ocrx_word' id='word_1_70' title='bbox 505 1065 717 1136; x_wconf 88' lang='lat' dir='ltr'>Coloniensis</span> <span class='ocrx_word' id='word_1_71' title='bbox 736 1068 1017 1159; x_wconf 84' lang='lat' dir='ltr'>archiepiscopus,</span> <span class='ocrx_word' id='word_1_72' title='bbox 1035 1069 1089 1138; x_wconf 85' lang='lat' dir='ltr'>cui</span> <span class='ocrx_word' id='word_1_73' title='bbox 1107 1070 1275 1138; x_wconf 88' lang='lat' dir='ltr'>successit</span> <span class='ocrx_word' id='word_1_74' title='bbox 1290 1069 1389 1137; x_wconf 80' lang='lat' dir='ltr'>lbeu-</span> <span class='ocrx_word' id='word_1_75' title='bbox 1435 1107 1436 1154; x_wconf 53' lang='lat'>1</span> 
     </span>
     <span class='ocr_line' id='line_1_10' title="bbox 269 1165 1436 1256; baseline 0 -20"><span class='ocrx_word' id='word_1_76' title='bbox 269 1167 598 1236; x_wconf 89' lang='lat' dir='ltr'>dericussanctorum</span> <span class='ocrx_word' id='word_1_77' title='bbox 607 1165 1250 1256; x_wconf 83' lang='lat' dir='ltr'>Apostclcmmprepositus,quemante</span> <span class='ocrx_word' id='word_1_78' title='bbox 1265 1169 1391 1236; x_wconf 90' lang='lat' dir='ltr'>electio·</span> <span class='ocrx_word' id='word_1_79' title='bbox 1435 1211 1436 1252; x_wconf 49' lang='lat'>1</span> 
     </span>
     <span class='ocr_line' id='line_1_11' title="bbox 269 1265 1436 1355; baseline 0 -21"><span class='ocrx_word' id='word_1_80' title='bbox 269 1285 346 1336; x_wconf 94' lang='lat' dir='ltr'>nern</span> <span class='ocrx_word' id='word_1_81' title='bbox 363 1265 543 1355; x_wconf 86' lang='lat' dir='ltr'>appellauit</span> <span class='ocrx_word' id='word_1_82' title='bbox 560 1265 602 1334; x_wconf 93' lang='lat' dir='ltr'>ad</span> <span class='ocrx_word' id='word_1_83' title='bbox 621 1265 736 1334; x_wconf 88' lang='lat' dir='ltr'>sedem</span> <span class='ocrx_word' id='word_1_84' title='bbox 753 1267 972 1355; x_wconf 88' lang='lat' dir='ltr'>apostolicam</span> <span class='ocrx_word' id='word_1_85' title='bbox 981 1265 1181 1355; x_wconf 86' lang='lat' dir='ltr'>Aigulpbus,</span> <span class='ocrx_word' id='word_1_86' title='bbox 1198 1267 1254 1354; x_wconf 88' lang='lat' dir='ltr'>qui</span> <span class='ocrx_word' id='word_1_87' title='bbox 1271 1273 1391 1354; x_wconf 90' lang='lat' dir='ltr'>propter</span> <span class='ocrx_word' id='word_1_88' title='bbox 1435 1307 1436 1351; x_wconf 74' lang='lat'>,</span> 
     </span>
     <span class='ocr_line' id='line_1_12' title="bbox 269 1363 1436 1454; baseline -0.002 -20"><span class='ocrx_word' id='word_1_89' title='bbox 269 1364 516 1434; x_wconf 79' lang='lat' dir='ltr'>dissensionem</span> <span class='ocrx_word' id='word_1_90' title='bbox 531 1382 647 1450; x_wconf 80' lang='lat' dir='ltr'>regum</span> <span class='ocrx_word' id='word_1_91' title='bbox 663 1363 771 1434; x_wconf 89' lang='lat' dir='ltr'>luerat</span> <span class='ocrx_word' id='word_1_92' title='bbox 787 1365 829 1432; x_wconf 91' lang='lat' dir='ltr'>ab</span> <span class='ocrx_word' id='word_1_93' title='bbox 848 1366 1043 1444; x_wconf 89' lang='lat' dir='ltr'>Innocentio</span> <span class='ocrx_word' id='word_1_94' title='bbox 1058 1384 1146 1454; x_wconf 85' lang='lat' dir='ltr'>papa</span> <span class='ocrx_word' id='word_1_95' title='bbox 1163 1365 1350 1433; x_wconf 89' lang='lat' dir='ltr'>destitutus.</span> <span class='ocrx_word' id='word_1_96' title='bbox 1431 1391 1436 1450; x_wconf 40' lang='lat'>¹,</span> 
     </span>
     <span class='ocr_line' id='line_1_13' title="bbox 342 1462 1436 1553; baseline 0 -21"><span class='ocrx_word' id='word_1_97' title='bbox 342 1462 442 1532; x_wconf 85' lang='lat' dir='ltr'>Anno</span> <span class='ocrx_word' id='word_1_98' title='bbox 467 1462 590 1532; x_wconf 90' lang='lat' dir='ltr'>domini</span> <span class='ocrx_word' id='word_1_99' title='bbox 617 1465 784 1532; x_wconf 87' lang='lat' dir='ltr'>mccviiii.</span> <span class='ocrx_word' id='word_1_100' title='bbox 803 1517 811 1532; x_wconf 90' lang='lat'><strong>.</strong></span> <span class='ocrx_word' id='word_1_101' title='bbox 830 1517 837 1532; x_wconf 92' lang='lat'><strong>.</strong></span> <span class='ocrx_word' id='word_1_102' title='bbox 855 1463 1034 1532; x_wconf 86' lang='lat' dir='ltr'>lnterleoto</span> <span class='ocrx_word' id='word_1_103' title='bbox 1055 1463 1234 1532; x_wconf 87' lang='lat' dir='ltr'>crudeliter</span> <span class='ocrx_word' id='word_1_104' title='bbox 1250 1465 1389 1553; x_wconf 88' lang='lat' dir='ltr'>Philippo</span> <span class='ocrx_word' id='word_1_105' title='bbox 1435 1507 1436 1552; x_wconf 51' lang='lat' dir='ltr'>p</span> 
     </span>
     <span class='ocr_line' id='line_1_14' title="bbox 267 1560 1391 1653; baseline -0.002 -21"><span class='ocrx_word' id='word_1_106' title='bbox 267 1581 348 1649; x_wconf 83' lang='lat' dir='ltr'>rege</span> <span class='ocrx_word' id='word_1_107' title='bbox 367 1563 520 1632; x_wconf 87' lang='lat' dir='ltr'>acomite</span> <span class='ocrx_word' id='word_1_108' title='bbox 538 1563 719 1653; x_wconf 89' lang='lat' dir='ltr'>scelerato,</span> <span class='ocrx_word' id='word_1_109' title='bbox 738 1560 817 1632; x_wconf 88' lang='lat' dir='ltr'>Otto</span> <span class='ocrx_word' id='word_1_110' title='bbox 835 1583 896 1632; x_wconf 82' lang='lat' dir='ltr'>rex</span> <span class='ocrx_word' id='word_1_111' title='bbox 912 1570 1016 1632; x_wconf 90' lang='lat' dir='ltr'>totum</span> <span class='ocrx_word' id='word_1_112' title='bbox 1034 1581 1175 1650; x_wconf 80' lang='lat' dir='ltr'>regnum</span> <span class='ocrx_word' id='word_1_113' title='bbox 1193 1564 1391 1652; x_wconf 87' lang='lat' dir='ltr'>obtinuit,et</span> 
     </span>
     <span class='ocr_line' id='line_1_15' title="bbox 268 1661 1436 1752; baseline -0.001 -22"><span class='ocrx_word' id='word_1_114' title='bbox 268 1661 312 1730; x_wconf 92' lang='lat' dir='ltr'>de</span> <span class='ocrx_word' id='word_1_115' title='bbox 330 1679 500 1730; x_wconf 87' lang='lat' dir='ltr'>consensu</span> <span class='ocrx_word' id='word_1_116' title='bbox 517 1663 700 1750; x_wconf 91' lang='lat' dir='ltr'>principum</span> <span class='ocrx_word' id='word_1_117' title='bbox 719 1662 818 1730; x_wconf 86' lang='lat' dir='ltr'>liliam</span> <span class='ocrx_word' id='word_1_118' title='bbox 835 1663 975 1750; x_wconf 90' lang='lat' dir='ltr'>Philippi</span> <span class='ocrx_word' id='word_1_119' title='bbox 994 1663 1249 1752; x_wconf 82' lang='lat' dir='ltr'>primogenitam</span> <span class='ocrx_word' id='word_1_120' title='bbox 1267 1681 1311 1730; x_wconf 89' lang='lat' dir='ltr'>err</span> <span class='ocrx_word' id='word_1_121' title='bbox 1330 1663 1389 1730; x_wconf 92' lang='lat' dir='ltr'>dis·</span> <span class='ocrx_word' id='word_1_122' title='bbox 1435 1707 1436 1750; x_wconf 59' lang='lat'>3</span> 
     </span>
     <span class='ocr_line' id='line_1_16' title="bbox 268 1758 1436 1850; baseline 0 -22"><span class='ocrx_word' id='word_1_123' title='bbox 268 1761 469 1849; x_wconf 79' lang='lat' dir='ltr'>pensatione</span> <span class='ocrx_word' id='word_1_124' title='bbox 493 1760 677 1830; x_wconf 88' lang='lat' dir='ltr'>Innocentii</span> <span class='ocrx_word' id='word_1_125' title='bbox 701 1779 789 1850; x_wconf 90' lang='lat' dir='ltr'>pape</span> <span class='ocrx_word' id='word_1_126' title='bbox 812 1779 873 1850; x_wconf 86' lang='lat' dir='ltr'>per</span> <span class='ocrx_word' id='word_1_127' title='bbox 891 1761 977 1830; x_wconf 93' lang='lat' dir='ltr'>duos</span> <span class='ocrx_word' id='word_1_128' title='bbox 995 1761 1182 1830; x_wconf 91' lang='lat' dir='ltr'>cardinales</span> <span class='ocrx_word' id='word_1_129' title='bbox 1201 1763 1258 1848; x_wconf 85' lang='lat' dir='ltr'>qui</span> <span class='ocrx_word' id='word_1_130' title='bbox 1276 1779 1390 1830; x_wconf 84' lang='lat' dir='ltr'>execu·</span> <span class='ocrx_word' id='word_1_131' title='bbox 1428 1758 1436 1848; x_wconf 47' lang='grc' dir='ltr'>ᾗ</span> 
     </span>
     <span class='ocr_line' id='line_1_17' title="bbox 270 1859 1436 1950; baseline -0.002 -22"><span class='ocrx_word' id='word_1_132' title='bbox 270 1866 360 1928; x_wconf 90' lang='lat' dir='ltr'>tores</span> <span class='ocrx_word' id='word_1_133' title='bbox 378 1859 529 1949; x_wconf 89' lang='lat' dir='ltr'>luerunt,</span> <span class='ocrx_word' id='word_1_134' title='bbox 548 1859 590 1928; x_wconf 91' lang='lat' dir='ltr'>dc</span> <span class='ocrx_word' id='word_1_135' title='bbox 610 1859 731 1948; x_wconf 84' lang='lat' dir='ltr'>quibus</span> <span class='ocrx_word' id='word_1_136' title='bbox 749 1862 950 1930; x_wconf 86' lang='lat' dir='ltr'>mentionem</span> <span class='ocrx_word' id='word_1_137' title='bbox 969 1861 1124 1948; x_wconf 90' lang='lat' dir='ltr'>superius</span> <span class='ocrx_word' id='word_1_138' title='bbox 1142 1859 1303 1950; x_wconf 88' lang='lat' dir='ltr'>lecimus,</span> <span class='ocrx_word' id='word_1_139' title='bbox 1327 1861 1390 1928; x_wconf 89' lang='lat' dir='ltr'>lieet</span> <span class='ocrx_word' id='word_1_140' title='bbox 1435 1904 1436 1947; x_wconf 75' lang='lat'>,</span> 
     </span>
     <span class='ocr_line' id='line_1_18' title="bbox 268 1914 1432 2061; baseline 0 -35"><span class='ocrx_word' id='word_1_141' title='bbox 268 1961 490 2048; x_wconf 79' lang='lat' dir='ltr'>propinquam</span> <span class='ocrx_word' id='word_1_142' title='bbox 508 1977 611 2049; x_wconf 86' lang='lat' dir='ltr'>suern,</span> <span class='ocrx_word' id='word_1_143' title='bbox 630 1959 723 2028; x_wconf 82' lang='lat' dir='ltr'>duxit</span> <span class='ocrx_word' id='word_1_144' title='bbox 740 1977 886 2047; x_wconf 85' lang='lat' dir='ltr'>uxorem,</span> <span class='ocrx_word' id='word_1_145' title='bbox 902 1965 938 2028; x_wconf 95' lang='lat' dir='ltr'>ut</span> <span class='ocrx_word' id='word_1_146' title='bbox 949 1961 1100 2028; x_wconf 91' lang='lat' dir='ltr'>securius</span> <span class='ocrx_word' id='word_1_147' title='bbox 1115 1960 1278 2046; x_wconf 87' lang='lat' dir='ltr'>potiretur</span> <span class='ocrx_word' id='word_1_148' title='bbox 1296 1977 1388 2045; x_wconf 81' lang='lat' dir='ltr'>regno</span> <span class='ocrx_word' id='word_1_149' title='bbox 1425 1914 1432 2061; x_wconf 57' lang='grc' dir='ltr'><strong><em>Ι</em></strong></span> 
     </span>
     <span class='ocr_line' id='line_1_19' title="bbox 269 2055 1436 2148; baseline -0.004 -20"><span class='ocrx_word' id='word_1_150' title='bbox 269 2066 302 2128; x_wconf 90' lang='lat' dir='ltr'>et</span> <span class='ocrx_word' id='word_1_151' title='bbox 319 2058 418 2127; x_wconf 91' lang='lat' dir='ltr'>rebus</span> <span class='ocrx_word' id='word_1_152' title='bbox 436 2059 541 2144; x_wconf 84' lang='lat' dir='ltr'>regni.</span> <span class='ocrx_word' id='word_1_153' title='bbox 567 2059 638 2128; x_wconf 91' lang='lat' dir='ltr'>Nec</span> <span class='ocrx_word' id='word_1_154' title='bbox 655 2077 746 2126; x_wconf 90' lang='lat' dir='ltr'>mora</span> <span class='ocrx_word' id='word_1_155' title='bbox 764 2061 851 2128; x_wconf 89' lang='lat' dir='ltr'>circa</span> <span class='ocrx_word' id='word_1_156' title='bbox 869 2057 989 2126; x_wconf 81' lang='lat' dir='ltr'>festum</span> <span class='ocrx_word' id='word_1_157' title='bbox 1008 2059 1115 2126; x_wconf 91' lang='lat' dir='ltr'>sancti</span> <span class='ocrx_word' id='word_1_158' title='bbox 1133 2057 1301 2127; x_wconf 89' lang='lat' dir='ltr'>lobannis</span> <span class='ocrx_word' id='word_1_159' title='bbox 1317 2055 1389 2148; x_wconf 88' lang='lat' dir='ltr'>[iuni</span> <span class='ocrx_word' id='word_1_160' title='bbox 1435 2119 1436 2132; x_wconf 68' lang='grc'>,</span> 
     </span>
     <span class='ocr_line' id='line_1_20' title="bbox 269 2155 1436 2249; baseline -0.003 -23"><span class='ocrx_word' id='word_1_161' title='bbox 269 2155 334 2249; x_wconf 77' lang='lat' dir='ltr'>eb]</span> <span class='ocrx_word' id='word_1_162' title='bbox 361 2175 436 2226; x_wconf 90' lang='lat' dir='ltr'>cum</span> <span class='ocrx_word' id='word_1_163' title='bbox 461 2159 611 2226; x_wconf 87' lang='lat' dir='ltr'>exercitu</span> <span class='ocrx_word' id='word_1_164' title='bbox 637 2157 779 2226; x_wconf 91' lang='lat' dir='ltr'>collecto</span> <span class='ocrx_word' id='word_1_165' title='bbox 804 2158 894 2246; x_wconf 84' lang='lat' dir='ltr'>quali</span> <span class='ocrx_word' id='word_1_166' title='bbox 917 2159 1040 2246; x_wconf 88' lang='lat' dir='ltr'>poluit,</span> <span class='ocrx_word' id='word_1_167' title='bbox 1073 2157 1281 2245; x_wconf 91' lang='lat' dir='ltr'>principibus</span> <span class='ocrx_word' id='word_1_168' title='bbox 1308 2159 1388 2243; x_wconf 83' lang='lat' dir='ltr'>regni</span> <span class='ocrx_word' id='word_1_169' title='bbox 1430 2173 1436 2245; x_wconf 61' lang='lat' dir='ltr'>t</span> 
     </span>
     <span class='ocr_line' id='line_1_21' title="bbox 268 2253 1436 2346; baseline -0.003 -20"><span class='ocrx_word' id='word_1_170' title='bbox 268 2257 384 2346; x_wconf 89' lang='lat' dir='ltr'>paucis</span> <span class='ocrx_word' id='word_1_171' title='bbox 403 2274 518 2326; x_wconf 89' lang='lat' dir='ltr'>secum</span> <span class='ocrx_word' id='word_1_172' title='bbox 537 2257 709 2346; x_wconf 82' lang='lat' dir='ltr'>euntibus,</span> <span class='ocrx_word' id='word_1_173' title='bbox 728 2257 998 2346; x_wconf 78' lang='lat' dir='ltr'>transalpinavit,</span> <span class='ocrx_word' id='word_1_174' title='bbox 1017 2257 1143 2324; x_wconf 91' lang='lat' dir='ltr'>ltaliam</span> <span class='ocrx_word' id='word_1_175' title='bbox 1161 2253 1307 2345; x_wconf 88' lang='lat' dir='ltr'>intravit,</span> <span class='ocrx_word' id='word_1_176' title='bbox 1325 2257 1387 2324; x_wconf 88' lang='lat' dir='ltr'>llic-</span> <span class='ocrx_word' id='word_1_177' title='bbox 1435 2309 1436 2343; x_wconf 76' lang='lat'>,</span> 
     </span>
     <span class='ocr_line' id='line_1_22' title="bbox 269 2354 1387 2445; baseline -0.002 -21"><span class='ocrx_word' id='word_1_178' title='bbox 269 2355 438 2424; x_wconf 92' lang='lat' dir='ltr'>diolanum</span> <span class='ocrx_word' id='word_1_179' title='bbox 467 2357 573 2445; x_wconf 88' lang='lat' dir='ltr'>venit,</span> <span class='ocrx_word' id='word_1_180' title='bbox 600 2375 620 2423; x_wconf 91' lang='lat' dir='ltr'>a</span> <span class='ocrx_word' id='word_1_181' title='bbox 646 2354 957 2424; x_wconf 87' lang='lat' dir='ltr'>Mediolanensibus</span> <span class='ocrx_word' id='word_1_182' title='bbox 983 2362 1016 2422; x_wconf 88' lang='lat' dir='ltr'>et</span> <span class='ocrx_word' id='word_1_183' title='bbox 1042 2369 1153 2424; x_wconf 89' lang='lat' dir='ltr'>eorum</span> <span class='ocrx_word' id='word_1_184' title='bbox 1181 2356 1387 2444; x_wconf 90' lang='lat' dir='ltr'>eomplicibus</span> 
     </span>
     <span class='ocr_line' id='line_1_23' title="bbox 269 2453 1430 2542; baseline -0.003 -19"><span class='ocrx_word' id='word_1_185' title='bbox 269 2453 472 2523; x_wconf 87' lang='lat' dir='ltr'>desideranti</span> <span class='ocrx_word' id='word_1_186' title='bbox 491 2453 671 2522; x_wconf 87' lang='lat' dir='ltr'>devotione</span> <span class='ocrx_word' id='word_1_187' title='bbox 689 2461 741 2524; x_wconf 91' lang='lat' dir='ltr'>est</span> <span class='ocrx_word' id='word_1_188' title='bbox 765 2461 930 2542; x_wconf 89' lang='lat' dir='ltr'>receptus.</span> <span class='ocrx_word' id='word_1_189' title='bbox 957 2454 1144 2542; x_wconf 85' lang='lat' dir='ltr'>Paucisque</span> <span class='ocrx_word' id='word_1_190' title='bbox 1163 2455 1309 2522; x_wconf 85' lang='lat' dir='ltr'>evolutis</span> <span class='ocrx_word' id='word_1_191' title='bbox 1327 2453 1386 2522; x_wconf 86' lang='lat' dir='ltr'>dia·</span> <span class='ocrx_word' id='word_1_192' title='bbox 1426 2461 1430 2533; x_wconf 75' lang='lat' dir='ltr'>j</span> 
     </span>
     <span class='ocr_line' id='line_1_24' title="bbox 269 2552 1436 2644; baseline -0.002 -22"><span class='ocrx_word' id='word_1_193' title='bbox 269 2553 349 2644; x_wconf 92' lang='lat' dir='ltr'>bus,</span> <span class='ocrx_word' id='word_1_194' title='bbox 369 2553 555 2640; x_wconf 80' lang='lat' dir='ltr'>subiugatis</span> <span class='ocrx_word' id='word_1_195' title='bbox 575 2553 638 2621; x_wconf 90' lang='lat' dir='ltr'>sibi</span> <span class='ocrx_word' id='word_1_196' title='bbox 657 2554 845 2622; x_wconf 91' lang='lat' dir='ltr'>civitatibus</span> <span class='ocrx_word' id='word_1_197' title='bbox 855 2605 864 2642; x_wconf 87' lang='lat'><em>‚</em></span> <span class='ocrx_word' id='word_1_198' title='bbox 883 2552 1017 2621; x_wconf 88' lang='lat' dir='ltr'>Romam</span> <span class='ocrx_word' id='word_1_199' title='bbox 1035 2555 1136 2642; x_wconf 90' lang='lat' dir='ltr'>venit,</span> <span class='ocrx_word' id='word_1_200' title='bbox 1155 2553 1324 2622; x_wconf 91' lang='lat' dir='ltr'>dominum</span> <span class='ocrx_word' id='word_1_201' title='bbox 1336 2571 1385 2641; x_wconf 87' lang='lat' dir='ltr'>pa·</span> <span class='ocrx_word' id='word_1_202' title='bbox 1426 2574 1436 2641; x_wconf 64' lang='lat'>³,</span> 
     </span>
    </p>
   </div>
   <div class='ocr_carea' id='block_1_4' title="bbox 267 2651 1436 4324">
    <p class='ocr_par' dir='ltr' id='par_1_4' title="bbox 267 2651 1436 3908">
     <span class='ocr_line' id='line_1_25' title="bbox 268 2651 1436 2742; baseline -0.003 -22"><span class='ocrx_word' id='word_1_203' title='bbox 268 2671 344 2742; x_wconf 89' lang='lat' dir='ltr'>pam</span> <span class='ocrx_word' id='word_1_204' title='bbox 362 2651 457 2742; x_wconf 90' lang='lat' dir='ltr'>adiit,</span> <span class='ocrx_word' id='word_1_205' title='bbox 484 2654 772 2722; x_wconf 89' lang='lat' dir='ltr'>consecrationem</span> <span class='ocrx_word' id='word_1_206' title='bbox 797 2653 924 2742; x_wconf 93' lang='lat' dir='ltr'>imperii</span> <span class='ocrx_word' id='word_1_207' title='bbox 950 2652 991 2721; x_wconf 86' lang='lat' dir='ltr'>ab</span> <span class='ocrx_word' id='word_1_208' title='bbox 1018 2669 1059 2720; x_wconf 91' lang='lat' dir='ltr'>eo</span> <span class='ocrx_word' id='word_1_209' title='bbox 1084 2653 1176 2740; x_wconf 88' lang='lat' dir='ltr'>petiit</span> <span class='ocrx_word' id='word_1_210' title='bbox 1194 2659 1228 2721; x_wconf 94' lang='lat' dir='ltr'>et</span> <span class='ocrx_word' id='word_1_211' title='bbox 1247 2653 1384 2738; x_wconf 86' lang='lat' dir='ltr'>obtinuit,</span> <span class='ocrx_word' id='word_1_212' title='bbox 1435 2695 1436 2704; x_wconf 21' lang='grc' dir='ltr'><strong>κ</strong></span> 
     </span>
     <span class='ocr_line' id='line_1_26' title="bbox 268 2751 1436 2840; baseline -0.003 -21"><span class='ocrx_word' id='word_1_213' title='bbox 268 2757 384 2840; x_wconf 88' lang='lat' dir='ltr'>utpote</span> <span class='ocrx_word' id='word_1_214' title='bbox 401 2754 430 2820; x_wconf 91' lang='lat' dir='ltr'>is</span> <span class='ocrx_word' id='word_1_215' title='bbox 449 2753 505 2840; x_wconf 85' lang='lat' dir='ltr'>qui</span> <span class='ocrx_word' id='word_1_216' title='bbox 523 2751 565 2820; x_wconf 92' lang='lat' dir='ltr'>ab</span> <span class='ocrx_word' id='word_1_217' title='bbox 584 2769 626 2820; x_wconf 90' lang='lat' dir='ltr'>eo</span> <span class='ocrx_word' id='word_1_218' title='bbox 643 2771 664 2819; x_wconf 92' lang='lat' dir='ltr'>a</span> <span class='ocrx_word' id='word_1_219' title='bbox 680 2753 840 2840; x_wconf 88' lang='lat' dir='ltr'>principio</span> <span class='ocrx_word' id='word_1_220' title='bbox 860 2753 1036 2822; x_wconf 89' lang='lat' dir='ltr'>electionis</span> <span class='ocrx_word' id='word_1_221' title='bbox 1055 2769 1115 2818; x_wconf 93' lang='lat' dir='ltr'>sue</span> <span class='ocrx_word' id='word_1_222' title='bbox 1133 2751 1242 2820; x_wconf 84' lang='lat' dir='ltr'>luerat</span> <span class='ocrx_word' id='word_1_223' title='bbox 1259 2759 1384 2840; x_wconf 78' lang='lat' dir='ltr'>protec—</span> <span class='ocrx_word' id='word_1_224' title='bbox 1435 2799 1436 2816; x_wconf 42' lang='lat' dir='ltr'>r</span> 
     </span>
     <span class='ocr_line' id='line_1_27' title="bbox 268 2851 1436 2943; baseline -0.002 -24"><span class='ocrx_word' id='word_1_225' title='bbox 268 2857 330 2943; x_wconf 86' lang='lat' dir='ltr'>tus¹</span> <span class='ocrx_word' id='word_1_226' title='bbox 345 2858 379 2918; x_wconf 93' lang='lat' dir='ltr'>et</span> <span class='ocrx_word' id='word_1_227' title='bbox 404 2851 623 2920; x_wconf 86' lang='lat' dir='ltr'>desideratus.</span> <span class='ocrx_word' id='word_1_228' title='bbox 655 2851 948 2939; x_wconf 75' lang='lat' dir='ltr'>consecratusque</span> <span class='ocrx_word' id='word_1_229' title='bbox 967 2857 1019 2918; x_wconf 87' lang='lat' dir='ltr'>cst</span> <span class='ocrx_word' id='word_1_230' title='bbox 1037 2856 1154 2937; x_wconf 87' lang='lat' dir='ltr'>quarto</span> <span class='ocrx_word' id='word_1_231' title='bbox 1172 2867 1282 2920; x_wconf 88' lang='lat' dir='ltr'>nonas</span> <span class='ocrx_word' id='word_1_232' title='bbox 1301 2856 1383 2920; x_wconf 88' lang='lat' dir='ltr'>octo·</span> <span class='ocrx_word' id='word_1_233' title='bbox 1435 2901 1436 2908; x_wconf 14' lang='grc' dir='ltr'><strong>κ</strong></span> 
     </span>
     <span class='ocr_line' id='line_1_28' title="bbox 268 2945 1436 3040; baseline -0.003 -23"><span class='ocrx_word' id='word_1_234' title='bbox 268 2949 337 3019; x_wconf 87' lang='lat' dir='ltr'>bris</span> <span class='ocrx_word' id='word_1_235' title='bbox 361 2945 443 3040; x_wconf 86' lang='lat' dir='ltr'>[oct</span> <span class='ocrx_word' id='word_1_236' title='bbox 467 2946 529 3040; x_wconf 73' lang='lat' dir='ltr'>dl,</span> <span class='ocrx_word' id='word_1_237' title='bbox 560 2949 603 3018; x_wconf 92' lang='lat' dir='ltr'>do</span> <span class='ocrx_word' id='word_1_238' title='bbox 633 2968 700 3038; x_wconf 87' lang='lat' dir='ltr'>qno</span> <span class='ocrx_word' id='word_1_239' title='bbox 724 2951 927 3037; x_wconf 89' lang='lat' dir='ltr'>presentium</span> <span class='ocrx_word' id='word_1_240' title='bbox 954 2948 1092 3017; x_wconf 89' lang='lat' dir='ltr'>dictator</span> <span class='ocrx_word' id='word_1_241' title='bbox 1117 2947 1216 3018; x_wconf 83' lang='lat' dir='ltr'>dixit:</span> <span class='ocrx_word' id='word_1_242' title='bbox 1245 2947 1383 3018; x_wconf 89' lang='lat' dir='ltr'>Octobris</span> <span class='ocrx_word' id='word_1_243' title='bbox 1431 2995 1436 3040; x_wconf 44' lang='lat'><strong><em>9</em></strong></span> 
     </span>
     <span class='ocr_line' id='line_1_29' title="bbox 269 3043 1436 3138; baseline -0.003 -23"><span class='ocrx_word' id='word_1_244' title='bbox 269 3054 387 3135; x_wconf 84' lang='lat' dir='ltr'>quarto</span> <span class='ocrx_word' id='word_1_245' title='bbox 405 3065 514 3116; x_wconf 88' lang='lat' dir='ltr'>nonas</span> <span class='ocrx_word' id='word_1_246' title='bbox 533 3067 591 3118; x_wconf 86' lang='lat' dir='ltr'>rex</span> <span class='ocrx_word' id='word_1_247' title='bbox 608 3051 742 3135; x_wconf 77' lang='lat' dir='ltr'>ungitur</span> <span class='ocrx_word' id='word_1_248' title='bbox 759 3046 849 3118; x_wconf 90' lang='lat' dir='ltr'>Otto.</span> <span class='ocrx_word' id='word_1_249' title='bbox 868 3049 949 3118; x_wconf 87' lang='lat' dir='ltr'>Cum</span> <span class='ocrx_word' id='word_1_250' title='bbox 967 3054 1077 3116; x_wconf 89' lang='lat' dir='ltr'>nutem</span> <span class='ocrx_word' id='word_1_251' title='bbox 1094 3049 1127 3115; x_wconf 94' lang='lat' dir='ltr'>in</span> <span class='ocrx_word' id='word_1_252' title='bbox 1146 3049 1294 3117; x_wconf 88' lang='lat' dir='ltr'>ecclesia</span> <span class='ocrx_word' id='word_1_253' title='bbox 1312 3047 1383 3116; x_wconf 87' lang='lat' dir='ltr'>beati</span> <span class='ocrx_word' id='word_1_254' title='bbox 1429 3043 1436 3138; x_wconf 59' lang='lat' dir='ltr'>g,</span> 
     </span>
     <span class='ocr_line' id='line_1_30' title="bbox 269 3136 1433 3247; baseline -0.002 -33"><span class='ocrx_word' id='word_1_255' title='bbox 269 3146 355 3215; x_wconf 89' lang='lat' dir='ltr'>Petri</span> <span class='ocrx_word' id='word_1_256' title='bbox 381 3154 648 3238; x_wconf 87' lang='lat' dir='ltr'>consecraretur,</span> <span class='ocrx_word' id='word_1_257' title='bbox 672 3147 948 3218; x_wconf 87' lang='lat' dir='ltr'>Mediolanenses</span> <span class='ocrx_word' id='word_1_258' title='bbox 971 3152 1106 3235; x_wconf 91' lang='lat' dir='ltr'>pontem</span> <span class='ocrx_word' id='word_1_259' title='bbox 1123 3146 1253 3216; x_wconf 90' lang='lat' dir='ltr'>Tiberis</span> <span class='ocrx_word' id='word_1_260' title='bbox 1272 3149 1326 3234; x_wconf 86' lang='lat' dir='ltr'>qui</span> <span class='ocrx_word' id='word_1_261' title='bbox 1340 3146 1382 3214; x_wconf 82' lang='lat' dir='ltr'>ui·</span> <span class='ocrx_word' id='word_1_262' title='bbox 1427 3136 1433 3247; x_wconf 70' lang='grc' dir='ltr'>Ι</span> 
     </span>
     <span class='ocr_line' id='line_1_31' title="bbox 269 3245 1433 3337; baseline -0.003 -23"><span class='ocrx_word' id='word_1_263' title='bbox 269 3246 364 3314; x_wconf 90' lang='lat' dir='ltr'>cinus</span> <span class='ocrx_word' id='word_1_264' title='bbox 391 3251 444 3314; x_wconf 89' lang='lat' dir='ltr'>est</span> <span class='ocrx_word' id='word_1_265' title='bbox 476 3253 628 3334; x_wconf 87' lang='lat' dir='ltr'>potenter</span> <span class='ocrx_word' id='word_1_266' title='bbox 657 3245 911 3337; x_wconf 75' lang='lat' dir='ltr'>custodiebant,</span> <span class='ocrx_word' id='word_1_267' title='bbox 938 3264 981 3314; x_wconf 91' lang='lat' dir='ltr'>no</span> <span class='ocrx_word' id='word_1_268' title='bbox 1008 3247 1299 3314; x_wconf 90' lang='lat' dir='ltr'>consecrationem</span> <span class='ocrx_word' id='word_1_269' title='bbox 1324 3245 1381 3312; x_wconf 91' lang='lat' dir='ltr'>eius</span> <span class='ocrx_word' id='word_1_270' title='bbox 1429 3250 1433 3301; x_wconf 74' lang='lat' dir='ltr'>l</span> 
     </span>
     <span class='ocr_line' id='line_1_32' title="bbox 268 3344 1433 3436; baseline -0.006 -22"><span class='ocrx_word' id='word_1_271' title='bbox 268 3346 355 3414; x_wconf 88' lang='lat' dir='ltr'>sicut</span> <span class='ocrx_word' id='word_1_272' title='bbox 372 3346 481 3413; x_wconf 91' lang='lat' dir='ltr'>animo</span> <span class='ocrx_word' id='word_1_273' title='bbox 499 3351 658 3434; x_wconf 87' lang='lat' dir='ltr'>ceperant</span> <span class='ocrx_word' id='word_1_274' title='bbox 669 3345 807 3436; x_wconf 88' lang='lat' dir='ltr'>Romani</span> <span class='ocrx_word' id='word_1_275' title='bbox 825 3345 1030 3434; x_wconf 91' lang='lat' dir='ltr'>impedirent.</span> <span class='ocrx_word' id='word_1_276' title='bbox 1049 3344 1276 3436; x_wconf 71' lang='lat' dir='ltr'>consecratus</span> <span class='ocrx_word' id='word_1_277' title='bbox 1291 3351 1382 3417; x_wconf 89' lang='lat' dir='ltr'>auten</span> <span class='ocrx_word' id='word_1_278' title='bbox 1432 3351 1433 3400; x_wconf 44' lang='grc' dir='ltr'><strong>ἡ</strong></span> 
     </span>
     <span class='ocr_line' id='line_1_33' title="bbox 267 3442 1382 3534; baseline -0.005 -22"><span class='ocrx_word' id='word_1_279' title='bbox 267 3445 406 3534; x_wconf 86' lang='lat' dir='ltr'>pecilrce</span> <span class='ocrx_word' id='word_1_280' title='bbox 433 3443 567 3512; x_wconf 87' lang='lat' dir='ltr'>llornam</span> <span class='ocrx_word' id='word_1_281' title='bbox 593 3447 703 3513; x_wconf 84' lang='lat' dir='ltr'>exivit.</span> <span class='ocrx_word' id='word_1_282' title='bbox 731 3445 790 3513; x_wconf 88' lang='lat' dir='ltr'>Cui</span> <span class='ocrx_word' id='word_1_283' title='bbox 816 3444 859 3513; x_wconf 87' lang='lat' dir='ltr'>ud</span> <span class='ocrx_word' id='word_1_284' title='bbox 882 3451 1009 3532; x_wconf 86' lang='lat' dir='ltr'>portam</span> <span class='ocrx_word' id='word_1_285' title='bbox 1035 3445 1179 3512; x_wconf 89' lang='lat' dir='ltr'>civitatis</span> <span class='ocrx_word' id='word_1_286' title='bbox 1201 3442 1382 3512; x_wconf 79' lang='lat' dir='ltr'>Romanius</span> 
     </span>
     <span class='ocr_line' id='line_1_34' title="bbox 268 3539 1381 3633; baseline -0.007 -21"><span class='ocrx_word' id='word_1_287' title='bbox 268 3543 411 3612; x_wconf 88' lang='lat' dir='ltr'>adverso</span> <span class='ocrx_word' id='word_1_288' title='bbox 442 3550 669 3633; x_wconf 89' lang='lat' dir='ltr'>occurrerunt,</span> <span class='ocrx_word' id='word_1_289' title='bbox 702 3545 849 3612; x_wconf 87' lang='lat' dir='ltr'>alterutri</span> <span class='ocrx_word' id='word_1_290' title='bbox 874 3545 1017 3630; x_wconf 79' lang='lat' dir='ltr'>grauiter</span> <span class='ocrx_word' id='word_1_291' title='bbox 1041 3541 1281 3630; x_wconf 87' lang='lat' dir='ltr'>condixerunt,</span> <span class='ocrx_word' id='word_1_292' title='bbox 1310 3539 1381 3610; x_wconf 89' lang='lat' dir='ltr'>multi</span> 
     </span>
     <span class='ocr_line' id='line_1_35' title="bbox 267 3640 1381 3732; baseline -0.003 -21"><span class='ocrx_word' id='word_1_293' title='bbox 267 3643 431 3712; x_wconf 84' lang='lat' dir='ltr'>vulnerati</span> <span class='ocrx_word' id='word_1_294' title='bbox 455 3643 553 3732; x_wconf 90' lang='lat' dir='ltr'>pauci</span> <span class='ocrx_word' id='word_1_295' title='bbox 578 3643 695 3711; x_wconf 90' lang='lat' dir='ltr'>mortui</span> <span class='ocrx_word' id='word_1_296' title='bbox 706 3696 716 3732; x_wconf 90' lang='lat'>,</span> <span class='ocrx_word' id='word_1_297' title='bbox 744 3644 820 3730; x_wconf 85' lang='lat' dir='ltr'>equi</span> <span class='ocrx_word' id='word_1_298' title='bbox 842 3643 933 3710; x_wconf 92' lang='lat' dir='ltr'>multi</span> <span class='ocrx_word' id='word_1_299' title='bbox 951 3661 971 3710; x_wconf 89' lang='lat' dir='ltr'>a</span> <span class='ocrx_word' id='word_1_300' title='bbox 988 3647 1081 3729; x_wconf 90' lang='lat' dir='ltr'>parte</span> <span class='ocrx_word' id='word_1_301' title='bbox 1099 3646 1241 3728; x_wconf 86' lang='lat' dir='ltr'>utraque</span> <span class='ocrx_word' id='word_1_302' title='bbox 1262 3640 1381 3711; x_wconf 89' lang='lat' dir='ltr'>cecide·</span> 
     </span>
     <span class='ocr_line' id='line_1_36' title="bbox 268 3739 1380 3830; baseline -0.002 -22"><span class='ocrx_word' id='word_1_303' title='bbox 268 3747 352 3810; x_wconf 90' lang='lat' dir='ltr'>runt.</span> <span class='ocrx_word' id='word_1_304' title='bbox 370 3743 551 3830; x_wconf 88' lang='lat' dir='ltr'>Imperator</span> <span class='ocrx_word' id='word_1_305' title='bbox 568 3749 678 3810; x_wconf 88' lang='lat' dir='ltr'>autem</span> <span class='ocrx_word' id='word_1_306' title='bbox 695 3743 821 3810; x_wconf 85' lang='lat' dir='ltr'>vellent</span> <span class='ocrx_word' id='word_1_307' title='bbox 837 3741 966 3810; x_wconf 92' lang='lat' dir='ltr'>nollent</span> <span class='ocrx_word' id='word_1_308' title='bbox 982 3742 1016 3808; x_wconf 93' lang='lat' dir='ltr'>in</span> <span class='ocrx_word' id='word_1_309' title='bbox 1029 3757 1113 3828; x_wconf 87' lang='lat' dir='ltr'>paee</span> <span class='ocrx_word' id='word_1_310' title='bbox 1132 3741 1246 3825; x_wconf 86' lang='lat' dir='ltr'>exivit,</span> <span class='ocrx_word' id='word_1_311' title='bbox 1267 3739 1380 3810; x_wconf 87' lang='lat' dir='ltr'>Medio·</span> 
     </span>
     <span class='ocr_line' id='line_1_37' title="bbox 267 3840 502 3908; baseline 0.009 -2"><span class='ocrx_word' id='word_1_312' title='bbox 267 3840 379 3908; x_wconf 90' lang='lat' dir='ltr'>lanum</span> <span class='ocrx_word' id='word_1_313' title='bbox 396 3840 502 3908; x_wconf 85' lang='lat' dir='ltr'>rediit.</span> 
     </span>
    </p>

    <p class='ocr_par' dir='ltr' id='par_1_5' title="bbox 269 3936 1436 4324">
     <span class='ocr_line' id='line_1_38' title="bbox 343 3936 1379 4026; baseline -0.002 -22"><span class='ocrx_word' id='word_1_314' title='bbox 343 3937 426 4006; x_wconf 91' lang='lat' dir='ltr'>lllud</span> <span class='ocrx_word' id='word_1_315' title='bbox 444 3945 554 4008; x_wconf 87' lang='lat' dir='ltr'>aulem</span> <span class='ocrx_word' id='word_1_316' title='bbox 572 3955 639 4006; x_wconf 92' lang='lat' dir='ltr'>non</span> <span class='ocrx_word' id='word_1_317' title='bbox 657 3938 914 4026; x_wconf 86' lang='lat' dir='ltr'>pretereundum</span> <span class='ocrx_word' id='word_1_318' title='bbox 932 3936 1022 4026; x_wconf 85' lang='lat' dir='ltr'>quod</span> <span class='ocrx_word' id='word_1_319' title='bbox 1035 3936 1122 4005; x_wconf 92' lang='lat' dir='ltr'>idem</span> <span class='ocrx_word' id='word_1_320' title='bbox 1141 3939 1319 4026; x_wconf 88' lang='lat' dir='ltr'>imperator</span> <span class='ocrx_word' id='word_1_321' title='bbox 1333 3951 1379 4002; x_wconf 89' lang='lat' dir='ltr'>an·</span> 
     </span>
     <span class='ocr_line' id='line_1_39' title="bbox 271 4029 1436 4127; baseline 0.003 -24"><span class='ocrx_word' id='word_1_322' title='bbox 271 4043 402 4122; x_wconf 88' lang='lat' dir='ltr'>tequam</span> <span class='ocrx_word' id='word_1_323' title='bbox 427 4042 676 4105; x_wconf 89' lang='lat' dir='ltr'>consecraretur</span> <span class='ocrx_word' id='word_1_324' title='bbox 703 4038 889 4127; x_wconf 90' lang='lat' dir='ltr'>apostolico</span> <span class='ocrx_word' id='word_1_325' title='bbox 920 4037 1070 4126; x_wconf 89' lang='lat' dir='ltr'>promisit</span> <span class='ocrx_word' id='word_1_326' title='bbox 1097 4043 1130 4104; x_wconf 91' lang='lat' dir='ltr'>et</span> <span class='ocrx_word' id='word_1_327' title='bbox 1155 4037 1291 4123; x_wconf 87' lang='lat' dir='ltr'>iuravit,</span> <span class='ocrx_word' id='word_1_328' title='bbox 1309 4029 1379 4121; x_wconf 86' lang='lat' dir='ltr'>quud</span> <span class='ocrx_word' id='word_1_329' title='bbox 1430 4072 1436 4107; x_wconf 77' lang='lat' dir='ltr'>r</span> 
     </span>
     <span class='ocr_line' id='line_1_40' title="bbox 269 4132 1377 4226; baseline -0.004 -24"><span class='ocrx_word' id='word_1_330' title='bbox 269 4134 358 4204; x_wconf 93' lang='lat' dir='ltr'>buna</span> <span class='ocrx_word' id='word_1_331' title='bbox 375 4135 430 4204; x_wconf 89' lang='lat' dir='ltr'>illa</span> <span class='ocrx_word' id='word_1_332' title='bbox 447 4153 516 4203; x_wconf 93' lang='lat' dir='ltr'>non</span> <span class='ocrx_word' id='word_1_333' title='bbox 533 4141 716 4226; x_wconf 85' lang='lat' dir='ltr'>repeteret,</span> <span class='ocrx_word' id='word_1_334' title='bbox 736 4155 800 4224; x_wconf 87' lang='lat' dir='ltr'>que</span> <span class='ocrx_word' id='word_1_335' title='bbox 818 4136 907 4205; x_wconf 94' lang='lat' dir='ltr'>idem</span> <span class='ocrx_word' id='word_1_336' title='bbox 933 4136 1138 4224; x_wconf 90' lang='lat' dir='ltr'>apostolicus</span> <span class='ocrx_word' id='word_1_337' title='bbox 1157 4141 1304 4222; x_wconf 86' lang='lat' dir='ltr'>ternpore</span> <span class='ocrx_word' id='word_1_338' title='bbox 1320 4132 1377 4200; x_wconf 89' lang='lat' dir='ltr'>dis-</span> 
     </span>
     <span class='ocr_line' id='line_1_41' title="bbox 270 4231 1378 4324; baseline -0.001 -23"><span class='ocrx_word' id='word_1_339' title='bbox 270 4234 439 4312; x_wconf 88' lang='lat' dir='ltr'>sensionis</span> <span class='ocrx_word' id='word_1_340' title='bbox 458 4251 573 4319; x_wconf 86' lang='lat' dir='ltr'>regum</span> <span class='ocrx_word' id='word_1_341' title='bbox 592 4240 816 4323; x_wconf 84' lang='lat' dir='ltr'>occupaverat</span> <span class='ocrx_word' id='word_1_342' title='bbox 833 4240 866 4304; x_wconf 91' lang='lat' dir='ltr'>et</span> <span class='ocrx_word' id='word_1_343' title='bbox 883 4233 1091 4324; x_wconf 84' lang='lat' dir='ltr'>possederat</span> <span class='ocrx_word' id='word_1_344' title='bbox 1110 4231 1191 4302; x_wconf 88' lang='lat' dir='ltr'>Otto</span> <span class='ocrx_word' id='word_1_345' title='bbox 1209 4238 1314 4302; x_wconf 88' lang='lat' dir='ltr'>autem</span> <span class='ocrx_word' id='word_1_346' title='bbox 1330 4246 1378 4318; x_wconf 89' lang='lat' dir='ltr'>po·</span> 
     </span>
    </p>
   </div>
   <div class='ocr_carea' id='block_1_5' title="bbox 0 0 1448 4824">
    <p class='ocr_par' dir='ltr' id='par_1_6' title="bbox 0 0 1448 4824">
     <span class='ocr_line' id='line_1_42' title="bbox 0 0 1448 4824; baseline 0 0"><span class='ocrx_word' id='word_1_347' title='bbox 0 0 1448 4824; x_wconf 95' lang='lat' dir='ltr'> </span> 
     </span>
    </p>
   </div>
  </div>
 </body>
</html>
