2886 4834
291 201 337 272 82
662 231 823 280 cunotlcolt
846 233 1054 280 consummer.

208 381 275 436 reor
293 369 421 436 comitis
440 368 654 438 Phirretarum
664 421 674 460 ,
700 377 733 440 et
750 369 836 440 lrlius
855 371 997 440 Conradi
1016 371 1190 442 Wernheri
1208 372 1252 441 de
1267 371 1414 464 Hadstat‚

288 485 361 536 cum
379 467 453 536 aliis
472 469 643 555 gloriosis.

362 566 443 635 Post
468 568 531 636 lreo
556 587 616 636 rex
637 567 775 636 Frauoie
807 569 931 636 civitati
958 585 1068 638 novos
1101 573 1292 658 prepositos
1319 578 1414 658 atquc

288 667 499 751 magistratus
517 667 673 756 prefecit,
693 669 811 754 eisquc
830 666 978 736 dicebat:
1010 667 1130 738 Omnes
1154 672 1300 738 momree
1324 669 1414 738 lmus

286 760 457 833 civitotis¹
483 764 579 834 mtclv'
602 783 752 834 ooo-sve
776 767 937 834 dederent
952 772 985 834 et
999 767 1164 836 dominam
1180 787 1276 837 mem
1291 769 1414 854 spotia-

287 867 404 930 oeruat
427 870 532 932 morte
563 865 651 951 aspro
674 870 766 948 svnt,
800 865 895 932 miehi
918 883 1045 951 qvoqve
1070 885 1148 936 eras
1171 869 1258 936 idem
1285 867 1413 952 [euml.

291 961 382 1030 Unde
396 964 542 1048 perfidos
564 965 708 1049 copiatis
729 981 849 1049 respue
871 982 985 1032 eoram
1007 967 1208 1050 confiscatis,
1235 985 1358 1052 eosque
1380 969 1415 1032 te

287 1060 393 1128 medio
416 1062 544 1130 tolletis
568 1066 602 1130 et
624 1064 787 1130 deitatem
808 1063 956 1146 foediora
982 1067 1147 1134 evertatis.
1178 1067 1218 1134 Et
1241 1068 1334 1153 regis
1358 1085 1414 1134 vo-

287 1161 446 1230 luntatem
464 1161 574 1230 subito
593 1163 850 1250 compleverunt.

362 1257 433 1330 Rex
458 1259 679 1328 Romanorum
710 1261 832 1330 volens
858 1259 1015 1330 adiuvare
1039 1269 1152 1349 re'gem
1178 1260 1364 1350 Anglorum
1386 1266 1413 1330 in

286 1355 449 1426 Alsatiam
471 1361 635 1450 porrexit,
662 1359 829 1428 domnum
854 1359 1084 1430 Theobaldum
1111 1364 1266 1431 comitem
1292 1363 1414 1431 Plrirre-

288 1463 392 1525 tarum
418 1456 618 1526 advocatum
641 1466 725 1528 terre
753 1459 925 1526 constituit
939 1512 948 1549 ,
976 1466 1010 1528 et
1035 1460 1079 1529 ad
1103 1461 1281 1530 inferiores
1308 1469 1413 1550 partes

289 1555 496 1625 descendere
514 1557 704 1626 festinabat.
719 1557 799 1626 Cum
815 1563 926 1626 autem
946 1560 980 1627 in
1000 1559 1178 1628 Selecistat
1193 1563 1413 1650 pervenisset,

288 1654 461 1722 dicebatur
478 1656 509 1724 ei
527 1655 618 1744 quod
636 1659 817 1744 episcopus
835 1655 1093 1744 Argentinensis
1111 1659 1251 1728 insidias
1271 1661 1338 1728 sibi
1355 1678 1413 1747 po-

289 1755 435 1844 suisset,
464 1761 497 1824 et
515 1755 606 1843 quod
632 1774 746 1842 regem
771 1755 909 1824 Francia
934 1758 1048 1828 iuvare
1075 1759 1192 1846 vellet;
1227 1777 1293 1848 per
1309 1766 1412 1848 partes

289 1854 441 1942 episcopi
454 1853 663 1930 descendere
680 1871 748 1922 non
767 1854 922 1944 audebat,
942 1855 1003 1924 scd
1020 1875 1058 1924 se
1072 1859 1106 1925 in
1120 1858 1295 1926 Brisacum
1313 1863 1413 1925 trans-

288 1953 371 2038 tulit,
393 1959 426 2021 et
443 1954 477 2020 in
494 1954 571 2022 navi
590 1971 664 2022 oum
680 1954 797 2041 paucis
817 1953 1011 2044 descendit,
1030 1956 1065 2024 in
1083 1956 1329 2026 Germersheim
1345 1975 1412 2045 per-

288 2053 390 2141 venit,
409 2053 510 2120 etsie
528 2051 570 2120 de
588 2053 742 2120 manibus
761 2053 913 2142 episcopi
931 2072 968 2122 se
987 2051 1145 2123 defendit.

361 2165 434 2234 Hiis
459 2169 568 2254 gestis
595 2167 764 2236 mandavit
794 2187 853 2236 rex
880 2171 989 2236 comiti
1013 2169 1229 2240 Phirrotarum
1252 2171 1411 2240 advocato

287 2271 388 2354 terre,
407 2271 443 2332 ut
460 2285 574 2353 regem
590 2266 728 2336 Francie
752 2265 893 2336 fideliter
909 2269 1128 2360 impugnaret,
1148 2273 1225 2358 quia
1243 2277 1280 2338 et
1298 2271 1412 2359 ipsein

287 2363 499 2432 iniericribus
517 2366 666 2452 partibus
686 2384 761 2434 eum
786 2366 889 2435 vellet
906 2369 1110 2456 impugnare.
1137 2368 1235 2450 Quod
1254 2375 1293 2438 ot
1310 2368 1411 2438 fideli-

288 2469 339 2532 ter
356 2461 556 2552 adimplevit.
593 2463 821 2552 congregavit
847 2467 933 2534 enim
952 2469 1131 2536 exercitum
1149 2487 1322 2558 magnum,
1340 2486 1411 2556 per-

288 2563 374 2632 rexit
390 2561 433 2630 ad
452 2563 565 2631 Gallos
590 2569 624 2631 et
650 2581 712 2632 eos
730 2567 885 2633 atrociter
901 2564 1080 2634 infestavit.
1121 2566 1265 2654 Cognati
1292 2569 1344 2635 sui
1360 2584 1410 2633 ve-

287 2668 408 2730 nerunt
432 2679 575 2750 eumque
600 2663 792 2750 suppliciter
809 2673 1030 2754 rogaverunt,
1057 2673 1092 2734 ut
1116 2682 1177 2734 eos
1204 2685 1223 2735 a
1248 2668 1324 2734 suis
1343 2682 1410 2754 pro-

287 2761 483 2850 prietatibus
502 2780 570 2829 non
589 2761 726 2850 deleret,
744 2763 882 2850 insuper
899 2765 1045 2851 quinque
1063 2765 1163 2834 millia
1179 2765 1337 2833 librarum
1355 2764 1410 2831 tul-

287 2861 430 2929 lensium
457 2860 520 2928 sihi
545 2867 772 2948 porrexerunt.
812 2861 890 2949 lpse
921 2880 1034 2930 eorum
1058 2865 1214 2951 precibus
1241 2863 1410 2953 acquievit,

289 2965 324 3028 et
340 2957 382 3026 ad
400 2960 532 3047 propria
548 2959 645 3028 rediit
662 2959 868 3028 festinanter.

361 3072 433 3142 Rex
450 3071 669 3142 Romanorum
695 3093 768 3142 cum
792 3074 833 3144 de
852 3075 980 3144 Alsatia
998 3077 1210 3166 pervenisset
1233 3075 1277 3144 ad
1306 3083 1410 3145 terram

288 3169 487 3262 inferiorem,
507 3175 727 3260 congregavit
750 3175 930 3243 exercitum
956 3183 991 3242 ut
1016 3195 1089 3245 cum
1106 3183 1186 3263 rege
1205 3173 1331 3262 Anglie
1350 3183 1410 3242 ter-

288 3290 356 3339 ram
386 3273 477 3358 regis
508 3273 645 3340 Francie
664 3291 723 3360 pro
748 3274 874 3341 viribus
903 3263 1122 3344 demoliretur.
1170 3271 1324 3343 Audiens
1358 3274 1411 3340 hec

286 3389 384 3462 papa,
404 3389 602 3460 compassus
620 3372 820 3464 hominibus,
837 3375 954 3440 timens
974 3392 1086 3442 eorum
1100 3375 1317 3462 occisionem,
1336 3373 1412 3440 misit

288 3469 373 3538 duos
391 3471 526 3558 legatos
553 3477 587 3538 et
608 3473 801 3557 magistrum
828 3471 953 3540 ordinis
972 3471 1104 3542 iratrum
1122 3471 1367 3540 Predioatorum
1383 3477 1410 3537 et

288 3571 479 3656 magistrum
514 3569 819 3638 ordinisllinorum
845 3569 1010 3656 adroges
1037 3577 1355 3660 supramemoratoS,
1382 3575 1411 3636 ut

286 3669 450 3737 intereos
470 3668 512 3736 ad
532 3673 661 3756 tempus
680 3667 827 3736 iacerent
844 3687 961 3757 paoem
986 3671 1040 3738 vel
1059 3671 1251 3758 simpliciter
1277 3685 1410 3740 concor-

288 3765 413 3834 darent.
471 3766 665 3836 cardinales
692 3786 767 3835 cum
794 3767 924 3836 duobus
957 3769 1121 3854 magistris
1154 3767 1306 3837 ordinum
1332 3769 1409 3836 litem

287 3883 401 3950 regum
420 3865 619 3953 quibusdam
637 3865 805 3935 nobilibus
824 3868 1079 3958 commiserunt,
1111 3873 1147 3936 ut
1167 3863 1236 3956 'ipsi
1254 3867 1338 3935 inira
1355 3884 1408 3932 an-

287 3981 364 4031 num
387 3965 661 4052 compositionem
682 3965 886 4033 amicabilem
905 3967 1110 4058 invenirent,
1147 3965 1407 4054 quemdominus

287 4081 375 4150 popa
393 4070 513 4152 postea
532 4063 749 4132 confirmaret.

324 4240 353 4304 l)
371 4235 435 4305 quii
