2888 4824
374 287 537 335 cunorrcorr
557 288 786 336 unruonoucusr.
1071 262 1143 330 uto

16 429 137 518 dorico,
159 427 264 496 tribus
288 427 360 495 aliis
389 427 559 516 episcopis
587 426 864 518 cooperantibus,
890 446 1028 516 quorum
1053 447 1140 497 unus
1159 438 1225 494 1253

17 533 77 595 crat
99 525 142 594 de
177 525 293 594 ordine
321 525 609 614 cisterciensium,
636 525 719 594 alter
745 524 787 595 de
821 525 936 595 ordine
966 525 1143 618 Mincrum,

16 627 128 694 tercius
150 624 196 694 de
215 624 331 694 ordine
354 625 472 694 domus
489 625 683 693 Teutonico.

81 723 213 792 Eodem
234 741 322 792 anno
344 723 517 791 Cristanus
539 722 759 809 Mogontinus
777 722 945 810 quondam
963 725 1144 814 episcopus

17 824 141 892 Parisiis
159 821 343 893 defunctus
363 829 425 912 est,
444 840 486 890 ac
498 823 532 892 io
547 821 647 892 domo
665 821 917 910 hospitaliorum
933 823 1095 911 sepultus.

19 1027 60 1089 ter
73 1021 272 1110 episcopum
281 1019 560 1108 Ratisponensem
576 1020 759 1088 etBavarie
769 1019 886 1088 ducem
901 1019 1014 1088 divina
1025 1021 1145 1089 volens

19 1119 188 1188 dementia
206 1121 396 1208 consopire,
412 1119 541 1187 cuidam
560 1119 630 1187 viro
646 1117 779 1206 plebeio
795 1117 973 1208 mandavit,
990 1125 1026 1186 ut
1037 1119 1145 1188 eidem

19 1218 82 1286 duci
97 1224 298 1288 constanter
314 1220 488 1307 intimaret,
499 1217 589 1306 quod
601 1219 630 1284 si
640 1217 809 1286 cumdicto
821 1219 982 1306 episcopo
992 1216 1145 1286 iniraoc-

17 1325 115 1384 taram
133 1316 226 1385 diem
240 1335 308 1385 non
324 1322 549 1406 componeret,
568 1317 681 1384 mortis
699 1315 877 1384 discrimen
891 1333 960 1386 non
979 1316 1145 1388 evaderet.

18 1415 104 1497 Quod
116 1417 170 1484 vir
184 1416 244 1484 ille
260 1415 336 1484 dum
353 1414 537 1504 intrepidus
553 1413 642 1486 dioto
658 1414 732 1484 duci
751 1421 950 1504 enarrasset,
966 1420 999 1484 et
1010 1415 1066 1484 ille
1082 1415 1147 1483 heo

16 1515 105 1582 rerba
122 1516 227 1602 quasi
251 1514 464 1582 deliramenta
478 1513 619 1584 ridendo
633 1515 726 1606 parvi
747 1513 932 1604 pandisset,
949 1513 1077 1602 prefato
1092 1513 1146 1582 die

18 1613 93 1681 idem
106 1621 274 1702 tyrannus
293 1609 402 1704 [oum]
420 1615 454 1680 in
470 1631 532 1682 suo
549 1619 654 1680 stratu
664 1614 852 1701 quiesceret
867 1630 1019 1698 securus,
1035 1611 1147 1680 divine

20 1714 175 1780 sententie
192 1711 341 1781 vindicta
349 1717 536 1802 contaetus,
545 1729 630 1780 voce
640 1711 778 1780 terribili
788 1712 934 1780 clamans
945 1703 1148 1800 euspiravit.1

48 1873 75 1936 t)
94 1870 189 1938 Vergl.
211 1887 308 1992 sefion
326 1870 429 1924 diesem
448 1872 483 1924 im
502 1869 697 1924 wesemttctreu
711 1865 948 1924 unzweiselhuitarr
966 1885 1083 1938 uorguug
1095 1869 1148 1924 den

22 1937 100 1991 Herm.
117 1939 219 1996 Attah.
236 1955 253 1992 a
294 1941 368 1994 1253.
