2950 4836
434 269 627 317 resonandos
648 269 838 316 ιιτιιιειιειε.
1123 243 1192 310 527

64 425 282 498 ιοιιεειιειιιιι,
310 409 438 476 electus
462 414 515 476 εει
537 406 699 476 liudolius
726 425 841 476 comes
867 406 909 476 de
936 407 1133 497 Habspurch
1160 411 1192 478 in
1214 417 1279 480 aare

63 506 241 574 Rornanum
261 525 384 596 rogem,
404 514 524 596 postea
541 508 573 573 in
592 509 821 594 imperatorem
840 507 1101 577 consecrandus.
1131 508 1196 590 eri

63 605 223 674 llodolius
241 609 350 674 statim
370 607 485 692 exegit
510 625 530 673 a
555 605 759 693 principibus
785 607 912 674 clericis
939 625 980 674 aa
1004 606 1099 681 laicis
1119 609 1196 677 lrdei

63 706 287 772 iuramentum.
320 704 417 786 Quod
445 721 517 771 oum
543 711 740 772 recusarent
764 712 900 793 propter
919 707 1040 793 sceptri
1065 707 1194 775 absen-

64 804 154 893 tiam,
174 805 250 892 ipse
269 805 396 872 electus
414 804 545 890 signum
571 804 679 871 erucis
698 805 866 891 accipiens
886 804 963 871 talia
982 804 1110 874 dixisse
1128 805 1196 873 ler-

63 908 127 968 tur:
158 903 242 969 Ecce
259 904 387 988 dquam
403 905 437 969 in
450 920 515 988 qno
530 920 592 969 noa
604 907 638 968 et
657 907 744 969 tolita
767 905 907 970 mundam
927 909 978 970 eet
997 905 1196 990 redemptae,

63 1005 94 1066 et
104 1000 169 1068 doe
184 1004 280 1087 signo
293 1006 425 1068 alamur
437 1002 510 1068 loco
526 1003 659 1086 sceptri.
679 1002 720 1069 El
738 1001 933 1070 deosculata
951 1021 1060 1092 eruce,
1079 1021 1195 1072 omues

63 1101 231 1189 principes
250 1108 315 1168 tam
334 1099 522 1188 spirituales
541 1118 638 1186 quarn
659 1099 831 1168 seculares
849 1103 954 1188 ipsam
972 1119 1101 1170 crucem
1119 1104 1195 1172 loco

63 1201 186 1286 saepiri·
209 1200 417 1288 osculantes,
455 1199 655 1286 recipientes
683 1198 801 1288 lenda,
828 1199 891 1266 sihi
910 1199 1077 1268 fidelitatis
1102 1205 1196 1270 iura-

62 1303 206 1364 mentum
223 1299 446 1386 prestiterunt.
473 1297 549 1384 lpse
569 1299 666 1364 etlam
684 1316 759 1386 rex,
786 1298 895 1366 odhrro
912 1300 1063 1368 existens
1081 1301 1113 1367 in
1128 1321 1194 1389 pa-

64 1397 146 1462 lacio
165 1396 334 1486 Aquensi,
362 1397 404 1464 ad
423 1395 513 1483 quod
531 1398 593 1462 iam
611 1395 738 1485 pridem
763 1398 980 1464 intronizatus
998 1417 1017 1465 a
1036 1401 1197 1488 principi·

64 1495 123 1560 hirs
143 1494 253 1562 luerat
264 1548 274 1584 ‚
304 1495 387 1562 duas
408 1495 492 1562 illias
511 1512 610 1582 ειιιιε,
631 1513 730 1562 unam
748 1494 882 1563 domino
900 1495 1064 1564 Luduioo
1083 1501 1193 1566 comiti

65 1593 211 1661 Palatino
229 1593 327 1682 lleni,
346 1596 480 1662 alteram
503 1593 578 1661 duci
598 1593 763 1683 Saxonis,
790 1596 1071 1664 matrimonialiter
1087 1615 1194 1686 copu-

63 1691 149 1758 lurit.
182 1692 308 1760 Eodem
328 1711 416 1760 anuo
442 1711 500 1761 rex
524 1693 660 1760 Boemie
679 1691 844 1760 Otakerus
871 1699 905 1761 et
921 1692 1098 1764 Heinrious
1127 1696 1195 1764 dux

63 1789 213 1859 Bouario
239 1791 435 1878 adplenum
455 1791 666 1859 correordiam
684 1791 871 1880 redierunt,
897 1810 977 1878 rege
995 1795 1132 1862 Boemie
1151 1795 1193 1863 de

66 1895 172 1956 castro
197 1892 230 1957 in
262 1889 447 1976 Soherding
471 1897 505 1958 et
531 1889 728 1977 quribusdam
751 1891 878 1958 iuribus
902 1909 966 1977 que
984 1895 1194 1978 pertinebant

64 1986 102 2054 ad
121 1987 242 2057 ducem
261 1988 497 2057 relulaeionem
516 1989 668 2057 iaciente.
701 1989 769 2076 lpsi
792 1991 895 2056 eciam
922 1997 1037 2082 eontra
1061 2010 1192 2061 ourrrem

63 2085 225 2154 nominem
244 2088 339 2156 huius
358 2088 470 2155 mundi
487 2089 676 2156 iuraverunt
694 2094 807 2154 mutuo
826 2105 863 2155 se
883 2089 1006 2156 iuvare.
1028 2104 1030 2109 ·

132 2184 234 2254 Anno
259 2186 383 2255 domini
409 2187 574 2254 moolxx,
594 2193 711 2273 pirario
738 2186 780 2254 ad
806 2188 928 2254 curiam
953 2188 1032 2256 novi
1050 2189 1141 2273 regis
1159 2189 1191 2256 in

63 2281 296 2353 lranolrenlurt
312 2287 478 2374 principes
496 2291 688 2353 evocantur.

133 2383 376 2452 Eodem-anno
404 2385 608 2453 celebratum
638 2391 691 2451 est
716 2384 876 2469 generale
906 2385 1083 2452 concilium
1114 2392 1194 2472 aput

65 2477 261 2567 Lugdunum
279 2501 339 2570 per
356 2483 521 2552 dominum
538 2477 557 2518 ¹'
574 2483 768 2568 Gregoriunr
787 2501 906 2571 papam
925 2483 1098 2551 decimum.
1134 2483 1193 2551 Cui

67 2578 282 2649 iuterfuerunt
307 2581 382 2670 plus
408 2601 505 2669 quum
532 2583 737 2669 septingenti
762 2583 914 2670 episcopi
940 2588 973 2652 et
996 2580 1137 2649 abbates
1161 2587 1194 2648 et

67 2682 241 2766 propositi,
269 2682 436 2766 ceterique
462 2681 677 2748 eeclesiarum
701 2673 875 2749 rectores²
898 2681 931 2746 in
957 2697 1096 2748 numero
1128 2697 1193 2748 eo.-

69 2777 172 2861 pioso.
208 2779 287 2846 llom
307 2779 425 2847 eodem
443 2779 586 2847 eoricilio
604 2778 820 2848 interfuerunt
846 2778 1050 2866 sollempnes
1080 2780 1192 2846 narneii

69 2890 124 2941 sen
147 2883 379 2964 procuratores
408 2879 583 2946 Grecorum
595 2881 687 2966 ,qui
714 2895 821 2944 coram
847 2884 916 2944 tolo
940 2877 1082 2946 concilio
1100 2895 1193 2964 sym·

71 2971 177 3042 bolum
202 2975 349 3062 Nyceni
359 2977 508 3064 concilii,
534 2978 680 3044 scilicet:
708 2976 815 3042 Credo
838 2982 873 3043 ιιι
897 2993 996 3044 onum
1021 2975 1115 3042 deum
1132 2980 1192 3042 etc.

70 3071 130 3138 ulta
154 3091 241 3142 uoce
269 3074 548 3163 declamauerunt,
573 3076 623 3142 in
631 3078 762 3161 signum
782 3080 816 3142 ει
837 3063 1080 3144 testimonium³
1103 3073 1193 3161 qarod

68 3187 162 3240 asuo
182 3175 284 3240 veleri
304 3191 430 3261 errore,
460 3191 527 3260 quo
547 3174 704 3241 dicebant
722 3175 870 3260 spiritum
894 3180 1044 3241 sanctum
1070 3181 1192 3240 lanium

69 3278 195 3356 epatre
219 3277 251 3338 ει
270 3290 376 3340 oona
399 3273 464 3338 lilio
484 3272 686 3361 procedere,
707 3290 744 3340 se
771 3274 958 3340 recessisse
983 3271 1194 3339 demonstra-

69 3376 152 3458 rent,
181 3376 212 3436 et
228 3371 314 3437 vallo
335 3369 469 3438 credere
494 3369 583 3458 quod
602 3377 717 3440 sancta
736 3377 840 3437 mater
856 3369 1004 3438 Romana
1027 3376 1060 3436 et
1078 3370 1193 3438 odiro.-

71 3463 153 3536 doxa
177 3469 320 3537 eeclesia
339 3469 441 3536 credit
460 3476 492 3536 ει
509 3469 668 3558 predicat,
687 3469 815 3536 seilicet
834 3468 923 3554 quod
942 3469 1075 3555 spiritus
1089 3484 1194 3533 suno-

71 3569 117 3630 tus
135 3585 153 3632 a
173 3574 266 3653 patre
291 3574 325 3634 ει
350 3568 417 3636 lrlio
443 3573 557 3636 eterna
582 3568 768 3656 spiraeione
792 3565 952 3654 procedit.
987 3565 1085 3633 Siout.
1102 3571 1194 3652 palot

68 3679 121 3746 per
143 3664 342 3734 decretalem
368 3684 432 3752 que
460 3683 561 3755 super
588 3666 652 3734 hoc
676 3671 728 3734 est
750 3667 783 3734 in
809 3663 928 3733 eodem
953 3664 1094 3732 concilio
1112 3682 1218 3751 pro-.

69 3762 218 3852 nugata,
237 3766 331 3832 ouius
352 3771 447 3833 tenor
465 3765 539 3834 talis
558 3770 629 3833 est:

139 3861 268 3950 ,Fideli
298 3869 332 3931 el
356 3863 478 3932 devota
504 3864 725 3951 promissione
752 3861 910 3950 latemur,
938 3859 1029 3948 qurod
1057 3861 1193 3948 spiritus

72 3966 199 4028 sanctos
218 3962 416 4030 eternaliter
442 3969 594 4050 expone
617 3969 650 4028 et
668 3961 753 4043 lilio,
772 3979 838 4028 non
858 3966 1023 4048 turriquam
1043 3978 1086 4028 ex
1104 3959 1193 4027 duo-

71 4051 125 4124 lrus
144 4061 331 4149 principiis,
357 4059 417 4129 sed
443 4067 607 4148 tanlquam
633 4079 674 4128 ex
692 4075 776 4147 ιιιι,ο
796 4077 864 4126 non
883 4058 1013 4126 daubins
1033 4049 1191 4148 spiratio

100 4201 127 4266 l)
144 4199 281 4255 dominum
289 4203 326 4255 ist
339 4199 397 4254 lrior
410 4201 462 4254 und
477 4209 552 4255 sonsl
571 4203 665 4254 immor
682 4199 726 4253 bei
745 4199 868 4254 Cunisiua
887 4199 1067 4270 ausgelusseu.
1087 4201 1118 4262 2)
1128 4213 1192 4268 pre

70 4260 153 4322 latio.
188 4272 221 4338 3)
238 4269 342 4324 alla-
362 4271 543 4324 testimonium
563 4269 629 4323 lelrlt
648 4269 690 4322 bei
709 4269 738 4322 0.
