2884 4834
403 250 532 296 aurnuns
552 249 787 297 woaurrmvsrs.
1054 269 1056 276 >
1081 221 1148 290 187

27 407 92 458 nem
110 395 146 458 ct
165 387 383 457 wernherum
400 395 567 474 cognatos
580 388 758 479 Zuruouis,
776 387 834 476 qui
851 385 916 456 hoc
930 387 1070 458 fideliter
1083 387 1147 458 lide
1169 399 1233 454 rats

28 489 96 556 data
119 488 362 577 promiserunt,
387 488 416 556 si
440 488 551 556 Zumo
578 493 694 556 contra
711 489 805 556 cives
824 486 1097 556 wormacienses
1115 489 1150 556 iu

27 587 131 674 aliquo
160 587 361 676 excesserit,
388 587 509 656 volens
535 603 574 654 se
592 603 695 675 super
715 585 781 656 lroc
799 583 889 656 lacto
906 586 1077 655 vindicare
1095 587 1150 656 vel
1205 643 1213 651 .

26 702 202 774 procurans
229 683 415 774 vindicare,
442 684 583 774 predicti
609 686 701 754 cives
727 687 822 774 ipsos
847 703 1059 754 commouere
1085 683 1150 753 dc-

27 785 135 874 leaut,
155 789 191 854 et
208 784 317 852 statim
327 782 551 854 Wormaciam
563 783 733 854 intrabunt
745 783 823 854 dicti
836 783 1065 874 fideiussores,
1083 801 1151 852 non

27 884 193 970 egressuri
212 883 277 950 uisi
294 881 424 952 civibus
441 883 585 952 satisfiat
600 884 634 950 irr
652 883 806 954 omuibus
825 883 946 971 quibus
964 883 1075 952 Zumo
1090 897 1151 952 ecs

27 983 173 1068 gravavit
198 983 255 1052 vel
280 980 478 1052 molestavit
502 980 589 1052 Acta
612 988 691 1052 sunt
715 981 780 1052 hec
802 999 891 1052 auno
910 982 1075 1051 dominice
1093 983 1151 1050 iu·-

26 1176 110 1270 [aug.
133 1177 213 1272 ll].

87 1278 195 1350 Auno
219 1281 335 1350 mccl.
352 1280 552 1352 Willrclmus
578 1297 654 1371 rex,
680 1280 808 1350 electus
832 1283 948 1350 eontra
965 1277 1152 1348 Conradum

24 1379 179 1448 instinctu
205 1397 294 1468 pape
320 1379 362 1450 ab
387 1381 577 1471 episcopis,
595 1381 630 1448 iu
656 1379 710 1448 die
736 1381 843 1448 sancti
861 1378 980 1447 Jacobi
1006 1377 1152 1466 apostoli

27 1473 94 1565 [iuli
112 1475 182 1569 25]
206 1495 279 1546 cum
298 1480 368 1548 suis
387 1481 616 1569 sollempniter
632 1481 776 1548 accessit
792 1481 826 1548 iu
844 1478 954 1547 villam
968 1475 1152 1546 Berchhol-

26 1575 173 1644 vesheim
200 1595 306 1666 prope
331 1575 541 1648 Oderuheim.
567 1577 609 1646 Et
630 1577 676 1645 ibi
699 1594 899 1667 permanens
918 1593 1036 1644 omnes
1054 1576 1151 1644 villas

25 1672 143 1744 domiui
167 1675 310 1765 Plrilippi
327 1676 369 1746 dc
386 1676 573 1746 Holreuiels
600 1675 814 1746 defendentis
832 1674 1054 1764 Boppardiam
1071 1677 1151 1762 igue

26 1775 189 1865 cremavit,
209 1777 360 1865 exceptis
374 1777 439 1844 illis
454 1794 519 1864 (pue
536 1793 574 1844 se
591 1777 736 1865 pecunia
753 1776 971 1846 redemerant.
990 1775 1031 1844 llt
1047 1776 1152 1844 eciam

26 1875 159 1942 extorsit
181 1873 343 1944 inlicitam
366 1876 542 1964 pecuniam
566 1874 608 1944 de
633 1875 817 1944 altisvillis
844 1872 1151 1944 circumiacentibus

27 1977 54 2038 ct
69 1973 179 2042 eciam
199 1975 390 2044 nominatim
409 1973 451 2042 de
470 1971 645 2044 Osthoveu
663 1979 697 2042 et
714 1973 935 2042 Westlroveu.
969 1972 1072 2041 Erant
1090 1990 1152 2040 au-

25 2075 82 2138 tem
99 2069 195 2160 apud
211 2072 320 2160 ipsum
336 2090 460 2143 novum
477 2091 592 2159 regem
602 2072 808 2142 Christianus
821 2071 1040 2159 Maguntinus
1059 2071 1152 2158 cpis-

26 2185 124 2257 copus
150 2175 187 2238 et
213 2172 266 2238 sui
292 2173 402 2262 cives,
428 2171 605 2240 Courodus
630 2170 843 2241 Coloniensis
868 2177 902 2240 et
925 2170 1151 2259 Trevcrensis,

26 2265 200 2338 lleiuricus
226 2269 414 2361 Spirensis,
439 2269 652 2340 Eberhardus
674 2269 957 2359 Wormaciensis,
982 2268 1154 2357 Splvestcr

28 2383 138 2436 comes
157 2373 194 2438 et
212 2367 298 2438 filius
316 2387 418 2460 suus,
437 2387 550 2440 comes
568 2369 611 2440 de
628 2369 840 2440 Nassauweu
849 2422 859 2460 ,
883 2385 998 2438 comes
1016 2365 1059 2438 de
1077 2367 1152 2435 Wi-

25 2464 154 2536 leuowe
164 2519 175 2557 ,
196 2484 311 2538 comes
330 2469 372 2538 de
390 2468 708 2558 Katzanelubogen,
727 2467 901 2538 Corradus
918 2465 1073 2536 Hirsutus
1088 2485 1151 2536 co-

24 2565 244 2656 mes,Ulricus
258 2565 300 2635 de
313 2567 547 2658 Minuenberg,
565 2567 771 2636 Wcruharus
785 2563 1001 2636 deBolandia
1019 2573 1053 2634 et
1066 2565 1152 2632 tilius

24 2681 117 2754 suus,
137 2663 287 2734 Wiricus
301 2665 344 2734 de
360 2666 458 2736 Durra
475 2667 615 2736 etmulti
632 2666 696 2736 alii.
723 2665 840 2734 Statim
856 2683 938 2734 vero
956 2663 1039 2733 laria
1056 2671 1152 2732 sextu

23 2769 95 2848 post
114 2762 239 2832 Jacobi
258 2761 333 2854 [iuli
351 2761 415 2856 29]
435 2771 643 2836 revertentes
662 2765 780 2834 itemm
800 2781 900 2852 supra
921 2762 1071 2831 Rhenum
1092 2781 1151 2832 co-

24 2868 84 2930 stra
107 2864 225 2931 metati
247 2870 324 2933 sunt
353 2863 442 2953 apud
464 2865 588 2934 Cruces
615 2864 701 2932 iuter
723 2862 934 2950 moguntiam
958 2867 992 2931 et
1012 2859 1152 2951 Oppon-

24 2957 114 3029 heim.
140 2959 265 3032 Adlruc
284 2967 394 3034 autem
417 2964 598 3051 permansit
619 2962 774 3031 domiuus
792 2960 966 3030 Corradus
983 2979 1042 3030 rex
1063 2959 1153 3050 apud

27 3055 241 3148 Oppcnlreim.
267 3061 316 3130 llri
333 3063 438 3152 primo
454 3064 488 3130 iu
508 3062 589 3130 iulio
610 3067 880 3131 castrametatus
900 3066 951 3130 est
971 3065 1049 3128 aute
1069 3061 1152 3130 civi-

26 3162 119 3227 tatem
135 3176 259 3227 versus
275 3159 493 3247 Dynenheim.
519 3161 579 3229 llis
600 3161 746 3249 peractis
768 3179 788 3228 a
811 3177 902 3228 novo
923 3177 1022 3249 rege,
1040 3159 1155 3229 statuit

28 3254 168 3326 dimissis
194 3259 347 3328 omuibus
365 3259 436 3328 suis
453 3258 497 3329 ad
521 3277 583 3330 sua
602 3257 719 3330 redire.
747 3259 825 3348 lpse
847 3276 968 3348 nempe
987 3276 1153 3348 persona-

26 3353 89 3424 liter
105 3357 244 3428 intravit
257 3356 476 3445 Mogontiom.

93 3453 262 3524 Continue
285 3473 365 3526 vero
387 3458 460 3528 siue
486 3475 577 3526 mora
599 3476 788 3546 exsurgens
806 3457 960 3528 dominus
979 3453 1153 3522 Conradus

29 3569 79 3621 rer
95 3556 267 3642 processit
282 3573 400 3626 versus
415 3555 624 3643 Mogontiam
633 3610 643 3647 ,
663 3563 696 3626 et
716 3558 814 3646 quasi
836 3558 869 3624 in
893 3553 1054 3624 suburbio
1069 3552 1154 3622 civi·

29 3654 96 3720 tatis
111 3669 219 3741 prope
237 3655 416 3723 claustrum
433 3655 524 3742 quod
544 3655 662 3724 dicitur
677 3655 785 3724 Dalen
807 3661 918 3724 castra
931 3657 1073 3722 metatus
1091 3657 1152 3720 cst.

29 3748 63 3816 lt
83 3751 272 3822 combussit
295 3771 412 3824 omues
430 3753 527 3822 villas
554 3753 682 3823 civibus
701 3754 911 3841 lloguntinis
936 3757 970 3821 et
992 3751 1154 3840 episcopo

30 3851 220 3941 attinentes,
238 3853 389 3941 exceptis
407 3858 517 3920 tamen
537 3853 687 3941 illisque
712 3871 750 3922 se
771 3853 914 3942 pecunia
932 3851 1079 3938 graviter
1100 3867 1154 3918 rc-

31 3945 203 4018 demerunt.
228 3949 271 4018 Et
291 3968 364 4020 cum
386 3950 431 4020 ibi
446 3969 507 4039 per
524 3949 597 4020 dies
621 3954 768 4040 quinque
789 3951 1032 4041 permansisset
1049 3954 1083 4018 et
1101 3950 1154 4016 irr-

30 4052 112 4118 terea
137 4065 228 4118 novo
246 4067 326 4137 rege
349 4051 384 4118 in
398 4049 574 4136 Mogontia
599 4051 781 4141 existente,
807 4049 962 4120 dominus
981 4047 1154 4118 Conradus

31 4164 81 4213 rex
99 4165 172 4216 eum
193 4149 264 4216 suis
287 4147 454 4218 accedeus
475 4141 669 4217 Vlanlreim¹
689 4155 723 4218 et
743 4147 824 4218 illud
849 4149 992 4218 totaliter
1009 4146 1154 4216 subver-

61 4259 89 4323 t)
106 4255 247 4312 llonlreim
266 4259 334 4312 zwei
351 4257 466 4313 stundcn
485 4257 675 4312 nordwestlich
695 4273 748 4313 veu
767 4257 852 4311 Aiaci,
