2888 4824
261 241 333 312 468
611 269 767 316 cunrrous
788 268 1046 316 srnnunrnernsrs.

184 419 249 478 1286
266 409 391 498 rapinis
419 407 659 478 destruxerunt.
685 409 759 476 Rex
783 407 954 476 destructo
978 371 1135 476 cimiterio
1153 403 1403 492 buwertingen

264 515 341 578 ante
367 507 493 576 Mathei
520 507 664 597 apostoli
685 503 789 598 [sept'.
808 505 873 598 21]
893 507 1032 575 vallavit
1048 508 1214 574 civitatem
1234 505 1405 574 Stucbar-

263 614 320 676 ten
337 609 371 674 in
395 610 540 676 crastino
558 607 702 674 Mauritii
728 603 829 696 [sept.
849 604 913 698 23]
933 625 1006 674 cum
1024 625 1147 692 magno
1166 605 1335 674 exercitu.
1368 603 1402 670 In

264 705 414 776 secunda
431 724 574 795 vespera
593 705 712 774 Cosme
730 713 763 772 et
775 705 929 778 Damiani
943 701 1121 796 [septen]
1133 703 1309 792 Dipoidus
1327 699 1402 792 [de]

262 806 502 874 Berencbusen
528 809 661 872 occisus
689 803 750 872 init
768 805 909 873 etmulti
929 806 1015 893 capti
1035 809 1068 872 et
1086 806 1163 891 equi
1181 803 1324 892 plurimi
1344 819 1403 870 oc-

264 906 324 972 cisi
350 922 454 993 prope
485 902 752 992 Hedclphingen.
786 901 951 972 Advocati
976 905 1079 972 nostri
1105 909 1210 972 totam
1238 901 1403 970 decimam

263 1011 411 1073 nostram
437 1002 702 1092 Sindclphingen
728 1004 761 1070 in
780 1021 914 1071 annona
931 1003 1030 1070 huius
1049 1004 1126 1070 anni
1144 1005 1359 1090 acceperunt
1375 1007 1405 1067 et

264 1109 543 1191 consumpserunt
560 1119 669 1188 usque
687 1101 894 1170 Michahelis.
928 1102 966 1170 ln
984 1108 1105 1170 octava
1123 1101 1209 1169 Galli
1229 1097 1321 1190 [oct.
1342 1096 1402 1188 23]

265 1204 445 1291 episcopus
463 1202 683 1288 Moguntinus
703 1201 901 1270 Stucbartcn
928 1219 1001 1269 cum
1018 1218 1141 1287 magno
1160 1201 1331 1269 comitatu
1348 1215 1404 1264 vc-

263 1303 312 1368 nit
335 1302 368 1368 in
395 1301 551 1369 auxilium
576 1301 675 1386 regis.
712 1299 838 1369 Eodem
865 1299 918 1368 die
946 1317 1059 1368 onmes
1083 1297 1306 1367 Burchardus
1333 1315 1401 1363 cum

265 1401 384 1468 comite
408 1399 573 1468 Friderico
592 1393 778 1486 Baiginge¹
796 1399 982 1468 conflictum
999 1399 1129 1489 habuit,
1149 1397 1303 1466 etmulti
1321 1396 1403 1484 capti

265 1507 298 1566 et
322 1498 487 1566 interiecti
513 1498 645 1566 inerunt
671 1516 712 1566 cx
736 1505 830 1586 parte
858 1499 986 1566 comitis
1011 1495 1193 1566 Burohardi
1221 1502 1259 1564 et
1277 1493 1405 1564 Alberti

265 1598 394 1665 comitis
422 1597 464 1665 de
490 1595 704 1666 Hohinberoh
728 1599 784 1684 qni
811 1604 889 1665 tunc
913 1596 973 1664 fuit
1005 1597 1215 1666 Stucbarten.
1251 1594 1404 1662 Tandem

263 1696 407 1764 Martino
439 1695 527 1764 sesto
555 1692 649 1786 [nov.
678 1693 741 1787 tt]
765 1715 824 1764 rex
844 1697 1004 1786 recessit,
1031 1713 1123 1764 muro
1154 1697 1226 1763 eius
1256 1695 1403 1763 civitatis

265 1793 454 1886 destructo,
473 1795 614 1882 aiiisque
630 1795 867 1864 munitionibus
886 1797 958 1882 regi
980 1796 1162 1881 assignetis
1181 1813 1202 1862 a
1220 1795 1354 1862 comite
1368 1791 1404 1859 de

264 1894 504 1962 Wirtcnbercb.
542 1895 664 1963 Postea
693 1894 746 1964 hic
773 1894 971 1962 Stucharten
1004 1911 1117 1962 rursus
1141 1909 1235 1961 muro
1268 1892 1405 1961 vallavit

265 1999 380 2062 contra
396 1995 614 2062 iuramentum
632 1999 664 2062 et
684 1995 935 2081 promissionem
953 1994 1024 2079 regi
1040 1992 1168 2060 iactam.
1196 1991 1329 2060 Comes
1345 1988 1402 2058 nt-

264 2092 378 2160 bertus
389 2111 464 2161 cum
479 2093 589 2160 multis
606 2093 781 2160 comitibus
798 2095 832 2160 in
849 2091 999 2161 secunda
1018 2110 1159 2181 vespera
1181 2092 1289 2158 Bricii
1308 2087 1400 2180 [nov.

267 2189 331 2282 13]
353 2193 444 2260 venit
470 2191 745 2280 Sindeipbingen.
771 2193 881 2260 Pauca
903 2191 1076 2260 ordinavit.
1104 2191 1222 2258 Statim
1238 2190 1350 2258 rediit
1366 2187 1404 2255 ad

263 2309 376 2376 regern
394 2308 512 2358 versus
532 2291 742 2377 Enzelingen.
760 2291 798 2358 ln
816 2291 930 2377 vigilia
946 2290 1123 2358 Kathorine
1138 2285 1236 2378 [nov.
1253 2285 1328 2379 24]
1350 2306 1404 2354 ren

263 2387 426 2456 Rudelins
450 2391 543 2458 vonit
565 2389 607 2458 ad
633 2391 766 2478 nuptias
791 2391 919 2458 comitis
942 2388 1073 2458 Rudolii
1099 2388 1217 2457 Scorer
1243 2387 1343 2455 dicti.
1370 2386 1402 2453 in

266 2489 411 2557 crastino
433 2488 560 2577 Spiram
578 2490 639 2557 ivit
658 2488 701 2557 ad
717 2488 926 2557 cardinalem.
952 2488 1033 2556 Item
1053 2505 1165 2556 comes
1181 2485 1403 2555 Eberhardns

266 2586 385 2655 Soerer
401 2589 533 2676 nuptias
551 2587 731 2656 celebravit
750 2587 928 2674 Vahingen
947 2605 1020 2655 curn
1042 2604 1168 2675 sponsa
1197 2603 1262 2653 sna
1288 2588 1325 2654 in
1345 2603 1402 2653 se-

265 2686 375 2754 cunda
401 2704 545 2775 vespera
569 2687 713 2756 Cunradi
742 2687 892 2776 episcopi
917 2685 1180 2754 Constantiensis
1205 2681 1308 2774 [nov.
1337 2681 1399 2774 26]

263 2786 374 2853 multis
398 2785 620 2874 presentibus.
660 2785 748 2854 Ante
769 2787 972 2854 nativitatem
1000 2785 1122 2854 domini
1148 2802 1208 2851 rex
1231 2783 1399 2852 Rudelins

263 2886 356 2952 venit
371 2884 585 2953 Hohinberch
602 2891 634 2953 et
650 2884 801 2953 Rotuile.
827 2884 952 2952 Ibidem
966 2883 1085 2952 testum
1107 2883 1219 2951 natale
1244 2883 1401 2952 celebra-

263 2985 320 3050 vit.
346 2983 506 3051 Comitem
523 2983 692 3052 Aibertum
709 2991 742 3052 et
760 2985 898 3052 comites
917 2983 958 3052 de
971 2984 1102 3052 Zollcre
1115 2983 1362 3050 reconciliavit.

337 3081 578 3150 Meelxxnvii.
603 3083 813 3152 Eberhardus
838 3090 871 3150 et
890 3081 1052 3151 Rudelins
1072 3083 1231 3171 comites,
1251 3081 1313 3148 iiiii
1331 3080 1399 3148 Ru-

265 3177 345 3246 dolir
369 3179 446 3248 dicti
472 3180 630 3272 senemr,
656 3189 775 3250 terram
796 3183 942 3270 ipsorum
964 3187 999 3252 et
1026 3180 1244 3249 hereditatem
1270 3179 1398 3248 divise-

263 3284 338 3346 runt
355 3279 389 3346 in
408 3280 596 3366 Tuuingen
622 3283 721 3349 nonis
747 3283 822 3348 maii
848 3280 1061 3370 presentibus
1085 3279 1206 3347 multis.
1233 3277 1398 3347 Rudelins

262 3395 353 3444 nunc
371 3380 551 3467 episcopus
566 3379 834 3448 constantiensis
848 3382 882 3447 in
897 3379 1121 3467 Butheispach
1141 3379 1211 3466 suit,
1224 3376 1397 3446 redeundo

264 3475 305 3544 de
324 3479 466 3546 concilio
485 3478 729 3568 Herbipolensi.
757 3479 876 3547 Comes
895 3478 1079 3546 Fridericus
1097 3480 1208 3546 iunior
1230 3477 1274 3544 de
1299 3477 1396 3545 Zolre

263 3581 380 3664 captus
400 3576 459 3646 init
473 3576 555 3644 ieria
570 3577 718 3646 secunda
736 3583 814 3666 post
828 3579 1061 3646 ascensionem
1077 3576 1201 3644 domini
1225 3572 1394 3666 [mait9].

261 3673 342 3742 ltern
357 3677 502 3744 marchio
520 3675 728 3745 Hormannus
746 3679 902 3764 antiquus
920 3676 961 3744 de
979 3675 1095 3743 Baden
1117 3683 1151 3743 et
1171 3675 1228 3742 tilii
1246 3677 1300 3742 sui
1324 3692 1393 3742 cum

264 3774 377 3842 amicis
406 3792 537 3865 eorum,
565 3775 728 3844 habentes
757 3775 832 3864 plns
860 3794 958 3862 quam
984 3793 1045 3842 sex
1068 3775 1170 3842 miliia
1195 3781 1391 3842 armatorum

262 3874 329 3936 tam
347 3875 561 3958 equitantium
580 3893 677 3962 quam
695 3874 839 3963 peditum
849 3927 858 3963 ‚
885 3891 958 3941 cum
975 3872 1143 3941 Burcardo
1162 3873 1285 3941 comite
1303 3890 1392 3961 pug-

262 3977 424 4037 naverunt
450 3991 554 4060 prope
578 3980 721 4042 castrum
745 3965 974 4063 Altinstage²‚
1003 3977 1036 4042 ct
1060 3972 1152 4041 muiti
1175 3971 1221 4038 ibi
1252 3973 1339 4060 capti
1361 3975 1392 4036 et

296 4142 327 4204 t]
347 4141 412 4194 ietzt
429 4143 567 4214 bertingen,
586 4145 654 4200 docb
673 4145 708 4198 ist
727 4144 785 4198 dies
804 4145 1000 4212 verbosseruug
1018 4162 1071 4198 von
1083 4145 1171 4213 Haug‚
1191 4145 1305 4200 Crusius
1321 4143 1392 4196 batte

260 4206 424 4277 Schaiginge
446 4212 555 4280 gelesen
578 4213 649 4268 ohne
672 4213 730 4266 sich
753 4213 836 4268 demit
862 4231 896 4268 zu
919 4217 1051 4284 goningeu.
1089 4213 1230 4268 Friedrich
1254 4229 1312 4268 war
1334 4207 1395 4280 graf

260 4277 451 4334 von-Zollern.
488 4282 519 4348 2)
537 4280 698 4350 Altenstcig.
