2884 4834
411 251 540 301 tantuna
563 248 801 298 woauarrausrs.
1103 223 1172 292 trs

8 397 10 470 t
56 396 166 465 ouravit
182 399 214 460 et
231 393 355 479 intulit,
374 411 394 460 a
414 397 499 459 terra
522 395 638 458 saneta
665 390 739 457 sine
763 390 851 458 omni
879 389 944 458 tino
965 389 1007 459 nd
1031 407 1092 458 sua
1110 407 1169 459 re·
1188 409 1253 464 ¹22⁷

8 471 10 556 i
57 495 136 563 verti.
169 493 209 560 Et
234 491 299 559 hoe
325 491 432 559 oberit
450 489 576 580 populo
603 489 783 557 christiano
803 507 910 577 usque
936 491 969 558 in
993 497 1172 558 extremum

8 569 10 666 t
58 595 138 663 diem.
156 591 325 676 Peregrini
342 592 444 658 eoiam
461 591 517 677 qui
533 590 787 676 supervixerant
801 587 843 656 ad
863 606 925 657 sua
939 595 1017 658 sunt
1033 590 1173 659 reversi.

8 721 9 756 r
58 694 122 762 dum
143 692 229 758 enim
254 689 407 758 dominus
428 691 604 777 imperator
626 687 669 756 ad
694 695 807 776 partes
830 695 864 755 et
886 694 990 758 terras
1016 705 1173 758 reversus

57 793 149 860 iuerat
166 807 266 877 suas,
294 791 403 856 statim
427 791 502 876 ipse
525 794 559 855 et
581 787 736 854 dominus
757 805 845 876 papa
866 785 1173 858 reooneiliabantur.

58 893 163 959 Postea
183 889 307 978 pagani
331 890 536 956 intraverunt
554 887 719 954 eivitatom
741 891 890 954 sanatam
910 885 1116 978 Jerusalem,
1140 893 1175 955 et

56 991 89 1058 iri
104 994 362 1077 commorantes,
382 987 493 1055 turrim
516 984 622 1055 David
643 987 747 1053 ooiam
765 984 996 1078 destruentes,
1016 993 1050 1056 et
1073 987 1174 1055 muita
1276 991 1280 1000 '

56 1089 125 1157 nala
142 1087 269 1176 populo
289 1087 468 1154 christiano
487 1084 680 1153 inserentes.

8 1223 10 1270 ,
114 1185 212 1254 Anno
238 1186 362 1254 domini
381 1186 784 1272 m.oo.xxx.i..supervonit
805 1187 907 1275 plaga
925 1184 1121 1254 miserabilis
1141 1191 1174 1252 et

8 1273 10 1372 Ξ
56 1289 207 1355 servientia
226 1285 402 1354 durissima
420 1283 534 1352 divina
550 1285 781 1374 permissione.
808 1285 909 1353 Venit
926 1290 1069 1373 dumque
1095 1285 1174 1372 qui·

57 1387 116 1454 dam
141 1385 243 1453 irater
261 1383 369 1453 dietus
393 1383 567 1453 Conradus
593 1383 719 1474 Dorso,
740 1391 773 1452 et
795 1392 865 1452 erat
887 1383 993 1451 loious
1013 1384 1125 1452 totalis
1142 1390 1174 1452 et

57 1485 88 1553 de
105 1486 220 1553 ordine
236 1482 480 1552 Predioatomm
490 1535 499 1573 ,
518 1489 552 1551 et
568 1481 706 1552 adduxit
722 1501 835 1552 seeum
855 1483 1020 1574 pavendam
1038 1483 1174 1552 seeula-

57 1604 110 1652 rem
134 1585 269 1652 nomine
290 1581 492 1672 iohannem,
517 1583 573 1669 qui
593 1590 664 1649 erat
690 1583 803 1651 luscus
831 1590 864 1651 et
886 1601 1023 1651 maneus
1043 1587 1077 1650 et
1095 1599 1175 1650 vere

9 1709 10 1758 ff
57 1691 132 1751 totus
157 1701 312 1770 nequam.
339 1681 393 1748 Hii
414 1681 480 1750 duo
501 1679 699 1772 incipientes
723 1683 919 1771 inpartibus
938 1682 1190 1771 superioribus‚'

58 1785 146 1870 primo
161 1785 197 1850 in
218 1781 441 1871 pauperibus,
462 1780 611 1849 dieentes
636 1797 674 1848 se
697 1797 839 1850 nosoere
860 1781 1037 1849 hereticos.
1063 1782 1103 1850 iit
1118 1783 1175 1849 in-

58 1889 204 1970 reperunt
217 1881 468 1970 illoseremare‚
488 1879 685 1966 quibusdam
701 1880 935 1948 confitentibus
955 1899 993 1948 se
1007 1898 1085 1950 reos
1098 1897 1176 1950 esse

58 1989 80 2047 ot
96 1982 183 2048 nolle
203 1999 222 2048 a
243 1997 304 2048 sua
327 1985 421 2048 seota
445 1978 610 2047 reoedere.
646 1979 688 2047 Et
711 1997 783 2046 oum
808 1979 950 2048 vidisset
972 1980 1118 2069 populus
1137 1997 1175 2048 se

56 2081 125 2148 talos
140 2079 345 2169 comburere,
364 2080 522 2147 continuo
538 2077 695 2146 invehant
709 2083 742 2146 et
755 2079 960 2147 assistebant
975 2080 1036 2168 eis,
1055 2083 1090 2147 et
1103 2097 1175 2148 me-

58 2181 124 2268 rito,
143 2181 224 2267 quia
243 2178 335 2264 digni
352 2185 447 2246 erant
465 2179 589 2246 mortis,
617 2177 698 2245 Cum
716 2185 824 2245 autom
843 2179 908 2268 ipsi
926 2177 993 2247 duo
1010 2177 1177 2248 vidissent
1247 2200 1249 2204 ’

58 2278 111 2345 sibi
136 2279 295 2366 populum
319 2278 369 2346 sio
393 2276 575 2366 faventem,
596 2278 755 2346 continuo
769 2282 1009 2365 prooesserunt
1025 2279 1174 2370 alterium,

58 2387 82 2444 ot
98 2384 255 2466 oeperunt
270 2377 304 2444 in
321 2376 466 2464 qualibet
487 2375 618 2444 eivitate
638 2375 791 2443 seovilla
812 2395 898 2463 quos
916 2377 1089 2466 volebant,
1108 2395 1175 2446 non

9 2523 11 2528 .
57 2477 134 2544 aliud
153 2477 380 2544 testimonium
402 2473 610 2565 proferentes
630 2475 694 2542 nisi
713 2475 803 2562 quood
822 2474 986 2544 indicibus
1003 2476 1176 2545 dioebant:

10 2619 11 2648 t
56 2574 108 2643 Isti
120 2581 195 2643 sant
206 2574 352 2653 deretim',
369 2591 430 2642 noo
451 2573 772 2660 deponimusmanus
786 2572 933 2660 adipeis.
951 2575 992 2642 Et
1011 2577 1060 2642 sio
1075 2593 1176 2664 opor-

10 2705 15 2762 p
57 2675 136 2742 tobat
150 2674 281 2742 iudioes
297 2675 371 2742 ilios
389 2681 422 2742 et
438 2673 520 2742 tales
535 2672 737 2741 oomburere.
764 2673 805 2740 Et
826 2691 893 2742 non
909 2674 1087 2742 servabant
1103 2691 1176 2743 mo-

10 2767 11 2776 ’
57 2773 121 2841 dum
139 2782 172 2841 et
194 2775 314 2842 seriem
329 2773 490 2862 seriptum
507 2778 633 2842 sanate.
659 2771 709 2840 De
726 2787 793 2859 quo
815 2772 923 2840 olenus
938 2771 1060 2860 urbique
1077 2773 1176 2842 valde

58 2872 190 2940 dolebat.
208 2871 251 2940 Et
265 2874 342 2961 quia
361 2889 492 2960 semper
500 2871 622 2958 vulgus
636 2871 710 2938 istis
725 2871 856 2940 iniustis
875 2871 1038 2940 iudicibus
1052 2872 1176 2960 ubique

10 2969 12 2998 “
57 2965 255 3062 adherebat¹‚
267 2971 429 3060 prevaluit
444 2969 568 3059 ubique
582 2971 738 3039 voluntas
753 2987 876 3038 eoram.
904 2971 946 3038 Et
961 2971 1083 3039 multos
1093 2989 1177 3040 oon·

59 3069 270 3160 dempnabant
295 3072 351 3158 quoi
375 3071 409 3137 in
436 3069 516 3138 hora
540 3070 653 3139 mortis
683 3068 852 3158 dominum
883 3077 1030 3138 nostrum
1062 3069 1178 3141 Jesum

61 3167 211 3238 Christum
231 3176 302 3239 toto
325 3169 425 3238 oorde
443 3168 662 3258 invooabant,
681 3173 716 3236 et
733 3169 888 3237 auxilium
904 3175 1020 3237 saneto
1040 3168 1094 3238 dei
1111 3189 1177 3258 ge·-

61 3269 173 3339 nitriois
196 3276 231 3337 et
249 3270 393 3338 omnium
419 3274 609 3336 sanatorum
631 3269 737 3335 eoiam
759 3269 793 3334 in
808 3269 888 3354 igne
908 3267 1019 3338 valido
1035 3269 1177 3338 elamore

61 3367 275 3456 inplorabant.
301 3365 421 3436 Audite
445 3373 569 3455 quanta
586 3365 721 3435 suithes
740 3365 887 3435 miseria!
915 3368 1007 3436 Tune
1023 3367 1177 3436 videntes

61 3466 104 3533 isti
119 3468 246 3536 iudioes
264 3467 446 3555 impendenti
465 3473 499 3534 et
517 3465 589 3534 sine
603 3464 928 3553 miseridordiaquod
949 3467 998 3534 sio
1006 3467 1178 3556 prevalere

61 3582 116 3633 non
133 3571 275 3654 possent
292 3567 365 3635 sine
383 3564 546 3634 adiutorio
565 3564 789 3654 dominorum,
808 3564 1021 3633 adtraxerunt
1039 3565 1101 3633 sibi
1115 3565 1178 3633 do-

62 3667 167 3733 minum
192 3665 382 3734 Heinrioum
408 3681 521 3750 regem
540 3673 573 3732 et
590 3663 743 3732 dominos
764 3661 796 3731 in
815 3663 904 3732 huno
922 3663 1068 3732 modum:
1094 3665 1179 3734 ane

63 3781 112 3831 nor
133 3765 356 3833 comburemus
380 3763 496 3831 diuites
521 3763 656 3845 maltos,
680 3768 714 3830 et
735 3761 822 3831 done
845 3765 993 3848 ipsorum
1009 3761 1178 3833 tenutas.

63 3859 96 3927 m
110 3865 141 3930 ia
154 3863 339 3932 ciuitatibus
354 3861 597 3949 episcopalibus
615 3863 753 3949 reciptet
771 3863 946 3949 episeopus
965 3863 1178 3948 medietatem,

63 3966 88 4025 ot
106 3980 165 4029 roe
188 3964 243 4031 oet
264 3963 352 4030 otios
375 3961 478 4029 tudae
494 3961 597 4029 olium
612 3965 749 4047 portem.
776 3961 817 4028 Et
834 3963 942 4048 gavisi
962 3969 1040 4031 sunt
1057 3961 1179 4032 domini

64 4063 247 4132 assistentes
265 4063 368 4152 ipsis,
388 4067 421 4128 et
439 4057 603 4128 dueentes
622 4077 683 4128 eos
701 4061 736 4128 in
755 4061 908 4129 civitates
925 4067 959 4130 et
971 4063 1068 4132 villas
1088 4081 1178 4154 suas,

95 4202 121 4266 t)
138 4203 370 4272 randbemerkung
387 4204 415 4256 iu
433 4202 481 4256 dev
498 4199 722 4256 hoohstistischen
741 4201 780 4256 irs.
799 4215 848 4257 aus
866 4201 914 4258 der
933 4205 1007 4259 nritto
1025 4205 1074 4259 des
1090 4205 1181 4259 sechs-

65 4268 164 4324 zrhnton
181 4271 280 4326 iahrh.:
301 4272 339 4329 tta
357 4272 441 4325 oeiam
460 4270 624 4325 adheserunt
642 4269 769 4324 butham.
