2950 4836
388 285 548 336 euncmcon
570 287 813 336 osrrrrnomrmsu.
1097 264 1166 330 557

48 428 171 517 abbate,
206 444 293 495 anno
319 425 490 513 regiminis
515 428 567 495 sui
589 434 696 496 sexto.
735 424 799 508 Qui
824 430 928 497 eciam
954 446 1026 497 oum
1045 427 1164 498 eodem
1183 437 1250 492 taes

47 531 197 595 venerunt
210 543 313 593 causa
324 525 532 593 visitacionis
549 543 609 614 per
622 524 790 595 Sweviam
803 526 987 596 Bawariam
1001 524 1168 595 Austriam

48 632 76 694 et
98 625 279 693 ltloraviam
303 641 412 710 usque
438 622 480 692 ad
504 624 681 693 ecelesiam
700 623 954 693 denioeusem.
980 625 1029 692 lbi
1053 626 1168 696 relicto

45 722 184 814 prediolo
204 721 337 790 domiuo
356 722 656 791 Premnustratensi
681 723 863 809 iniungitur
886 725 917 792 ei
939 717 1167 793 visitatio'ec-

45 823 137 889 olesie
154 822 188 887 in
199 820 367 888 Grivental
384 820 419 887 in
436 819 615 888 Kerinthia.
633 821 753 906 Dirigit
769 829 878 890 autem
896 824 959 892 iter
975 841 1071 891 suum
1089 841 1167 911 pre·

44 919 142 987 dictus
171 918 325 987 dominus
342 918 661 986 Promonstratensis
686 937 806 988 versus
829 921 1032 990 Bobemiam.
1065 920 1167 990 Cuius

44 1026 120 1085 terre
138 1017 301 1085 eeclesias
321 1017 371 1084 sui
397 1016 523 1086 ordinis
541 1018 653 1086 visitat
660 1071 670 1108 ,
696 1024 730 1085 et
747 1037 766 1086 a
784 1035 865 1104 rege
885 1019 1089 1088 Wenzezlao
1108 1038 1167 1089 se-

45 1115 145 1184 cundo
171 1115 353 1184 honorilice
378 1117 532 1204 recipitur
558 1122 592 1184 et
614 1115 803 1202 benigniter
834 1123 1058 1205 pertractatur.
1092 1117 1167 1186 De-

43 1234 120 1281 mum
138 1213 178 1282 de
196 1216 271 1303 ipsa
292 1220 376 1282 terra
394 1213 564 1301 egreditur
580 1232 641 1303 per
656 1215 778 1300 Egram
798 1222 831 1283 et
848 1213 1062 1304 llatisponam
1071 1268 1081 1305 ‚
1107 1234 1166 1285 re-

44 1313 129 1380 diens
148 1311 189 1381 ad
215 1319 334 1381 terram
352 1329 445 1380 suam
466 1319 661 1402 peracturus
688 1314 865 1400 capitulum
888 1315 1056 1400 generale.
1089 1315 1165 1402 Ny-

44 1411 148 1480 colaus
174 1417 312 1499 quartus
338 1429 426 1500 papa
444 1410 524 1480 obiit
543 1407 657 1502 [1292
676 1430 745 1501 apr.
763 1409 816 1503 [ι]
851 1412 958 1481 Vacat
976 1411 1076 1482 sedes
1095 1412 1165 1482 iere

43 1511 127 1578 annis
142 1510 258 1578 tribus,

106 1609 309 1678 ll.cc.xc.iiii.
340 1607 502 1677 Dominus
529 1607 672 1678 Adolius
703 1627 762 1677 rex
793 1615 898 1678 terras
926 1610 1106 1697 Thuringie
1132 1616 1166 1679 et

43 1705 183 1775 llicbsne
210 1707 411 1775 rebellantes
435 1706 498 1775 sibi
521 1707 665 1775 intravit.
691 1707 732 1776 Et
755 1708 886 1777 duobus
908 1711 1004 1777 annis
1023 1727 1164 1778 manens

43 1805 152 1874 ibidem
178 1805 317 1874 easdem
335 1807 550 1896 expugnavit.
576 1806 619 1875 Et
642 1807 691 1874 sie
716 1825 781 1893 pax
799 1807 925 1874 eisdem
944 1809 1039 1875 terris
1057 1807 1163 1875 rediit.

41 1904 107 1991 lpse
118 1906 206 1973 enim
219 1904 375 1994 marchio,
389 1905 445 1992 qni
462 1904 599 1973 easdem
616 1904 1035 1992 terrasexparteFriderici
1050 1923 1163 1992 quon-

43 2001 107 2069 dam
116 2003 324 2092 imperatoris
338 2005 564 2092 persecutoris
580 2003 722 2071 ecclesie
738 2003 822 2071 male
834 2002 1045 2094 possederat,
1055 2008 1164 2093 preter

43 2101 98 2169 alia
107 2103 299 2190 episcopum
312 2106 345 2170 et
359 2103 541 2170 canonicos
551 2101 796 2170 Michsensesa
810 2103 880 2169 suis
896 2101 1162 2172 habitacionibus

44 2206 72 2266 et
87 2199 181 2268 rebus
203 2202 354 2288 eiecerat,
374 2205 408 2268 et
424 2199 575 2269 horreum
594 2199 662 2269 ieni
680 2217 740 2288 pro
759 2201 854 2287 equis
882 2201 952 2268 suis
978 2199 1103 2269 iecerat
1121 2200 1163 2269 de

43 2299 175 2367 ecclesia
200 2298 391 2367 kathedrali.
417 2297 589 2386 ltenripse
608 2304 757 2386 tempore
775 2317 834 2367 rex
851 2296 993 2368 Adolius
1011 2300 1164 2387 repetivit

43 2415 147 2484 arege
165 2398 303 2467 Francie
321 2415 461 2483 regnum
478 2395 647 2466 Arelatnm
671 2402 705 2466 et
721 2397 882 2485 quasdam
906 2397 989 2466 alias
1007 2403 1110 2466 terras
1130 2403 1164 2466 et

43 2497 225 2583 provincias
249 2513 333 2584 quas
359 2495 491 2564 dicebat
522 2513 599 2564 esse
623 2497 767 2586 imperii,
796 2498 989 2584 insaporet
1014 2499 1164 2585 spineam

44 2611 190 2664 coronam
208 2593 347 2684 domini,
375 2612 458 2682 quas
477 2595 543 2662 nisi
558 2593 712 2663 redderet
728 2595 762 2662 in
781 2613 879 2662 mauu
897 2594 1028 2663 lorciori
1046 2596 1163 2682 requi-

42 2710 104 2760 rere
131 2693 250 2763 vellet
293 2692 324 2762 A
355 2710 421 2780 quo
447 2691 623 2781 impeditur
647 2709 707 2783 per
732 2692 932 2761 discordiam
964 2711 1062 2780 quam
1095 2692 1164 2762 dux

39 2788 161 2860 dustrie
179 2789 335 2860 Albertus
354 2791 417 2859 sibi
434 2791 544 2860 movit.

106 2889 288 2960 licerer.
314 2890 351 2958 ln
370 2888 423 2958 die
441 2907 545 2978 pasce
564 2888 655 2976 quod
673 2893 752 2958 tunc
770 2890 882 2958 evenit
898 2890 932 2957 in
948 2889 1065 2975 vigilia
1081 2887 1163 2958 Am-

41 2986 132 3056 brosii
158 2989 243 3077 [apr.
270 2985 308 3080 3]
334 2987 456 3058 cecidit
480 2989 537 3056 nix
555 2987 638 3056 hora
663 2989 822 3056 matutina
848 2987 891 3056 ad
911 2987 1163 3076 spissitudinem

42 3093 304 3176 ercammarus,
329 3094 362 3156 et
386 3087 566 3175 permansit
590 3104 697 3174 usque
729 3085 773 3154 ad
801 3086 915 3155 boram
941 3085 1007 3155 diei
1032 3104 1164 3156 nonam.

40 3183 156 3254 Eodem
189 3203 277 3255 anno
303 3186 337 3253 in
364 3191 483 3254 octava
508 3186 616 3254 sancti
642 3182 822 3271 Augustini
845 3203 906 3274 per
932 3191 1162 3255 terremotum

40 3282 211 3354 claustrum
229 3283 353 3353 ordinis
372 3284 690 3353 Premenstratensis
709 3283 909 3352 Churbaldia
926 3291 959 3352 et
977 3284 1163 3372 quindecim

39 3389 138 3452 castra
154 3385 191 3452 in
209 3382 327 3452 eodem
345 3382 489 3451 conimio
507 3381 655 3450 iuuditus
674 3387 878 3450 corruerunt.

105 3481 297 3550 Macroni.
321 3480 461 3567 Eligitur
483 3485 564 3548 nutu
595 3479 708 3547 divino
741 3481 790 3546 vir
823 3479 1002 3565 religiosus
1028 3479 1161 3545 nomine

39 3577 146 3650 Petrus
172 3580 214 3648 de
237 3580 400 3648 Menrona
425 3581 459 3646 in
477 3597 638 3648 summum
664 3577 872 3667 pontificem,
892 3581 926 3644 et
950 3581 1090 3644 vocatus
1110 3582 1163 3644 est

40 3674 220 3748 Celestmus
240 3679 385 3766 quintus.
417 3675 481 3758 Qui
504 3675 590 3745 sedit
615 3677 786 3746 mensibus
813 3693 884 3745 sex,
917 3675 958 3743 Et
979 3675 1163 3760 resignavit

39 3781 68 3840 et
84 3778 353 3847 constitutionem
370 3775 461 3863 quod
479 3773 548 3844 fieri
565 3781 684 3863 posset
700 3774 802 3843 edidit
820 3773 861 3842 de
875 3771 1082 3862 plenitudine
1101 3789 1161 3840 sue

38 3877 219 3958 potestatis.
252 3874 312 3942 Cui
330 3875 497 3943 successit
514 3873 667 3942 dominus
685 3871 885 3942 Benedictus
901 3869 1087 3960 cardinalis,
1106 3873 1163 3958 qui

38 3980 171 4043 vocatus
192 3979 244 4042 est
259 3971 451 4042 Boniiucius
466 3979 616 4042 octavus.
644 3969 708 4052 Qui
731 3973 837 4039 statim
859 3975 938 4058 post
958 3971 1161 4038 creationem

40 4086 127 4139 suam
144 4090 258 4141 omnes
277 4073 407 4158 gracias
424 4077 457 4139 et
471 4071 714 4140 concessiones
737 4087 820 4156 quas
838 4067 1058 4157 predecessor
1080 4086 1161 4136 suus

39 4167 69 4234 in
84 4171 289 4264 simplicitate
313 4187 375 4238 sua
397 4168 536 4258 iecerat,
556 4169 703 4238 cassavit
719 4175 819 4255 atque
836 4169 1026 4256 revocavit,
1052 4173 1085 4233 et
1105 4168 1162 4252 ip-

39 4283 103 4335 snm
131 4270 282 4358 reclusit,
310 4286 352 4336 ne
380 4269 501 4337 scisma
526 4267 618 4336 ireret
641 4267 669 4334 si
694 4285 714 4333 a
740 4267 866 4354 populo
889 4272 1065 4354 raperetur.
1099 4261 1162 4343 Qui
