2878 4834
14 97 19 360 Ι
382 220 551 268 ermonem
574 220 811 268 wonunrruusru.
1092 193 1162 262 217

14 369 15 462 l
108 358 222 428 dotum
241 377 331 428 enno
353 359 476 428 domini
495 361 669 449 rn.eo.viii.,
699 377 815 429 mense
846 362 948 449 meio,
977 361 1079 428 ternio
1108 358 1163 428 die

14 463 17 628 .
51 458 289 626 penthecospies,
316 459 499 594 in1dieti0ne
517 459 708 550 undecimo,
733 461 767 526 in
792 461 937 528 elaustro
956 461 1063 528 saneti
1080 460 1167 528 Petri

53 567 113 625 ente
130 559 216 626 eruei
242 577 328 626 xum.

14 779 16 786 Ι
105 700 123 764 3
152 703 206 764 Die
227 703 340 779 berger
361 718 420 768 von
442 704 547 782 Speier
568 704 768 768 beurkuuden
791 706 848 766 wie
870 706 915 766 sie
935 705 968 766 iu
989 709 1166 780 gegeanrt

14 793 15 796 ’
154 783 285 847 weilend
319 786 413 862 konig
447 785 586 865 Philipps
614 789 669 850 mit
704 787 764 849 den
797 785 931 862 burgen
960 801 1019 847 ven
1047 785 1166 850 Worms

155 868 235 929 uach
257 867 429 930 erleubnlss
452 867 506 930 des
527 869 664 932 bischofs
687 867 806 931 Conrnd
829 885 887 930 von
901 869 1008 946 Speier
1028 867 1090 930 und
1112 868 1167 930 des

155 950 293 1012 bischofs
315 949 442 1028 liupold
464 967 524 1013 ron
537 951 657 1015 Worms
679 951 756 1014 llber
778 951 826 1013 die
845 953 1075 1028 gegenseltigen
1092 951 1166 1013 zoll·

14 1107 16 1124 ,
154 1032 292 1108 ebgaben
313 1033 622 1110 iibereingekommen
642 1033 722 1096 sind.
765 1033 1012 1111 (1208-1217.)

14 1131 16 1224 ξ
109 1144 207 1212 Cives
222 1143 265 1212 de
284 1144 390 1234 Spiru.
416 1143 467 1212 Ne
485 1143 575 1232 quod
593 1147 699 1215 semel
712 1144 799 1213 bene
818 1143 991 1213 diffinitum
1010 1149 1082 1234 est,
1101 1144 1167 1212 ob-

14 1257 16 1264 ·
50 1244 113 1311 lilio
126 1261 271 1312 noverea
289 1245 447 1312 memorie
461 1245 496 1311 in
512 1250 684 1332 posterum
698 1244 807 1311 velent
821 1243 1008 1334 denigrare,
1025 1243 1126 1311 ideir-
1141 1242 1155 1318 ΙΙ

51 1361 82 1410 ro
98 1350 209 1410 notum
228 1345 271 1412 sit
289 1343 441 1411 omnibus
459 1343 525 1412 hoe
542 1345 698 1432 seriptum
717 1343 949 1433 cernentibus,
977 1343 1117 1431 qualiter
1134 1342 1168 1407 in

51 1444 210 1530 presencia
226 1442 326 1511 beate
345 1443 500 1511 memorie
517 1443 656 1511 illustris
680 1443 771 1529 regis
790 1443 931 1532 Philippi
948 1445 1035 1512 inter
1052 1457 1116 1511 nos
1135 1445 1169 1508 et

50 1539 459 1632 oivesllWormoeienses,
495 1542 537 1610 de
564 1542 699 1610 lieentia
733 1540 858 1611 demini
892 1543 998 1612 nostri
1024 1538 1168 1610 Cunredi

51 1642 198 1730 episeopi,
226 1641 407 1730 imperialis
426 1641 501 1710 aule
519 1642 725 1729 camellarii,
753 1648 787 1710 et
812 1641 937 1710 demini
963 1643 1068 1709 nostri
1085 1641 1168 1709 Liu-

49 1739 126 1827 poldi
146 1740 318 1830 episcopi,
346 1739 388 1809 de
404 1741 560 1809 thelonio
578 1748 652 1810 utro
667 1738 681 1816 ll
696 1741 796 1828 bique
815 1740 927 1811 dendo
945 1741 1108 1828 equaliter
1125 1739 1167 1808 de

50 1847 151 1907 nostro
179 1845 212 1907 et
236 1841 384 1929 ipsorum
403 1857 573 1910 consensu
599 1840 660 1908 luit
692 1839 879 1909 ordinatum
910 1842 998 1909 siout
1027 1840 1167 1908 inferius

49 1938 257 2027 subscriptum
291 1945 360 2007 est:
412 1939 448 2008 Si
480 1941 562 2008 nivis
594 1939 764 2030 Spirensis
798 1957 871 2007 eum
902 1940 1167 2028 quibuscumque

50 2039 258 2108 mercimoniis
292 2040 421 2108 venerit
447 2038 636 2108 Wormeeie
667 2045 701 2107 et
723 2038 838 2107 lecerit
867 2038 974 2108 iorum
1001 2056 1097 2106 suum
1125 2037 1168 2106 de

49 2138 154 2222 viginti
172 2137 291 2205 solidis
309 2139 364 2206 vel
382 2138 534 2229 amplius
553 2137 646 2207 debit
663 2144 806 2226 quotuor
825 2137 989 2227 denarios,
1011 2139 1040 2205 si
1058 2140 1167 2206 minus

51 2254 137 2322 quum
154 2237 270 2323 viginti
290 2237 407 2306 solidis
435 2238 535 2306 niohil
553 2237 654 2307 debit.
690 2239 726 2307 Si
744 2255 818 2305 oum
835 2255 932 2305 eurru
950 2243 1088 2306 onerato
1109 2256 1169 2326 per

50 2335 163 2423 Spirem
180 2337 365 2426 transierit,
391 2337 445 2405 vel
463 2339 497 2406 in
515 2337 626 2407 eundo
645 2337 699 2406 rel
717 2339 751 2404 in
768 2337 936 2409 veniendo
946 2390 956 2426 ,
983 2337 1084 2404 niehil
1102 2336 1168 2404 da-

49 2433 99 2501 bit.
132 2436 165 2504 Si
183 2437 348 2520 sardinum
368 2435 507 2526 deponit
525 2443 558 2504 et
576 2438 605 2505 si
630 2454 689 2526 per
707 2435 814 2506 lorum
833 2442 956 2506 mutute
973 2453 1042 2504 non
1061 2436 1167 2525 luerit,

50 2550 164 2603 currum
191 2553 288 2603 suum
307 2543 423 2604 oneret
446 2543 480 2604 el
501 2535 557 2604 det
576 2543 717 2624 quotuor
733 2535 891 2604 denarios
902 2559 910 2624 3
943 2537 1070 2604 sivero
1090 2553 1168 2602 sur·

49 2634 143 2700 einen
161 2629 271 2724 (lest)
295 2634 337 2703 de
361 2653 458 2704 ourru
483 2635 695 2726 deposuerit,
721 2643 755 2705 et
779 2637 808 2703 si
833 2635 1012 2703 mereendo
1031 2636 1065 2702 in
1083 2633 1166 2723 loro,

48 2730 125 2800 dieta
156 2735 290 2802 semina
322 2735 357 2802 in
391 2736 474 2804 ulios
507 2752 563 2803 res
587 2741 730 2826 mutatu,
766 2751 894 2802 eurrum
921 2751 1016 2802 suum
1048 2735 1167 2802 iterato

48 2834 241 2922 oneraverit,
282 2832 374 2901 debit
411 2841 489 2904 oete
520 2833 686 2903 denarios.
748 2833 830 2902 item
861 2833 903 2902 de
934 2851 1020 2902 nave
1053 2831 1168 2902 under
1225 2831 1228 2836 '

47 2930 206 3017 phlibtden
225 2931 316 3000 dubit
334 2934 481 3022 quinque
499 2932 666 3004 denarios.
684 2935 767 3004 ltem
784 2933 847 3004 bos
865 2951 966 3002 unum
986 2931 1166 3023 denarium,

46 3047 137 3100 vacue
167 3031 312 3100 obulum.
353 3034 435 3102 Item
468 3039 609 3120 quotuor
637 3050 722 3104 oves
755 3051 856 3101 uuum
883 3031 1073 3123 denarium,
1101 3031 1167 3102 duo

47 3131 127 3214 porei
160 3129 348 3222 denarium,
390 3151 498 3220 equus
526 3139 667 3220 quatuor
704 3131 872 3201 denarios.
911 3123 1003 3200 ltem'
1028 3132 1167 3201 nuviou-

47 3227 75 3295 le
98 3247 156 3316 que
183 3229 302 3300 dieitur
326 3231 458 3302 nuhoho
484 3231 664 3301 denarium..
714 3232 797 3301 ltem
823 3231 889 3300 elie
913 3231 1067 3300 navioule
1092 3249 1168 3298 oum

49 3324 165 3398 duobus
183 3330 293 3399 limbis
320 3325 483 3423 (herten)
502 3331 587 3400 duos
607 3330 773 3400 denarios.
799 3330 882 3398 Item
905 3332 1002 3400 nevis
1029 3337 1166 3418 portans

48 3431 229 3514 peregrinos
247 3430 348 3499 niehil
370 3429 468 3499 dabit.
503 3430 686 3500 Stetuimus
706 3431 803 3500 etiem
832 3430 963 3497 firmiter
981 3429 1167 3498 observen-

49 3522 122 3616 dun,
139 3535 174 3596 ut
192 3528 255 3596 sub
276 3528 377 3598 senne
395 3531 579 3618 presoripto
598 3530 788 3598 theloneum
805 3528 982 3615 utrobique
1001 3526 1115 3616 detur,
1134 3533 1168 3596 et

50 3625 156 3712 siquis
176 3628 403 3696 thelonearius
422 3634 538 3698 nester
559 3627 613 3698 vel
637 3630 785 3718 ipsorum
808 3629 902 3696 aliter
928 3645 1026 3715 quum
1045 3625 1167 3694 dietum

51 3728 94 3790 est
109 3726 298 3796 theloneum
317 3727 501 3818 deceperit,
528 3729 690 3796 veraeiter
713 3729 887 3797 convietus
906 3725 940 3794 in
957 3745 1077 3816 penem
1096 3725 1167 3796 sol-

49 3828 96 3889 vet
112 3825 151 3893 ed
170 3844 344 3894 commune
364 3845 449 3916 opus
469 3827 611 3894 civitatis
630 3827 808 3913 sexaginte
827 3825 966 3894 solidos.
1006 3823 1056 3894 De
1074 3843 1167 3914 pon-

51 3918 115 3990 dere
134 3924 197 3994 elei
225 3927 269 3993 sit
292 3927 468 4014 utrobique
496 3925 615 4014 equule
634 3925 835 3994 theloneum.
880 3921 999 3994 Aetum
1024 3929 1078 3993 est
1103 3924 1169 3993 hoe

51 4025 179 4110 tenpore
205 4023 392 4112 Hardtungi
420 4025 617 4094 thelonearii
652 4026 767 4094 nostri.
816 4023 870 4094 Ad
902 4024 1000 4092 liuius
1033 4023 1167 4092 ordine-

50 4118 135 4188 tionis
157 4123 258 4193 robur
275 4142 417 4212 presens
441 4123 592 4200 dedimus
617 4123 775 4213 seriptum
800 4129 917 4193 nostro
941 4123 1100 4192 munituni
1118 4124 1166 4190 si-

76 4239 102 4302 l)
120 4238 164 4296 las
181 4240 266 4310 siegel
286 4257 343 4296 wer
360 4240 449 4296 leider
467 4239 618 4310 abgesellen
646 4239 736 4297 Ueber
754 4239 828 4295 Com.
851 4241 885 4296 ist
904 4241 948 4294 ein
966 4240 1058 4296 strich.
