2916 4834
303 240 349 306 14
688 267 816 314 ansanus
836 265 1062 313 conuenturam.

219 411 284 470 aare
302 403 345 472 de
361 422 443 491 rege
461 403 606 474 Rudolio
624 405 658 472 in
677 405 843 474 Basileon
866 411 900 472 et
921 402 1101 473 celebravit
1123 404 1244 471 curiam
1269 420 1410 489 magnam.
1436 391 1437 396 ’

298 503 480 572 Ειιοιιιιιιιιι
495 502 538 574 de
552 502 762 573 Columbaria
778 506 834 590 qui
850 501 1046 571 dicebantur
1058 503 1232 570 scultetum
1248 501 1410 572 interlicere

298 601 466 688 uoluissc3
489 619 577 669 unus
603 619 645 670 ex
674 603 724 670 eis
751 608 872 690 postea
900 601 960 670 luit
979 607 1115 670 rotatus.
1147 599 1346 668 domitorium
1367 602 1411 670 in·

300 699 469 768 eboalur
459 718 493 766 rn
513 699 768 769 Wintzenbeim
795 699 994 770 Interiectus
1014 699 1075 768 luit
1093 699 1255 768 scultetus
1271 697 1311 766 de
1323 696 1412 786 Aquis

299 799 334 866 in
352 798 498 866 ecelesia
512 816 585 867 oum
603 797 746 886 quodam
767 798 895 887 perlrdo
916 819 936 867 a
955 804 1169 888 procuratore
1189 798 1278 884 regis
1292 795 1411 886 lludoli

299 914 359 984 pro
385 913 426 965 co
447 896 536 983 quod
565 896 733 966 dominum
759 897 801 966 de
824 897 940 966 Gulioh
968 899 1122 966 comitem
1145 915 1217 966 cum
1240 897 1308 964 suis
1328 881 1438 964 sociis

299 995 530 1064 miserabiliter
547 996 738 1064 occidisset
765 996 840 1064 Dux
856 996 1033 1064 Brabantie
1050 1013 1123 1064 oum
1149 997 1295 1065 exercitu
1310 1011 1412 1080 magno

299 1093 341 1162 de
354 1094 631 1181 voluntateregis
647 1093 776 1164 liudolfi
793 1097 883 1163 venit
902 1094 945 1162 ad
968 1101 1088 1164 terram
1104 1093 1302 1182 interiorem,
1319 1093 1412 1179 ibique

299 1191 471 1260 dicebatur
485 1201 594 1261 eastra
609 1193 749 1282 plurima
763 1193 981 1262 destruxisse.
1005 1193 1092 1262 lnira
1111 1199 1260 1261 ootavam
1275 1209 1413 1278 assump-

299 1291 400 1359 donis
425 1291 518 1379 [aug.
543 1291 607 1379 22]
630 1294 851 1379 congregavit
866 1292 951 1360 lilius
975 1293 1065 1378 regis
1090 1290 1220 1360 Rudolii
1245 1291 1321 1379 plus
1334 1293 1439 1375 quarn?

299 1390 417 1475 viginti
434 1391 572 1459 comites
590 1397 624 1459 ct
644 1390 798 1460 dominos
817 1391 938 1460 multos
961 1396 995 1458 et
1012 1392 1191 1460 exercitum
1204 1406 1371 1476 magnum,
1388 1393 1416 1454 ιι

300 1485 489 1556 destrueret
510 1488 702 1558 suburbium
725 1489 965 1578 lintburgense,
998 1506 1059 1577 pro
1086 1487 1243 1575 eoquod
1271 1487 1415 1555 iuvissent

300 1583 469 1654 dominum
495 1605 591 1681 suum
613 1589 764 1656 comitem
784 1587 1019 1656 Gcbirbardum
1044 1587 1087 1655 de
1111 1587 1291 1675 Friburgo‚
1318 1585 1369 1672 qui
1385 1601 1416 1652 eo

300 1688 449 1772 tempore
474 1687 624 1754 civitates
642 1687 770 1774 imperii
786 1688 934 1774 prosuis
950 1686 1075 1755 viribus
1095 1683 1323 1772 impugnabat
1356 1682 1416 1750 llo-
1439 1727 1440 1770 ι

300 1783 378 1852 mini
397 1783 439 1852 de
454 1783 629 1872 Girspcrcb
642 1787 676 1853 in
692 1785 805 1870 vigilia
818 1785 944 1854 Mathai
962 1781 1065 1875 [sept.
1082 1783 1147 1870 20]
1164 1783 1352 1852 Turincben
1368 1797 1417 1848 oe·

214 1908 217 1912 ·
299 1888 437 1970 parunt,
463 1888 496 1952 et
513 1882 672 1972 oppidum
694 1883 799 1952 Wilre
819 1902 880 1972 per
903 1885 1016 1970 ignem
1037 1883 1170 1970 penitus
1193 1880 1418 1950 destruxemnt

299 1979 463 2050 lndultum
482 1987 534 2050 est
548 1983 581 2049 in
598 1981 742 2050 eeclesia
760 1981 913 2050 iratribus
926 1981 1113 2050 Minoribus
1131 1982 1165 2048 in
1185 1982 1295 2048 serico
1317 1977 1418 2046 minis·

300 2085 398 2148 trare.
442 2080 632 2168 Episcopus
654 2080 854 2148 Basilicnsis
881 2097 1015 2148 sorores
1042 2078 1085 2148 de
1115 2084 1231 2148 sancta
1257 2077 1353 2146 Clara
1377 2075 1418 2142 rel

300 2176 425 2246 ordinis
441 2177 573 2246 iratmm
583 2178 749 2248 Minorum
766 2179 931 2246 transtulit
948 2175 1242 2246 transllbenumin
1254 2177 1417 2246 olaustmn
1440 2189 1441 2198 ¹

301 2274 514 2344 Sacoitarum.
545 2276 596 2344 De
614 2276 754 2344 Saooitis
779 2281 889 2344 autem
914 2278 1060 2364 quinque
1080 2276 1207 2364 recepit
1228 2275 1264 2342 in
1289 2273 1418 2342 ordinem

300 2371 483 2463 Minoum,
510 2375 750 2462 provincialem
776 2392 856 2443 vero
884 2393 996 2444 eorum
1019 2373 1096 2443 leoit
1118 2374 1324 2462 prepositum
1346 2365 1418 2458 apud

302 2472 485 2541 canonicos
514 2474 622 2540 sancti
644 2472 852 2564 Leonbardi‚
881 2473 1017 2561 reliquis
1042 2479 1152 2542 autem
1174 2472 1316 2541 Saooitis
1337 2471 1419 2557 prout

300 2571 408 2658 potuit
428 2571 635 2659 providebat.
661 2572 851 2660 Episcopus
871 2571 1093 2640 Basilicnsis
1083 2588 1124 2638 rn.
1136 2571 1285 2638 ecclesia
1302 2567 1442 2636 iraimn

300 2667 546 2739 Predieatorum
570 2670 705 2738 Basilce
728 2670 869 2738 elericos
897 2671 1117 2737 consecravit.
1157 2669 1321 2736 Dominus
1341 2667 1419 2754 epis-

302 2783 407 2855 copus
424 2766 639 2837 Coloniensis
659 2769 739 2836 vicit
759 2770 794 2835 in
816 2767 921 2856 prelio
945 2767 1113 2836 dominum
1139 2765 1181 2835 de
1199 2765 1375 2854 Spanbeim
1395 2765 1420 2829 et

302 2867 392 2953 oepit
415 2872 557 2952 quatuor
588 2867 746 2954 comites,
776 2859 880 2934 lieet1
905 2867 939 2934 in
962 2867 1059 2954 cquis
1089 2883 1244 2951 magnum
1278 2860 1420 2932 sustinuit

303 2961 544 3030 detrimentum.
572 2960 661 3032 Obiit
679 2963 779 3032 irater
794 2961 872 3032 Otto
894 2963 1003 3048 dictus
1022 2963 1065 3032 de
1084 2961 1236 3052 hiemo,
1255 2961 1356 3030 irater
1372 2977 1421 3027 or·

303 3059 392 3128 dinis
409 3060 655 3130 Predieetorum
664 3113 674 3151 ,
696 3063 747 3130 vir
763 3060 916 3151 deuotus,
933 3061 999 3132 deo
1014 3080 1054 3132 ae
1068 3061 1254 3130 bominibus
1274 3060 1421 3140 dilectum

304 3159 357 3226 cui
373 3157 526 3228 dominus
551 3159 739 3228 condictum
763 3161 854 3246 regis
870 3160 1029 3230 Bobemie
1052 3165 1086 3228 et
1110 3161 1200 3247 regis
1217 3159 1380 3228 l'eutonie
1396 3156 1422 3220 in

303 3257 420 3344 spiritu
438 3257 603 3340 ostendit,
627 3263 660 3326 et
679 3275 793 3344 regem
813 3258 972 3327 Bohemie
997 3259 1194 3345 gravissimo
1216 3257 1422 3325 vulneratum.

302 3354 446 3424 Domina
462 3355 504 3426 de
521 3354 748 3445 Rapoltzstein
765 3355 853 3424 diota
868 3356 910 3424 da
927 3357 1073 3425 Froburo
1089 3357 1124 3424 in
1140 3355 1275 3425 Paradis
1295 3354 1425 3423 efficitur

302 3453 456 3522 monialis
480 3472 586 3544 propo
603 3454 822 3523 sebalusiam.
857 3451 1095 3543 Opposuerunt
1112 3473 1149 3523 se
1174 3453 1311 3524 domino
1333 3451 1422 3520 Basi-

301 3551 399 3620 licnsi
414 3551 567 3622 dominus
579 3554 768 3641 prepositus
788 3552 1016 3642 Magantinus
1032 3551 1186 3622 dominus
1205 3551 1248 3620 de
1259 3549 1423 3620 Rotilbein

303 3666 376 3716 eum
394 3651 530 3720 militum
545 3651 753 3720 multitudine
766 3652 914 3739 copiosa.

377 3747 561 3818 M.co.lxxx.
593 3749 791 3820 interiectus
815 3748 876 3817 luit
899 3749 1063 3818 scultetus
1088 3748 1262 3816 lebannes
1288 3745 1331 3814 de
1351 3744 1423 3812 llei-

303 3846 489 3932 semperoh.
525 3847 648 3935 Captus
667 3853 720 3916 est
743 3848 898 3918 dominus
923 3846 967 3915 de
988 3847 1183 3936 Girspereb‚
1204 3845 1368 3934 plebanus
1388 3839 1423 3907 de

302 3943 520 4029 Lagilnbeim.
554 3945 635 4012 Item
665 3953 782 4034 eaptus
809 3952 862 4014 est
880 3944 922 4014 de
944 3945 1174 4031 Nortgassan,
1205 3943 1368 4032 plebanus
1389 3937 1424 4004 de

304 4040 431 4112 Ostein.
456 4042 588 4112 Domini
602 4042 644 4111 da
661 4043 869 4130 Nortgassen
894 4052 1054 4130 ceperunt
1077 4043 1244 4110 dominum
1270 4040 1312 4108 de
1335 4037 1423 4106 Hun-

304 4141 451 4224 newilre.
477 4140 768 4210 columbarienses
786 4148 947 4230 oeperunt
962 4141 1117 4210 clericum
1136 4140 1258 4208 domini
1277 4137 1319 4207 de
1338 4137 1425 4204 Girs-

340 4262 369 4326 i)
386 4274 417 4312 se
435 4257 544 4313 bessara
561 4256 604 4310 iclr
622 4257 669 4312 das
687 4257 791 4312 scilicet
808 4257 857 4312 der
873 4256 931 4322 bn,
954 4257 990 4310 im
1008 4255 1093 4310 darei
1111 4255 1179 4310 ieblt
1195 4253 1287 4310 dieser
1301 4251 1429 4306 nabsan.
