<?xml version="1.0" encoding="UTF-8"?>
<!DOCTYPE html PUBLIC "-//W3C//DTD XHTML 1.0 Transitional//EN"
    "http://www.w3.org/TR/xhtml1/DTD/xhtml1-transitional.dtd">
<html xmlns="http://www.w3.org/1999/xhtml" xml:lang="en" lang="en">
 <head>
  <title>
</title>
<meta http-equiv="Content-Type" content="text/html;charset=utf-8" />
  <meta name='ocr-system' content='tesseract 3.04.00' />
  <meta name='ocr-capabilities' content='ocr_page ocr_carea ocr_par ocr_line ocrx_word'/>
</head>
<body>
  <div class='ocr_page' id='page_1' title='image "./fontesrerumgerm00hubegoog_0120.png"; bbox 0 0 2886 4834; ppageno 0'>
   <div class='ocr_carea' id='block_1_1' title="bbox 403 195 1161 270">
    <p class='ocr_par' dir='ltr' id='par_1_1' title="bbox 403 195 1161 270">
     <span class='ocr_line' id='line_1_1' title="bbox 403 195 1161 270; baseline -0.013 -2"><span class='ocrx_word' id='word_1_1' title='bbox 403 220 564 270; x_wconf 81' lang='lat' dir='ltr'><strong>ennorrcor</strong></span> <span class='ocrx_word' id='word_1_2' title='bbox 586 219 799 268; x_wconf 79' lang='lat' dir='ltr'><strong>connumeret.</strong></span> <span class='ocrx_word' id='word_1_3' title='bbox 1117 195 1161 258; x_wconf 85' lang='grc'><strong>57</strong></span> 
     </span>
    </p>
   </div>
   <div class='ocr_carea' id='block_1_2' title="bbox 12 357 1249 4098">
    <p class='ocr_par' dir='ltr' id='par_1_2' title="bbox 12 357 1249 2698">
     <span class='ocr_line' id='line_1_2' title="bbox 50 357 1249 448; baseline -0.008 -15"><span class='ocrx_word' id='word_1_4' title='bbox 50 369 93 433; x_wconf 89' lang='lat' dir='ltr'><strong>out</strong></span> <span class='ocrx_word' id='word_1_5' title='bbox 108 361 222 430; x_wconf 89' lang='lat' dir='ltr'><strong>ceteris</strong></span> <span class='ocrx_word' id='word_1_6' title='bbox 241 359 495 448; x_wconf 72' lang='lat' dir='ltr'><strong>precedentibus</strong></span> <span class='ocrx_word' id='word_1_7' title='bbox 514 359 700 427; x_wconf 90' lang='lat' dir='ltr'><strong>noluerunt.</strong></span> <span class='ocrx_word' id='word_1_8' title='bbox 738 357 820 426; x_wconf 90' lang='lat' dir='ltr'><strong>Tum</strong></span> <span class='ocrx_word' id='word_1_9' title='bbox 843 358 888 428; x_wconf 89' lang='lat' dir='ltr'><strong>bii</strong></span> <span class='ocrx_word' id='word_1_10' title='bbox 911 358 1027 426; x_wconf 92' lang='lat' dir='ltr'><strong>decem</strong></span> <span class='ocrx_word' id='word_1_11' title='bbox 1046 359 1163 427; x_wconf 83' lang='lat' dir='ltr'><strong>liobe·</strong></span> <span class='ocrx_word' id='word_1_12' title='bbox 1182 369 1249 424; x_wconf 81' lang='lat' dir='ltr'><strong>tero</strong></span> 
     </span>
     <span class='ocr_line' id='line_1_3' title="bbox 50 455 1167 530; baseline -0.003 -1"><span class='ocrx_word' id='word_1_13' title='bbox 50 465 97 530; x_wconf 86' lang='lat' dir='ltr'><strong>mis</strong></span> <span class='ocrx_word' id='word_1_14' title='bbox 121 459 311 530; x_wconf 76' lang='lat' dir='ltr'><strong>custodibus</strong></span> <span class='ocrx_word' id='word_1_15' title='bbox 336 459 448 526; x_wconf 90' lang='lat' dir='ltr'><strong>verbis</strong></span> <span class='ocrx_word' id='word_1_16' title='bbox 478 455 695 526; x_wconf 84' lang='lat' dir='ltr'><strong>mendacibus</strong></span> <span class='ocrx_word' id='word_1_17' title='bbox 723 455 913 526; x_wconf 81' lang='lat' dir='ltr'><strong>referebant</strong></span> <span class='ocrx_word' id='word_1_18' title='bbox 929 458 1008 525; x_wconf 91' lang='lat' dir='ltr'><strong>beo:</strong></span> <span class='ocrx_word' id='word_1_19' title='bbox 1034 457 1167 526; x_wconf 80' lang='lat' dir='ltr'><strong>Nande</strong></span> 
     </span>
     <span class='ocr_line' id='line_1_4' title="bbox 49 555 1167 647; baseline -0.002 -21"><span class='ocrx_word' id='word_1_20' title='bbox 49 561 145 626; x_wconf 71' lang='lat' dir='ltr'><strong>cesima</strong></span> <span class='ocrx_word' id='word_1_21' title='bbox 158 576 285 647; x_wconf 79' lang='lat' dir='ltr'><strong>eumue,</strong></span> <span class='ocrx_word' id='word_1_22' title='bbox 310 561 343 625; x_wconf 88' lang='lat' dir='ltr'><strong>et</strong></span> <span class='ocrx_word' id='word_1_23' title='bbox 356 559 518 626; x_wconf 82' lang='lat' dir='ltr'><strong>dominum</strong></span> <span class='ocrx_word' id='word_1_24' title='bbox 535 557 725 642; x_wconf 81' lang='lat' dir='ltr'><strong>episcopum</strong></span> <span class='ocrx_word' id='word_1_25' title='bbox 749 556 790 624; x_wconf 79' lang='lat' dir='ltr'><strong>do</strong></span> <span class='ocrx_word' id='word_1_26' title='bbox 817 555 937 624; x_wconf 71' lang='lat' dir='ltr'><strong>illudne</strong></span> <span class='ocrx_word' id='word_1_27' title='bbox 955 573 1029 623; x_wconf 87' lang='lat' dir='ltr'><strong>eum</strong></span> <span class='ocrx_word' id='word_1_28' title='bbox 1044 555 1167 624; x_wconf 65' lang='lat' dir='ltr'><strong>nmmo</strong></span> 
     </span>
     <span class='ocr_line' id='line_1_5' title="bbox 50 655 1166 740; baseline -0.003 -15"><span class='ocrx_word' id='word_1_29' title='bbox 50 659 86 726; x_wconf 83' lang='lat' dir='ltr'><strong>od</strong></span> <span class='ocrx_word' id='word_1_30' title='bbox 97 661 162 724; x_wconf 85' lang='lat' dir='ltr'><strong>luto</strong></span> <span class='ocrx_word' id='word_1_31' title='bbox 177 657 256 724; x_wconf 85' lang='lat' dir='ltr'><strong>loeo</strong></span> <span class='ocrx_word' id='word_1_32' title='bbox 272 657 483 740; x_wconf 79' lang='lat' dir='ltr'><strong>deducimus,</strong></span> <span class='ocrx_word' id='word_1_33' title='bbox 501 659 534 722; x_wconf 83' lang='lat' dir='ltr'><strong>et</strong></span> <span class='ocrx_word' id='word_1_34' title='bbox 548 671 633 721; x_wconf 83' lang='lat' dir='ltr'><strong>none</strong></span> <span class='ocrx_word' id='word_1_35' title='bbox 650 655 848 740; x_wconf 73' lang='lat' dir='ltr'><strong>adpropriet</strong></span> <span class='ocrx_word' id='word_1_36' title='bbox 860 672 1052 722; x_wconf 66' lang='lat' dir='ltr'><strong>renuamus.</strong></span> <span class='ocrx_word' id='word_1_37' title='bbox 1073 655 1166 722; x_wconf 85' lang='lat' dir='ltr'><strong>Tune</strong></span> 
     </span>
     <span class='ocr_line' id='line_1_6' title="bbox 12 753 1166 844; baseline -0.004 -19"><span class='ocrx_word' id='word_1_38' title='bbox 12 803 13 808; x_wconf 65' lang='lat'>,</span> <span class='ocrx_word' id='word_1_39' title='bbox 51 753 190 825; x_wconf 73' lang='lat' dir='ltr'><strong>custodes</strong></span> <span class='ocrx_word' id='word_1_40' title='bbox 219 759 334 843; x_wconf 91' lang='lat' dir='ltr'><strong>portas</strong></span> <span class='ocrx_word' id='word_1_41' title='bbox 363 760 579 844; x_wconf 87' lang='lat' dir='ltr'><strong>aperuerunt,</strong></span> <span class='ocrx_word' id='word_1_42' title='bbox 604 758 637 822; x_wconf 89' lang='lat' dir='ltr'><strong>et</strong></span> <span class='ocrx_word' id='word_1_43' title='bbox 658 754 781 820; x_wconf 89' lang='lat' dir='ltr'><strong>intrare</strong></span> <span class='ocrx_word' id='word_1_44' title='bbox 805 753 908 822; x_wconf 90' lang='lat' dir='ltr'><strong>libere</strong></span> <span class='ocrx_word' id='word_1_45' title='bbox 934 755 1166 842; x_wconf 89' lang='lat' dir='ltr'><strong>permiserunt.</strong></span> 
     </span>
     <span class='ocr_line' id='line_1_7' title="bbox 12 845 1166 942; baseline -0.002 -20"><span class='ocrx_word' id='word_1_46' title='bbox 12 845 14 902; x_wconf 80' lang='grc' dir='ltr'>ἶ</span> <span class='ocrx_word' id='word_1_47' title='bbox 50 855 151 922; x_wconf 89' lang='lat' dir='ltr'><strong>llilites</strong></span> <span class='ocrx_word' id='word_1_48' title='bbox 174 853 219 920; x_wconf 90' lang='lat' dir='ltr'><strong>bii</strong></span> <span class='ocrx_word' id='word_1_49' title='bbox 239 852 379 942; x_wconf 90' lang='lat' dir='ltr'><strong>predicti</strong></span> <span class='ocrx_word' id='word_1_50' title='bbox 392 853 589 922; x_wconf 73' lang='lat' dir='ltr'><strong>festinanter</strong></span> <span class='ocrx_word' id='word_1_51' title='bbox 603 853 726 920; x_wconf 91' lang='lat' dir='ltr'><strong>intrare</strong></span> <span class='ocrx_word' id='word_1_52' title='bbox 744 851 932 942; x_wconf 80' lang='lat' dir='ltr'><strong>noluerunt,</strong></span> <span class='ocrx_word' id='word_1_53' title='bbox 948 851 1010 920; x_wconf 89' lang='lat' dir='ltr'><strong>sed</strong></span> <span class='ocrx_word' id='word_1_54' title='bbox 1022 854 1056 920; x_wconf 92' lang='lat' dir='ltr'><strong>in</strong></span> <span class='ocrx_word' id='word_1_55' title='bbox 1070 859 1166 941; x_wconf 92' lang='lat' dir='ltr'><strong>porta</strong></span> 
     </span>
     <span class='ocr_line' id='line_1_8' title="bbox 12 950 1168 1042; baseline -0.003 -21"><span class='ocrx_word' id='word_1_56' title='bbox 12 951 13 1032; x_wconf 67' lang='grc' dir='ltr'>ζ</span> <span class='ocrx_word' id='word_1_57' title='bbox 50 959 281 1042; x_wconf 63' lang='lat' dir='ltr'><strong>permaneam,</strong></span> <span class='ocrx_word' id='word_1_58' title='bbox 307 952 471 1021; x_wconf 85' lang='lat' dir='ltr'><strong>custodes</strong></span> <span class='ocrx_word' id='word_1_59' title='bbox 490 951 603 1019; x_wconf 89' lang='lat' dir='ltr'><strong>verbis</strong></span> <span class='ocrx_word' id='word_1_60' title='bbox 620 950 793 1018; x_wconf 88' lang='lat' dir='ltr'><strong>tallaeibus</strong></span> <span class='ocrx_word' id='word_1_61' title='bbox 818 950 1036 1041; x_wconf 80' lang='lat' dir='ltr'><strong>deceperunt,</strong></span> <span class='ocrx_word' id='word_1_62' title='bbox 1058 950 1168 1019; x_wconf 89' lang='lat' dir='ltr'><strong>donec</strong></span> 
     </span>
     <span class='ocr_line' id='line_1_9' title="bbox 12 1049 1166 1139; baseline -0.002 -21"><span class='ocrx_word' id='word_1_63' title='bbox 12 1053 13 1118; x_wconf 53' lang='lat' dir='ltr'><strong>t</strong></span> <span class='ocrx_word' id='word_1_64' title='bbox 53 1051 253 1138; x_wconf 85' lang='lat' dir='ltr'><strong>quadraginta</strong></span> <span class='ocrx_word' id='word_1_65' title='bbox 277 1059 459 1139; x_wconf 89' lang='lat' dir='ltr'><strong>sequentes</strong></span> <span class='ocrx_word' id='word_1_66' title='bbox 479 1049 522 1118; x_wconf 92' lang='lat' dir='ltr'><strong>ad</strong></span> <span class='ocrx_word' id='word_1_67' title='bbox 544 1049 689 1118; x_wconf 86' lang='lat' dir='ltr'><strong>civitatis</strong></span> <span class='ocrx_word' id='word_1_68' title='bbox 709 1051 817 1116; x_wconf 92' lang='lat' dir='ltr'><strong>menia</strong></span> <span class='ocrx_word' id='word_1_69' title='bbox 833 1055 1066 1137; x_wconf 90' lang='lat' dir='ltr'><strong>pervenerunt.</strong></span> <span class='ocrx_word' id='word_1_70' title='bbox 1095 1050 1166 1117; x_wconf 87' lang='lat' dir='ltr'><strong>lle-</strong></span> 
     </span>
     <span class='ocr_line' id='line_1_10' title="bbox 12 1141 1166 1238; baseline -0.007 -14"><span class='ocrx_word' id='word_1_71' title='bbox 12 1141 14 1224; x_wconf 64' lang='grc' dir='ltr'>ὲ</span> <span class='ocrx_word' id='word_1_72' title='bbox 52 1168 108 1218; x_wconf 89' lang='lat' dir='ltr'><strong>oen</strong></span> <span class='ocrx_word' id='word_1_73' title='bbox 131 1151 252 1218; x_wconf 88' lang='lat' dir='ltr'><strong>milites</strong></span> <span class='ocrx_word' id='word_1_74' title='bbox 270 1150 423 1238; x_wconf 82' lang='lat' dir='ltr'><strong>predicti,</strong></span> <span class='ocrx_word' id='word_1_75' title='bbox 445 1167 517 1218; x_wconf 92' lang='lat' dir='ltr'><strong>cum</strong></span> <span class='ocrx_word' id='word_1_76' title='bbox 532 1143 637 1217; x_wconf 87' lang='lat' dir='ltr'><strong>suos¹</strong></span> <span class='ocrx_word' id='word_1_77' title='bbox 656 1147 778 1216; x_wconf 90' lang='lat' dir='ltr'><strong>adesse</strong></span> <span class='ocrx_word' id='word_1_78' title='bbox 798 1147 980 1237; x_wconf 82' lang='lat' dir='ltr'><strong>vidissent,</strong></span> <span class='ocrx_word' id='word_1_79' title='bbox 1007 1148 1166 1216; x_wconf 88' lang='lat' dir='ltr'><strong>custodes</strong></span> 
     </span>
     <span class='ocr_line' id='line_1_11' title="bbox 52 1245 1167 1336; baseline -0.002 -20.069"><span class='ocrx_word' id='word_1_80' title='bbox 52 1256 127 1336; x_wconf 88' lang='lat' dir='ltr'><strong>porte</strong></span> <span class='ocrx_word' id='word_1_81' title='bbox 140 1250 330 1334; x_wconf 82' lang='lat' dir='ltr'><strong>evaginatis</strong></span> <span class='ocrx_word' id='word_1_82' title='bbox 346 1248 468 1336; x_wconf 83' lang='lat' dir='ltr'><strong>gladiis</strong></span> <span class='ocrx_word' id='word_1_83' title='bbox 484 1249 692 1336; x_wconf 88' lang='lat' dir='ltr'><strong>invaserunt,</strong></span> <span class='ocrx_word' id='word_1_84' title='bbox 708 1253 741 1315; x_wconf 91' lang='lat' dir='ltr'><strong>et</strong></span> <span class='ocrx_word' id='word_1_85' title='bbox 754 1246 795 1314; x_wconf 92' lang='lat' dir='ltr'><strong>de</strong></span> <span class='ocrx_word' id='word_1_86' title='bbox 806 1252 903 1334; x_wconf 90' lang='lat' dir='ltr'><strong>porta</strong></span> <span class='ocrx_word' id='word_1_87' title='bbox 914 1245 1030 1332; x_wconf 83' lang='lat' dir='ltr'><strong>lugere</strong></span> <span class='ocrx_word' id='word_1_88' title='bbox 1040 1264 1167 1332; x_wconf 54' lang='lat' dir='ltr'><strong>coago*</strong></span> 
     </span>
     <span class='ocr_line' id='line_1_12' title="bbox 13 1344 1167 1436; baseline -0.001 -22"><span class='ocrx_word' id='word_1_89' title='bbox 13 1379 14 1394; x_wconf 69' lang='lat'><em>2</em></span> <span class='ocrx_word' id='word_1_90' title='bbox 53 1353 119 1414; x_wconf 88' lang='lat' dir='ltr'><strong>runt.</strong></span> <span class='ocrx_word' id='word_1_91' title='bbox 144 1345 311 1416; x_wconf 84' lang='lat' dir='ltr'><strong>Custodes</strong></span> <span class='ocrx_word' id='word_1_92' title='bbox 339 1353 466 1436; x_wconf 88' lang='lat' dir='ltr'><strong>portam</strong></span> <span class='ocrx_word' id='word_1_93' title='bbox 491 1346 712 1435; x_wconf 86' lang='lat' dir='ltr'><strong>reliquerunt,</strong></span> <span class='ocrx_word' id='word_1_94' title='bbox 738 1344 836 1413; x_wconf 91' lang='lat' dir='ltr'><strong>etad</strong></span> <span class='ocrx_word' id='word_1_95' title='bbox 859 1346 1002 1434; x_wconf 90' lang='lat' dir='ltr'><strong>hospitia</strong></span> <span class='ocrx_word' id='word_1_96' title='bbox 1025 1363 1087 1413; x_wconf 89' lang='lat' dir='ltr'><strong>sua</strong></span> <span class='ocrx_word' id='word_1_97' title='bbox 1110 1345 1167 1414; x_wconf 85' lang='lat' dir='ltr'><strong>ln-</strong></span> 
     </span>
     <span class='ocr_line' id='line_1_13' title="bbox 53 1445 1167 1535; baseline 0 -24"><span class='ocrx_word' id='word_1_98' title='bbox 53 1447 172 1535; x_wconf 82' lang='lat' dir='ltr'><strong>gientes‚</strong></span> <span class='ocrx_word' id='word_1_99' title='bbox 188 1463 227 1514; x_wconf 93' lang='lat' dir='ltr'><strong>se</strong></span> <span class='ocrx_word' id='word_1_100' title='bbox 243 1464 372 1534; x_wconf 83' lang='lat' dir='ltr'><strong>suaque</strong></span> <span class='ocrx_word' id='word_1_101' title='bbox 392 1447 523 1514; x_wconf 90' lang='lat' dir='ltr'><strong>salvare</strong></span> <span class='ocrx_word' id='word_1_102' title='bbox 540 1445 727 1534; x_wconf 85' lang='lat' dir='ltr'><strong>cupientes,</strong></span> <span class='ocrx_word' id='word_1_103' title='bbox 737 1445 904 1514; x_wconf 88' lang='lat' dir='ltr'><strong>civitatem</strong></span> <span class='ocrx_word' id='word_1_104' title='bbox 918 1451 1046 1533; x_wconf 89' lang='lat' dir='ltr'><strong>captam</strong></span> <span class='ocrx_word' id='word_1_105' title='bbox 1058 1445 1167 1513; x_wconf 90' lang='lat' dir='ltr'><strong>omni-</strong></span> 
     </span>
     <span class='ocr_line' id='line_1_14' title="bbox 52 1542 1166 1632; baseline -0.004 -18"><span class='ocrx_word' id='word_1_106' title='bbox 52 1544 100 1614; x_wconf 92' lang='lat' dir='ltr'><strong>bus</strong></span> <span class='ocrx_word' id='word_1_107' title='bbox 114 1544 324 1613; x_wconf 88' lang='lat' dir='ltr'><strong>nunciabant.</strong></span> <span class='ocrx_word' id='word_1_108' title='bbox 351 1543 599 1632; x_wconf 79' lang='lat' dir='ltr'><strong>Quinquaginta</strong></span> <span class='ocrx_word' id='word_1_109' title='bbox 612 1544 731 1612; x_wconf 91' lang='lat' dir='ltr'><strong>milites</strong></span> <span class='ocrx_word' id='word_1_110' title='bbox 746 1542 886 1631; x_wconf 88' lang='lat' dir='ltr'><strong>predicti</strong></span> <span class='ocrx_word' id='word_1_111' title='bbox 896 1544 1038 1612; x_wconf 89' lang='lat' dir='ltr'><strong>civitatis</strong></span> <span class='ocrx_word' id='word_1_112' title='bbox 1051 1549 1166 1632; x_wconf 93' lang='lat' dir='ltr'><strong>portas</strong></span> 
     </span>
     <span class='ocr_line' id='line_1_15' title="bbox 54 1642 1168 1730; baseline 0.002 -22"><span class='ocrx_word' id='word_1_113' title='bbox 54 1642 194 1710; x_wconf 82' lang='lat' dir='ltr'><strong>uiolenter</strong></span> <span class='ocrx_word' id='word_1_114' title='bbox 211 1649 391 1712; x_wconf 89' lang='lat' dir='ltr'><strong>tenuemnt</strong></span> <span class='ocrx_word' id='word_1_115' title='bbox 412 1650 446 1712; x_wconf 90' lang='lat' dir='ltr'><strong>et</strong></span> <span class='ocrx_word' id='word_1_116' title='bbox 460 1642 576 1711; x_wconf 87' lang='lat' dir='ltr'><strong>ducem</strong></span> <span class='ocrx_word' id='word_1_117' title='bbox 597 1659 669 1710; x_wconf 92' lang='lat' dir='ltr'><strong>cum</strong></span> <span class='ocrx_word' id='word_1_118' title='bbox 686 1644 833 1710; x_wconf 88' lang='lat' dir='ltr'><strong>exercitu</strong></span> <span class='ocrx_word' id='word_1_119' title='bbox 849 1659 912 1711; x_wconf 93' lang='lat' dir='ltr'><strong>suo</strong></span> <span class='ocrx_word' id='word_1_120' title='bbox 927 1645 1168 1730; x_wconf 90' lang='lat' dir='ltr'><strong>supervenien-</strong></span> 
     </span>
     <span class='ocr_line' id='line_1_16' title="bbox 55 1739 1167 1831; baseline 0.001 -24"><span class='ocrx_word' id='word_1_121' title='bbox 55 1747 103 1808; x_wconf 89' lang='lat' dir='ltr'><strong>tem</strong></span> <span class='ocrx_word' id='word_1_122' title='bbox 122 1741 242 1809; x_wconf 91' lang='lat' dir='ltr'><strong>intrare</strong></span> <span class='ocrx_word' id='word_1_123' title='bbox 266 1743 371 1810; x_wconf 90' lang='lat' dir='ltr'><strong>libere</strong></span> <span class='ocrx_word' id='word_1_124' title='bbox 394 1743 621 1831; x_wconf 88' lang='lat' dir='ltr'><strong>permisemnt.</strong></span> <span class='ocrx_word' id='word_1_125' title='bbox 648 1739 728 1808; x_wconf 88' lang='lat' dir='ltr'><strong>Cum</strong></span> <span class='ocrx_word' id='word_1_126' title='bbox 753 1741 802 1809; x_wconf 89' lang='lat' dir='ltr'><strong>sio</strong></span> <span class='ocrx_word' id='word_1_127' title='bbox 824 1740 892 1808; x_wconf 88' lang='lat' dir='ltr'><strong>dux</strong></span> <span class='ocrx_word' id='word_1_128' title='bbox 914 1741 1081 1809; x_wconf 89' lang='lat' dir='ltr'><strong>civitatem</strong></span> <span class='ocrx_word' id='word_1_129' title='bbox 1103 1749 1167 1810; x_wconf 91' lang='lat' dir='ltr'><strong>tam</strong></span> 
     </span>
     <span class='ocr_line' id='line_1_17' title="bbox 54 1839 1168 1930; baseline 0.001 -24"><span class='ocrx_word' id='word_1_130' title='bbox 54 1846 185 1926; x_wconf 90' lang='lat' dir='ltr'><strong>potenter</strong></span> <span class='ocrx_word' id='word_1_131' title='bbox 205 1839 326 1910; x_wconf 86' lang='lat' dir='ltr'><strong>luisset</strong></span> <span class='ocrx_word' id='word_1_132' title='bbox 346 1843 521 1928; x_wconf 82' lang='lat' dir='ltr'><strong>ingressus</strong></span> <span class='ocrx_word' id='word_1_133' title='bbox 538 1847 571 1908; x_wconf 89' lang='lat' dir='ltr'><strong>et</strong></span> <span class='ocrx_word' id='word_1_134' title='bbox 588 1841 693 1928; x_wconf 87' lang='lat' dir='ltr'><strong>ipsam</strong></span> <span class='ocrx_word' id='word_1_135' title='bbox 707 1857 780 1907; x_wconf 92' lang='lat' dir='ltr'><strong>oum</strong></span> <span class='ocrx_word' id='word_1_136' title='bbox 797 1841 868 1907; x_wconf 92' lang='lat' dir='ltr'><strong>suis</strong></span> <span class='ocrx_word' id='word_1_137' title='bbox 884 1839 1095 1930; x_wconf 84' lang='lat' dir='ltr'><strong>obtinuisset,</strong></span> <span class='ocrx_word' id='word_1_138' title='bbox 1110 1858 1168 1907; x_wconf 91' lang='lat' dir='ltr'><strong>oe-</strong></span> 
     </span>
     <span class='ocr_line' id='line_1_18' title="bbox 58 1937 1167 2027; baseline 0.003 -24"><span class='ocrx_word' id='word_1_139' title='bbox 58 1939 94 2024; x_wconf 87' lang='lat' dir='ltr'><strong>pit</strong></span> <span class='ocrx_word' id='word_1_140' title='bbox 111 1956 166 2026; x_wconf 92' lang='lat' dir='ltr'><strong>per</strong></span> <span class='ocrx_word' id='word_1_141' title='bbox 189 1957 370 2027; x_wconf 85' lang='lat' dir='ltr'><strong>preconem</strong></span> <span class='ocrx_word' id='word_1_142' title='bbox 394 1941 456 2008; x_wconf 91' lang='lat' dir='ltr'><strong>beo</strong></span> <span class='ocrx_word' id='word_1_143' title='bbox 481 1939 610 2006; x_wconf 89' lang='lat' dir='ltr'><strong>civibus</strong></span> <span class='ocrx_word' id='word_1_144' title='bbox 627 1940 796 2006; x_wconf 89' lang='lat' dir='ltr'><strong>nuntiare:</strong></span> <span class='ocrx_word' id='word_1_145' title='bbox 822 1937 911 2005; x_wconf 83' lang='lat' dir='ltr'><strong>Nulli</strong></span> <span class='ocrx_word' id='word_1_146' title='bbox 924 1937 1045 2006; x_wconf 75' lang='lat' dir='ltr'><strong>nmium</strong></span> <span class='ocrx_word' id='word_1_147' title='bbox 1059 1956 1103 2004; x_wconf 77' lang='lat' dir='ltr'><strong>ec</strong></span> <span class='ocrx_word' id='word_1_148' title='bbox 1118 1942 1167 2006; x_wconf 89' lang='lat' dir='ltr'><strong>ei-</strong></span> 
     </span>
     <span class='ocr_line' id='line_1_19' title="bbox 56 2034 1167 2124; baseline 0.001 -23"><span class='ocrx_word' id='word_1_149' title='bbox 56 2035 126 2103; x_wconf 83' lang='lat' dir='ltr'><strong>oibnr</strong></span> <span class='ocrx_word' id='word_1_150' title='bbox 141 2039 173 2104; x_wconf 82' lang='lat' dir='ltr'><strong>in</strong></span> <span class='ocrx_word' id='word_1_151' title='bbox 185 2037 285 2106; x_wconf 75' lang='lat' dir='ltr'><strong>rebam</strong></span> <span class='ocrx_word' id='word_1_152' title='bbox 302 2040 356 2106; x_wconf 86' lang='lat' dir='ltr'><strong>cel</strong></span> <span class='ocrx_word' id='word_1_153' title='bbox 366 2056 506 2124; x_wconf 76' lang='lat' dir='ltr'><strong>corpore</strong></span> <span class='ocrx_word' id='word_1_154' title='bbox 522 2037 575 2106; x_wconf 85' lang='lat' dir='ltr'><strong>cel</strong></span> <span class='ocrx_word' id='word_1_155' title='bbox 587 2037 724 2122; x_wconf 81' lang='lat' dir='ltr'><strong>familiis</strong></span> <span class='ocrx_word' id='word_1_156' title='bbox 738 2037 919 2122; x_wconf 61' lang='lat' dir='ltr'><strong>infarctum</strong></span> <span class='ocrx_word' id='word_1_157' title='bbox 939 2034 1074 2104; x_wconf 81' lang='lat' dir='ltr'><strong>Redemi</strong></span> <span class='ocrx_word' id='word_1_158' title='bbox 1091 2041 1167 2102; x_wconf 84' lang='lat' dir='ltr'><strong>tort-</strong></span> 
     </span>
     <span class='ocr_line' id='line_1_20' title="bbox 16 2131 1169 2221; baseline 0.002 -21"><span class='ocrx_word' id='word_1_159' title='bbox 16 2131 17 2148; x_wconf 65' lang='lat'><em>*</em></span> <span class='ocrx_word' id='word_1_160' title='bbox 57 2137 106 2201; x_wconf 81' lang='lat' dir='ltr'><strong>unt</strong></span> <span class='ocrx_word' id='word_1_161' title='bbox 117 2136 300 2206; x_wconf 70' lang='grc' dir='ltr'><strong>αάυθνεανὶὲ</strong></span> <span class='ocrx_word' id='word_1_162' title='bbox 315 2139 418 2205; x_wconf 80' lang='lat' dir='ltr'><strong>nostri</strong></span> <span class='ocrx_word' id='word_1_163' title='bbox 434 2137 660 2204; x_wconf 71' lang='lat' dir='ltr'><strong>incustoditam</strong></span> <span class='ocrx_word' id='word_1_164' title='bbox 668 2135 1072 2221; x_wconf 77' lang='lat' dir='ltr'><strong>publicemperuueantur.</strong></span> <span class='ocrx_word' id='word_1_165' title='bbox 1089 2135 1169 2204; x_wconf 91' lang='lat' dir='ltr'><strong>Post</strong></span> 
     </span>
     <span class='ocr_line' id='line_1_21' title="bbox 57 2232 1168 2324; baseline 0.004 -26"><span class='ocrx_word' id='word_1_166' title='bbox 57 2232 105 2299; x_wconf 92' lang='lat' dir='ltr'><strong>beo</strong></span> <span class='ocrx_word' id='word_1_167' title='bbox 125 2235 180 2302; x_wconf 90' lang='lat' dir='ltr'><strong>uiri</strong></span> <span class='ocrx_word' id='word_1_168' title='bbox 208 2235 434 2324; x_wconf 86' lang='lat' dir='ltr'><strong>mulieresque</strong></span> <span class='ocrx_word' id='word_1_169' title='bbox 458 2235 615 2304; x_wconf 88' lang='lat' dir='ltr'><strong>militibus</strong></span> <span class='ocrx_word' id='word_1_170' title='bbox 642 2234 737 2304; x_wconf 89' lang='lat' dir='ltr'><strong>ducis</strong></span> <span class='ocrx_word' id='word_1_171' title='bbox 764 2233 929 2302; x_wconf 90' lang='lat' dir='ltr'><strong>Bobemos</strong></span> <span class='ocrx_word' id='word_1_172' title='bbox 954 2236 988 2301; x_wconf 92' lang='lat' dir='ltr'><strong>in</strong></span> <span class='ocrx_word' id='word_1_173' title='bbox 1014 2232 1168 2302; x_wconf 92' lang='lat' dir='ltr'><strong>domibus</strong></span> 
     </span>
     <span class='ocr_line' id='line_1_22' title="bbox 59 2331 1169 2422; baseline 0.004 -26"><span class='ocrx_word' id='word_1_174' title='bbox 59 2333 112 2398; x_wconf 90' lang='lat' dir='ltr'><strong>suis</strong></span> <span class='ocrx_word' id='word_1_175' title='bbox 128 2331 342 2404; x_wconf 88' lang='lat' dir='ltr'><strong>absconditos</strong></span> <span class='ocrx_word' id='word_1_176' title='bbox 366 2332 600 2422; x_wconf 77' lang='lat' dir='ltr'><strong>ostentamen,</strong></span> <span class='ocrx_word' id='word_1_177' title='bbox 620 2339 652 2402; x_wconf 88' lang='lat' dir='ltr'><strong>et</strong></span> <span class='ocrx_word' id='word_1_178' title='bbox 671 2334 854 2422; x_wconf 90' lang='lat' dir='ltr'><strong>captivitati</strong></span> <span class='ocrx_word' id='word_1_179' title='bbox 871 2333 1003 2420; x_wconf 91' lang='lat' dir='ltr'><strong>publice</strong></span> <span class='ocrx_word' id='word_1_180' title='bbox 1018 2331 1169 2401; x_wconf 90' lang='lat' dir='ltr'><strong>tradide-</strong></span> 
     </span>
     <span class='ocr_line' id='line_1_23' title="bbox 59 2431 1170 2520; baseline 0.003 -25"><span class='ocrx_word' id='word_1_181' title='bbox 59 2437 123 2496; x_wconf 88' lang='lat' dir='ltr'><strong>rant.</strong></span> <span class='ocrx_word' id='word_1_182' title='bbox 148 2432 241 2500; x_wconf 84' lang='lat' dir='ltr'><strong>itanc</strong></span> <span class='ocrx_word' id='word_1_183' title='bbox 265 2435 430 2502; x_wconf 88' lang='lat' dir='ltr'><strong>civitatem</strong></span> <span class='ocrx_word' id='word_1_184' title='bbox 451 2432 519 2501; x_wconf 87' lang='lat' dir='ltr'><strong>dux</strong></span> <span class='ocrx_word' id='word_1_185' title='bbox 535 2433 676 2501; x_wconf 89' lang='lat' dir='ltr'><strong>Bavarie</strong></span> <span class='ocrx_word' id='word_1_186' title='bbox 696 2431 847 2520; x_wconf 88' lang='lat' dir='ltr'><strong>predicto</strong></span> <span class='ocrx_word' id='word_1_187' title='bbox 872 2431 971 2500; x_wconf 93' lang='lat' dir='ltr'><strong>modo</strong></span> <span class='ocrx_word' id='word_1_188' title='bbox 994 2431 1113 2500; x_wconf 90' lang='lat' dir='ltr'><strong>leviter</strong></span> <span class='ocrx_word' id='word_1_189' title='bbox 1136 2437 1170 2498; x_wconf 91' lang='lat' dir='ltr'><strong>et</strong></span> 
     </span>
     <span class='ocr_line' id='line_1_24' title="bbox 59 2528 1169 2622; baseline 0.002 -29"><span class='ocrx_word' id='word_1_190' title='bbox 59 2528 223 2598; x_wconf 89' lang='lat' dir='ltr'><strong>mirabiliter</strong></span> <span class='ocrx_word' id='word_1_191' title='bbox 248 2533 463 2622; x_wconf 79' lang='lat' dir='ltr'><strong>expugnavit.</strong></span> <span class='ocrx_word' id='word_1_192' title='bbox 488 2530 563 2600; x_wconf 85' lang='lat' dir='ltr'><strong>Fuit</strong></span> <span class='ocrx_word' id='word_1_193' title='bbox 584 2536 694 2599; x_wconf 90' lang='lat' dir='ltr'><strong>autem</strong></span> <span class='ocrx_word' id='word_1_194' title='bbox 717 2535 909 2619; x_wconf 80' lang='lat' dir='ltr'><strong>expugnata</strong></span> <span class='ocrx_word' id='word_1_195' title='bbox 934 2547 1022 2600; x_wconf 93' lang='lat' dir='ltr'><strong>auno</strong></span> <span class='ocrx_word' id='word_1_196' title='bbox 1045 2529 1169 2598; x_wconf 91' lang='lat' dir='ltr'><strong>domini</strong></span> 
     </span>
     <span class='ocr_line' id='line_1_25' title="bbox 58 2628 247 2698; baseline 0.037 -7"><span class='ocrx_word' id='word_1_197' title='bbox 58 2628 247 2698; x_wconf 75' lang='lat' dir='ltr'><strong>neelnxnii.</strong></span> 
     </span>
    </p>

    <p class='ocr_par' dir='ltr' id='par_1_3' title="bbox 16 2725 1170 3014">
     <span class='ocr_line' id='line_1_26' title="bbox 115 2725 1170 2814; baseline 0.001 -21"><span class='ocrx_word' id='word_1_198' title='bbox 115 2725 309 2814; x_wconf 82' lang='lat' dir='ltr'><strong>Expugnala</strong></span> <span class='ocrx_word' id='word_1_199' title='bbox 332 2730 464 2797; x_wconf 87' lang='lat' dir='ltr'><strong>civitate</strong></span> <span class='ocrx_word' id='word_1_200' title='bbox 491 2729 555 2797; x_wconf 89' lang='lat' dir='ltr'><strong>hac</strong></span> <span class='ocrx_word' id='word_1_201' title='bbox 576 2730 668 2796; x_wconf 90' lang='lat' dir='ltr'><strong>venit</strong></span> <span class='ocrx_word' id='word_1_202' title='bbox 690 2727 733 2795; x_wconf 92' lang='lat' dir='ltr'><strong>ad</strong></span> <span class='ocrx_word' id='word_1_203' title='bbox 755 2744 827 2794; x_wconf 87' lang='lat' dir='ltr'><strong>eam</strong></span> <span class='ocrx_word' id='word_1_204' title='bbox 846 2744 905 2794; x_wconf 84' lang='lat' dir='ltr'><strong>rex</strong></span> <span class='ocrx_word' id='word_1_205' title='bbox 926 2743 998 2794; x_wconf 91' lang='lat' dir='ltr'><strong>oum</strong></span> <span class='ocrx_word' id='word_1_206' title='bbox 1022 2727 1170 2794; x_wconf 86' lang='lat' dir='ltr'><strong>exercitu</strong></span> 
     </span>
     <span class='ocr_line' id='line_1_27' title="bbox 60 2819 1169 2920; baseline 0.004 -32.809"><span class='ocrx_word' id='word_1_207' title='bbox 60 2839 121 2912; x_wconf 85' lang='lat' dir='ltr'><strong>suo,</strong></span> <span class='ocrx_word' id='word_1_208' title='bbox 138 2819 296 2920; x_wconf 85' lang='lat' dir='ltr'><strong>prednm²</strong></span> <span class='ocrx_word' id='word_1_209' title='bbox 316 2827 443 2918; x_wconf 86' lang='lat' dir='ltr'><strong>divisit,</strong></span> <span class='ocrx_word' id='word_1_210' title='bbox 467 2835 501 2896; x_wconf 91' lang='lat' dir='ltr'><strong>et</strong></span> <span class='ocrx_word' id='word_1_211' title='bbox 525 2825 774 2914; x_wconf 88' lang='lat' dir='ltr'><strong>quatuordecim</strong></span> <span class='ocrx_word' id='word_1_212' title='bbox 793 2824 912 2894; x_wconf 91' lang='lat' dir='ltr'><strong>diebus</strong></span> <span class='ocrx_word' id='word_1_213' title='bbox 932 2824 974 2892; x_wconf 91' lang='lat' dir='ltr'><strong>de</strong></span> <span class='ocrx_word' id='word_1_214' title='bbox 992 2824 1092 2894; x_wconf 88' lang='lat' dir='ltr'><strong>rebus</strong></span> <span class='ocrx_word' id='word_1_215' title='bbox 1111 2843 1169 2893; x_wconf 92' lang='lat' dir='ltr'><strong>re-</strong></span> 
     </span>
     <span class='ocr_line' id='line_1_28' title="bbox 17 2921 1170 3014; baseline 0.003 -26"><span class='ocrx_word' id='word_1_216' title='bbox 17 2929 18 2942; x_wconf 60' lang='lat'><em>*</em></span> <span class='ocrx_word' id='word_1_217' title='bbox 62 2921 101 3004; x_wconf 80' lang='lat' dir='ltr'><strong>gis</strong></span> <span class='ocrx_word' id='word_1_218' title='bbox 120 2923 273 3000; x_wconf 88' lang='lat' dir='ltr'><strong>Bohemie</strong></span> <span class='ocrx_word' id='word_1_219' title='bbox 295 2943 380 3014; x_wconf 88' lang='lat' dir='ltr'><strong>quas</strong></span> <span class='ocrx_word' id='word_1_220' title='bbox 404 2928 437 2994; x_wconf 93' lang='lat' dir='ltr'><strong>in</strong></span> <span class='ocrx_word' id='word_1_221' title='bbox 460 2928 626 2996; x_wconf 88' lang='lat' dir='ltr'><strong>civitatem</strong></span> <span class='ocrx_word' id='word_1_222' title='bbox 650 2924 835 2994; x_wconf 89' lang='lat' dir='ltr'><strong>deduxerat</strong></span> <span class='ocrx_word' id='word_1_223' title='bbox 851 2924 1011 2992; x_wconf 85' lang='lat' dir='ltr'><strong>exercitui</strong></span> <span class='ocrx_word' id='word_1_224' title='bbox 1026 2942 1089 2992; x_wconf 93' lang='lat' dir='ltr'><strong>suo</strong></span> <span class='ocrx_word' id='word_1_225' title='bbox 1111 2941 1170 2992; x_wconf 86' lang='lat' dir='ltr'><strong>rex</strong></span> 
     </span>
    </p>

    <p class='ocr_par' dir='ltr' id='par_1_4' title="bbox 61 3025 592 3093">
     <span class='ocr_line' id='line_1_29' title="bbox 61 3025 592 3093; baseline 0.013 -8"><span class='ocrx_word' id='word_1_226' title='bbox 61 3025 228 3092; x_wconf 86' lang='lat' dir='ltr'><strong>necessaria</strong></span> <span class='ocrx_word' id='word_1_227' title='bbox 246 3025 359 3093; x_wconf 90' lang='lat' dir='ltr'><strong>tribuit</strong></span> <span class='ocrx_word' id='word_1_228' title='bbox 378 3025 592 3093; x_wconf 80' lang='lat' dir='ltr'><strong>abundanter.</strong></span> 
     </span>
    </p>

    <p class='ocr_par' dir='ltr' id='par_1_5' title="bbox 63 3119 1171 3803">
     <span class='ocr_line' id='line_1_30' title="bbox 117 3119 1170 3193; baseline 0.004 -7"><span class='ocrx_word' id='word_1_229' title='bbox 117 3119 173 3188; x_wconf 90' lang='lat' dir='ltr'><strong>Per</strong></span> <span class='ocrx_word' id='word_1_230' title='bbox 202 3123 292 3191; x_wconf 89' lang='lat' dir='ltr'><strong>bane</strong></span> <span class='ocrx_word' id='word_1_231' title='bbox 331 3124 496 3192; x_wconf 89' lang='lat' dir='ltr'><strong>civitatem</strong></span> <span class='ocrx_word' id='word_1_232' title='bbox 534 3123 676 3193; x_wconf 91' lang='lat' dir='ltr'><strong>obsessa</strong></span> <span class='ocrx_word' id='word_1_233' title='bbox 709 3120 769 3189; x_wconf 86' lang='lat' dir='ltr'><strong>init</strong></span> <span class='ocrx_word' id='word_1_234' title='bbox 803 3122 920 3190; x_wconf 90' lang='lat' dir='ltr'><strong>civitas</strong></span> <span class='ocrx_word' id='word_1_235' title='bbox 952 3121 1170 3190; x_wconf 88' lang='lat' dir='ltr'><strong>Wiennensis</strong></span> 
     </span>
     <span class='ocr_line' id='line_1_31' title="bbox 63 3216 1171 3311; baseline 0.003 -28"><span class='ocrx_word' id='word_1_236' title='bbox 63 3216 133 3300; x_wconf 81' lang='lat' dir='ltr'><strong>quod</strong></span> <span class='ocrx_word' id='word_1_237' title='bbox 147 3222 217 3306; x_wconf 82' lang='lat' dir='ltr'><strong>regi</strong></span> <span class='ocrx_word' id='word_1_238' title='bbox 241 3222 400 3290; x_wconf 87' lang='lat' dir='ltr'><strong>Bobemie</strong></span> <span class='ocrx_word' id='word_1_239' title='bbox 421 3239 489 3290; x_wconf 89' lang='lat' dir='ltr'><strong>non</strong></span> <span class='ocrx_word' id='word_1_240' title='bbox 513 3227 667 3311; x_wconf 91' lang='lat' dir='ltr'><strong>poterant</strong></span> <span class='ocrx_word' id='word_1_241' title='bbox 690 3219 864 3289; x_wconf 91' lang='lat' dir='ltr'><strong>commode</strong></span> <span class='ocrx_word' id='word_1_242' title='bbox 883 3220 1079 3308; x_wconf 88' lang='lat' dir='ltr'><strong>subvenire,</strong></span> <span class='ocrx_word' id='word_1_243' title='bbox 1107 3237 1171 3286; x_wconf 90' lang='lat' dir='ltr'><strong>nec</strong></span> 
     </span>
     <span class='ocr_line' id='line_1_32' title="bbox 64 3317 1170 3405; baseline 0.004 -25"><span class='ocrx_word' id='word_1_244' title='bbox 64 3331 107 3381; x_wconf 87' lang='lat' dir='ltr'><strong>rer</strong></span> <span class='ocrx_word' id='word_1_245' title='bbox 125 3325 251 3404; x_wconf 87' lang='lat' dir='ltr'><strong>poterat</strong></span> <span class='ocrx_word' id='word_1_246' title='bbox 283 3320 511 3390; x_wconf 88' lang='lat' dir='ltr'><strong>Wiennenses</strong></span> <span class='ocrx_word' id='word_1_247' title='bbox 534 3339 554 3388; x_wconf 92' lang='lat' dir='ltr'><strong>a</strong></span> <span class='ocrx_word' id='word_1_248' title='bbox 574 3320 663 3405; x_wconf 83' lang='lat' dir='ltr'><strong>regis</strong></span> <span class='ocrx_word' id='word_1_249' title='bbox 678 3317 898 3387; x_wconf 92' lang='lat' dir='ltr'><strong>Romanorum</strong></span> <span class='ocrx_word' id='word_1_250' title='bbox 917 3318 1063 3386; x_wconf 91' lang='lat' dir='ltr'><strong>dominio</strong></span> <span class='ocrx_word' id='word_1_251' title='bbox 1080 3317 1170 3384; x_wconf 90' lang='lat' dir='ltr'><strong>libe-</strong></span> 
     </span>
     <span class='ocr_line' id='line_1_33' title="bbox 64 3415 1169 3507; baseline 0.007 -33"><span class='ocrx_word' id='word_1_252' title='bbox 64 3429 126 3480; x_wconf 87' lang='lat' dir='ltr'><strong>rare.</strong></span> <span class='ocrx_word' id='word_1_253' title='bbox 149 3416 411 3488; x_wconf 89' lang='lat' dir='ltr'><strong>Wiennensibus</strong></span> <span class='ocrx_word' id='word_1_254' title='bbox 440 3420 489 3486; x_wconf 91' lang='lat' dir='ltr'><strong>sie</strong></span> <span class='ocrx_word' id='word_1_255' title='bbox 510 3421 544 3487; x_wconf 89' lang='lat' dir='ltr'><strong>in</strong></span> <span class='ocrx_word' id='word_1_256' title='bbox 566 3417 712 3507; x_wconf 91' lang='lat' dir='ltr'><strong>periculo</strong></span> <span class='ocrx_word' id='word_1_257' title='bbox 738 3419 926 3486; x_wconf 88' lang='lat' dir='ltr'><strong>constitutis</strong></span> <span class='ocrx_word' id='word_1_258' title='bbox 952 3415 1031 3504; x_wconf 84' lang='lat' dir='ltr'><strong>qnid</strong></span> <span class='ocrx_word' id='word_1_259' title='bbox 1062 3415 1169 3483; x_wconf 90' lang='lat' dir='ltr'><strong>lacere</strong></span> 
     </span>
     <span class='ocr_line' id='line_1_34' title="bbox 65 3514 1169 3602; baseline 0.005 -27"><span class='ocrx_word' id='word_1_260' title='bbox 65 3521 181 3594; x_wconf 90' lang='lat' dir='ltr'><strong>possent</strong></span> <span class='ocrx_word' id='word_1_261' title='bbox 203 3518 452 3602; x_wconf 78' lang='lat' dir='ltr'><strong>ignoraverunt.</strong></span> <span class='ocrx_word' id='word_1_262' title='bbox 480 3517 700 3586; x_wconf 84' lang='lat' dir='ltr'><strong>Posteavero</strong></span> <span class='ocrx_word' id='word_1_263' title='bbox 721 3514 962 3584; x_wconf 87' lang='lat' dir='ltr'><strong>deliberatione</strong></span> <span class='ocrx_word' id='word_1_264' title='bbox 984 3514 1072 3582; x_wconf 88' lang='lat' dir='ltr'><strong>laeta</strong></span> <span class='ocrx_word' id='word_1_265' title='bbox 1096 3530 1169 3581; x_wconf 90' lang='lat' dir='ltr'><strong>eum</strong></span> 
     </span>
     <span class='ocr_line' id='line_1_35' title="bbox 65 3611 1170 3706; baseline 0.005 -30"><span class='ocrx_word' id='word_1_266' title='bbox 65 3624 126 3694; x_wconf 81' lang='lat' dir='ltr'><strong>rege</strong></span> <span class='ocrx_word' id='word_1_267' title='bbox 144 3611 361 3684; x_wconf 89' lang='lat' dir='ltr'><strong>Romanomm</strong></span> <span class='ocrx_word' id='word_1_268' title='bbox 389 3621 666 3706; x_wconf 83' lang='lat' dir='ltr'><strong>composuerunt,</strong></span> <span class='ocrx_word' id='word_1_269' title='bbox 692 3620 726 3682; x_wconf 88' lang='lat' dir='ltr'><strong>et</strong></span> <span class='ocrx_word' id='word_1_270' title='bbox 747 3616 911 3682; x_wconf 89' lang='lat' dir='ltr'><strong>civitatem</strong></span> <span class='ocrx_word' id='word_1_271' title='bbox 934 3629 996 3680; x_wconf 90' lang='lat' dir='ltr'><strong>suo</strong></span> <span class='ocrx_word' id='word_1_272' title='bbox 1023 3611 1170 3681; x_wconf 91' lang='lat' dir='ltr'><strong>dominio</strong></span> 
     </span>
     <span class='ocr_line' id='line_1_36' title="bbox 68 3708 1170 3803; baseline 0.009 -33"><span class='ocrx_word' id='word_1_273' title='bbox 68 3708 260 3803; x_wconf 89' lang='lat' dir='ltr'><strong>tradiderunt,</strong></span> <span class='ocrx_word' id='word_1_274' title='bbox 280 3717 417 3803; x_wconf 91' lang='lat' dir='ltr'><strong>insuper</strong></span> <span class='ocrx_word' id='word_1_275' title='bbox 433 3714 475 3782; x_wconf 90' lang='lat' dir='ltr'><strong>ab</strong></span> <span class='ocrx_word' id='word_1_276' title='bbox 492 3715 540 3782; x_wconf 88' lang='lat' dir='ltr'><strong>eis</strong></span> <span class='ocrx_word' id='word_1_277' title='bbox 561 3711 621 3782; x_wconf 88' lang='lat' dir='ltr'><strong>luit</strong></span> <span class='ocrx_word' id='word_1_278' title='bbox 643 3713 740 3782; x_wconf 92' lang='lat' dir='ltr'><strong>donis</strong></span> <span class='ocrx_word' id='word_1_279' title='bbox 759 3713 889 3799; x_wconf 81' lang='lat' dir='ltr'><strong>magnis</strong></span> <span class='ocrx_word' id='word_1_280' title='bbox 911 3718 943 3778; x_wconf 92' lang='lat' dir='ltr'><strong>et</strong></span> <span class='ocrx_word' id='word_1_281' title='bbox 959 3712 1090 3799; x_wconf 93' lang='lat' dir='ltr'><strong>optimis</strong></span> <span class='ocrx_word' id='word_1_282' title='bbox 1107 3711 1170 3780; x_wconf 92' lang='lat' dir='ltr'><strong>bo·</strong></span> 
     </span>
    </p>

    <p class='ocr_par' dir='ltr' id='par_1_6' title="bbox 15 3807 1172 4098">
     <span class='ocr_line' id='line_1_37' title="bbox 67 3810 1171 3902; baseline 0.009 -34.558"><span class='ocrx_word' id='word_1_283' title='bbox 67 3814 187 3878; x_wconf 85' lang='lat' dir='ltr'><strong>aoratos.</strong></span> <span class='ocrx_word' id='word_1_284' title='bbox 214 3811 294 3881; x_wconf 89' lang='lat' dir='ltr'><strong>Cum</strong></span> <span class='ocrx_word' id='word_1_285' title='bbox 312 3815 361 3881; x_wconf 87' lang='lat' dir='ltr'><strong>sie</strong></span> <span class='ocrx_word' id='word_1_286' title='bbox 382 3813 608 3882; x_wconf 88' lang='lat' dir='ltr'><strong>Wiennenses</strong></span> <span class='ocrx_word' id='word_1_287' title='bbox 626 3831 644 3878; x_wconf 93' lang='lat' dir='ltr'><strong>a</strong></span> <span class='ocrx_word' id='word_1_288' title='bbox 662 3828 724 3880; x_wconf 90' lang='lat' dir='ltr'><strong>sno</strong></span> <span class='ocrx_word' id='word_1_289' title='bbox 744 3810 878 3902; x_wconf 87' lang='lat' dir='ltr'><strong>domino</strong></span> <span class='ocrx_word' id='word_1_290' title='bbox 901 3811 1125 3880; x_wconf 89' lang='lat' dir='ltr'><strong>recessissent</strong></span> <span class='ocrx_word' id='word_1_291' title='bbox 1139 3816 1171 3877; x_wconf 89' lang='lat' dir='ltr'><strong>et</strong></span> 
     </span>
     <span class='ocr_line' id='line_1_38' title="bbox 16 3907 1170 3999; baseline 0.002 -27"><span class='ocrx_word' id='word_1_292' title='bbox 16 3939 17 3944; x_wconf 62' lang='lat'><em>=</em></span> <span class='ocrx_word' id='word_1_293' title='bbox 67 3907 1170 3999; x_wconf 78' lang='lat' dir='ltr'><strong>regemllomanornmprodomiuorecepissent,moxnregeliobe-</strong></span> 
     </span>
     <span class='ocr_line' id='line_1_39' title="bbox 15 4006 1172 4098; baseline 0.009 -34"><span class='ocrx_word' id='word_1_294' title='bbox 15 4045 18 4084; x_wconf 63' lang='lat' dir='ltr'><strong>r</strong></span> <span class='ocrx_word' id='word_1_295' title='bbox 68 4017 166 4073; x_wconf 90' lang='lat' dir='ltr'><strong>norum</strong></span> <span class='ocrx_word' id='word_1_296' title='bbox 190 4027 313 4096; x_wconf 93' lang='lat' dir='ltr'><strong>pueros</strong></span> <span class='ocrx_word' id='word_1_297' title='bbox 337 4027 423 4097; x_wconf 79' lang='lat' dir='ltr'><strong>ortos</strong></span> <span class='ocrx_word' id='word_1_298' title='bbox 455 4008 592 4078; x_wconf 90' lang='lat' dir='ltr'><strong>obsides</strong></span> <span class='ocrx_word' id='word_1_299' title='bbox 616 4008 679 4076; x_wconf 92' lang='lat' dir='ltr'><strong>sibi</strong></span> <span class='ocrx_word' id='word_1_300' title='bbox 711 4007 873 4078; x_wconf 89' lang='lat' dir='ltr'><strong>dederant</strong></span> <span class='ocrx_word' id='word_1_301' title='bbox 897 4010 1068 4098; x_wconf 88' lang='lat' dir='ltr'><strong>petierunt.</strong></span> <span class='ocrx_word' id='word_1_302' title='bbox 1102 4006 1172 4075; x_wconf 88' lang='lat' dir='ltr'><strong>Rex</strong></span> 
     </span>
    </p>
   </div>
   <div class='ocr_carea' id='block_1_3' title="bbox 71 4143 1171 4286">
    <p class='ocr_par' dir='ltr' id='par_1_7' title="bbox 16 4127 1171 4286">
     <span class='ocr_line' id='line_1_40' title="bbox 71 4143 1171 4286; baseline -0.02 -48.095"><span class='ocrx_word' id='word_1_303' title='bbox 71 4163 216 4286; x_wconf 50' lang='lat' dir='ltr'><strong>artat-{2⁶³⁰</strong></span> <span class='ocrx_word' id='word_1_304' title='bbox 234 4167 289 4234; x_wconf 72' lang='lat' dir='ltr'><strong>ha,</strong></span> <span class='ocrx_word' id='word_1_305' title='bbox 309 4186 358 4224; x_wconf 90' lang='lat' dir='ltr'><strong>nos</strong></span> <span class='ocrx_word' id='word_1_306' title='bbox 376 4167 420 4222; x_wconf 87' lang='lat' dir='ltr'><strong>bat</strong></span> <span class='ocrx_word' id='word_1_307' title='bbox 440 4167 488 4223; x_wconf 87' lang='lat' dir='ltr'><strong>der</strong></span> <span class='ocrx_word' id='word_1_308' title='bbox 506 4167 599 4280; x_wconf 76' lang='lat' dir='ltr'><strong>drocb.</strong></span> <span class='ocrx_word' id='word_1_309' title='bbox 642 4171 672 4235; x_wconf 84' lang='lat'><strong>2)</strong></span> <span class='ocrx_word' id='word_1_310' title='bbox 692 4167 786 4238; x_wconf 90' lang='lat' dir='ltr'><strong>predia</strong></span> <span class='ocrx_word' id='word_1_311' title='bbox 806 4143 1019 4221; x_wconf 81' lang='lat' dir='ltr'><strong>batderdruclr</strong></span> <span class='ocrx_word' id='word_1_312' title='bbox 1047 4181 1102 4218; x_wconf 67' lang='lat' dir='ltr'><strong>uvas</strong></span> <span class='ocrx_word' id='word_1_313' title='bbox 1129 4163 1171 4217; x_wconf 89' lang='lat' dir='ltr'><strong>ich</strong></span> 
     </span>
    </p>
   </div>
   <div class='ocr_carea' id='block_1_4' title="bbox 16 4331 20 4454">
    <p class='ocr_par' dir='ltr' id='par_1_8' title="bbox 16 4331 20 4454">
     <span class='ocr_line' id='line_1_41' title="bbox 16 4331 17 4399; baseline 0 0"><span class='ocrx_word' id='word_1_314' title='bbox 16 4331 17 4399; x_wconf 68' lang='lat' dir='ltr'><strong>l</strong></span> 
     </span>
     <span class='ocr_line' id='line_1_42' title="bbox 16 4416 20 4454; baseline 0 0"><span class='ocrx_word' id='word_1_315' title='bbox 16 4416 20 4454; x_wconf 81' lang='lat' dir='ltr'><strong>t</strong></span> 
     </span>
    </p>
   </div>
   <div class='ocr_carea' id='block_1_5' title="bbox 0 0 1466 4834">
    <p class='ocr_par' dir='ltr' id='par_1_9' title="bbox 0 0 1466 4834">
     <span class='ocr_line' id='line_1_43' title="bbox 0 0 1466 4834; baseline 0 0"><span class='ocrx_word' id='word_1_316' title='bbox 0 0 1466 4834; x_wconf 95' lang='lat' dir='ltr'><strong> </strong></span> 
     </span>
    </p>
   </div>
  </div>
 </body>
</html>
