2890 4832
267 221 337 292 316
594 248 732 296 causamn
753 248 823 296 rura
844 250 867 296 s.
889 249 1074 296 memorum.

265 387 441 460 commoda
454 387 657 476 spoliatores
674 388 721 456 illi
738 388 957 474 neglexerint.
982 387 1044 455 Per
1069 405 1134 474 que
1160 392 1269 456 tamen
1292 387 1383 457 bodie
1441 405 1442 448 1

265 488 357 557 multi
383 489 535 556 sanitatis
561 487 726 556 beneficia
761 492 1019 575 consequuntur.
1068 485 1230 555 Cellarins
1256 505 1332 554 vcro
1357 493 1387 554 at
1432 442 1437 523 ¹

265 589 360 656 miles
386 593 487 674 atque
514 586 799 674 eleemosynarius
824 605 946 674 corpus
973 585 1129 654 tollentes
1156 592 1190 653 et
1212 585 1385 653 linteamini
1440 595 1442 647 1

264 687 477 754 involventes
502 684 654 754 vehiculo
680 687 916 774 imposnemnt.
968 684 1115 772 Cumque
1147 684 1292 752 Swelme
1316 685 1388 752 ilud
1441 703 1442 747 r

264 783 503 874 perduxissent
528 791 562 852 et
578 786 612 851 in
631 785 777 853 ccclesia
794 801 920 873 ponere
947 782 1195 871 decrevissent,
1232 801 1301 852 non
1317 803 1386 870 per·
1441 802 1442 868 1

265 884 353 950 misit
379 883 559 972 sacerdos,
586 885 899 952 contaminationem
924 882 1061 950 basilice
1086 888 1288 971 preteriens,
1320 900 1386 950 cnm
1440 901 1442 944 r

264 983 377 1070 potius
396 984 561 1068 sangiune
579 983 731 1070 martyris
757 982 976 1050 dedicaretur.
1019 981 1087 1050 Sed
1114 987 1250 1070 propter
1273 980 1335 1048 hoo
1358 987 1389 1050 et
1441 1001 1442 1044 r

265 1082 329 1148 alia
355 1080 498 1168 quedam
524 1081 646 1168 quibus
672 1085 823 1168 martyris
850 1083 957 1167 gratia
984 1098 1021 1148 se
1047 1080 1216 1166 indignum
1243 1079 1388 1168 reddidit,
1441 1100 1442 1145 1

264 1198 372 1267 usque
391 1180 490 1248 bodie
509 1181 591 1248 sutis
609 1182 751 1266 graviter
773 1183 807 1248 in
826 1199 888 1248 suo
907 1197 1047 1267 corpore
1065 1179 1224 1248 divinitus
1243 1178 1389 1264 flagella·
1440 1200 1442 1264 1

264 1283 324 1346 tur.
351 1277 507 1347 Attamen
530 1280 662 1366 positus
690 1286 743 1346 est
759 1282 793 1346 in
811 1279 928 1347 eadem
947 1278 1045 1346 dome
1063 1280 1101 1345 in·
1116 1297 1182 1366 qua
1198 1284 1390 1366 pernoctare

265 1383 299 1445 et
316 1377 492 1446 comedere
509 1383 731 1466 proposuerat
756 1377 918 1446 sacerdos
943 1377 998 1445 dei
1015 1379 1111 1446 vivus
1122 1429 1131 1466 ,
1160 1375 1296 1463 ducque
1315 1395 1389 1444 can·
1441 1398 1442 1442 r

264 1475 339 1544 dele
357 1475 559 1545 dedicationi
576 1483 750 1565 preparate
767 1478 834 1546 illic
853 1477 1017 1546 collocate
1036 1481 1132 1565 sunt,
1150 1494 1217 1544 nna
1236 1475 1279 1543 ad
1297 1481 1391 1564 capnt
1441 1503 1442 1544 1

264 1575 367 1642 altera
385 1575 428 1643 ad
445 1575 562 1666 pedes.
590 1574 670 1642 Cum
689 1581 798 1644 autem
824 1578 910 1644 inter
935 1594 972 1644 se
1000 1575 1132 1661 vigilius
1157 1575 1267 1642 noctis
1287 1575 1390 1662 partiti
1433 1598 1442 1646 s

264 1679 398 1764 essent,
426 1682 459 1742 et
485 1675 638 1743 cellarius
656 1693 764 1762 usque
783 1675 826 1743 ad
844 1673 984 1743 mediam
1004 1681 1135 1744 noctem
1153 1674 1287 1762 corpori
1305 1675 1392 1741 assi·
1433 1698 1442 1744 1

264 1771 374 1863 deret,
400 1791 585 1862 precesque
609 1773 758 1842 horarius
785 1775 881 1842 beate
913 1773 967 1842 dei
1002 1773 1170 1860 genitricis
1197 1778 1231 1840 et
1257 1773 1390 1858 virginis
1441 1800 1442 1844 r

262 1871 367 1940 Marie
385 1871 565 1961 lectitaret,
592 1873 678 1941 siout
694 1872 862 1961 hodieque
880 1875 975 1941 testis
994 1878 1064 1962 est,
1083 1889 1252 1959 nunquam
1270 1870 1391 1958 aliquid
1441 1899 1442 1942 r

261 1969 406 2039 horroris
425 1990 467 2039 ex
483 1977 640 2040 contactu
657 1973 755 2062 illius,
768 1979 805 2040 ut
821 1971 863 2040 dc
882 1971 1101 2040 cadaveribus
1119 1972 1310 2038 occisorum
1326 1970 1390 2038 lieri
1431 1998 1442 2057 ,r

263 2070 401 2160 assolet,
419 2089 543 2159 passus
563 2076 624 2139 est.
641 2071 739 2138 Haud
754 2071 899 2159 dubium,
918 2071 997 2158 quin
1016 2089 1058 2138 ex
1074 2071 1245 2158 presentia
1257 2074 1392 2137 sancto·
1431 2092 1442 2165 p

261 2186 332 2236 rum
350 2170 544 2256 angelornm
563 2172 670 2255 gratia
686 2171 750 2239 hec
769 2172 926 2258 extiterit,
947 2171 1002 2257 qui
1020 2168 1109 2256 apud
1127 2186 1250 2256 eorpus
1269 2175 1390 2254 marty·
1441 2196 1442 2242 r

262 2268 306 2334 ris
325 2267 468 2336 celestes
483 2269 642 2336 excubias
661 2268 884 2337 celebrabant.
904 2268 1025 2336 Fuerat
1042 2273 1150 2335 antem
1169 2269 1198 2334 is
1216 2265 1389 2335 Heinricus
1441 2295 1442 2340 1

264 2365 419 2434 cellarius
438 2373 515 2434 ante
533 2369 789 2436 conversionem
808 2369 921 2456 miles,
948 2373 980 2434 et
999 2372 1087 2434 tanto
1107 2366 1253 2434 sortasse
1272 2366 1318 2433 ad
1335 2366 1392 2432 bu·
1431 2386 1442 2451 p

264 2463 409 2532 iusmcdi
428 2483 513 2553 opus
533 2466 717 2554 expeditior
735 2475 767 2534 et
785 2466 943 2534 audacior
960 2471 1083 2553 quanto
1103 2467 1282 2532 assuetior.
1431 2480 1442 2539 l

339 2565 448 2649 Caput
462 2570 622 2632 oetaeum.
648 2565 749 2634 blane
774 2567 925 2654 martyris
940 2583 1061 2653 corpus
1080 2565 1189 2632 currui
1207 2565 1392 2651 impositum
1432 2516 1437 2617 l

265 2667 326 2729 est.
368 2662 516 2750 Cumque
540 2663 621 2732 illud
654 2663 857 2733 deducerent
880 2665 992 2752 plures
1018 2683 1059 2732 ex
1085 2663 1208 2730 lumilia
1236 2663 1392 2751 episcopi,
1441 2693 1442 2738 r

264 2763 319 2847 qui
346 2763 460 2830 timere
488 2765 600 2850 mortis
632 2762 774 2847 dispersi
803 2763 949 2852 inerant,
981 2761 1224 2831 deducentibus
1249 2760 1392 2830 adiuncti
1441 2791 1442 2837 r

264 2866 348 2928 sunt.
380 2860 601 2930 Venientibus
624 2868 738 2930 'nutem
765 2861 807 2930 ad
832 2881 952 2931 notrum
983 2867 1127 2930 castrum
1158 2859 1249 2948 quod
1276 2860 1391 2929 beatus
1441 2891 1442 2936 r

263 2959 446 3048 episcopus
466 2961 536 3028 suis
555 2962 714 3049 expensis
734 2960 957 3050 edificaverat,
976 2979 1049 3030 cum
1067 2961 1186 3028 intrare
1204 2959 1343 3048 vellent,
1360 2961 1391 3024 ut
1435 2986 1442 3043 p

262 3057 329 3122 illio
347 3075 469 3145 corpus
487 3060 637 3126 lavarent
663 3065 697 3126 et
714 3065 970 3148 componerent,
998 3063 1141 3145 negatus
1160 3064 1214 3126 est
1229 3059 1390 3144 introitus,

264 3154 434 3223 timerent
453 3159 571 3225 estimo
590 3158 734 3226 Heinriei
752 3177 842 3227 nunc
860 3159 988 3227 comitis
1003 3157 1045 3225 de
1063 3156 1190 3226 Monte.
1218 3156 1288 3225 Sed
1306 3156 1389 3224 liun-

263 3251 406 3342 dulpbus
424 3257 513 3342 prior
530 3255 717 3325 Montensis
736 3257 867 3326 cenobii
891 3263 968 3324 ante
994 3262 1137 3324 castrum
1163 3256 1228 3322 illis
1256 3256 1386 3341 occurit,

262 3369 371 3440 eequc
390 3352 474 3422 duce
493 3354 535 3422 ad
553 3357 787 3424 monasterium
803 3355 993 3424 festinatum
1012 3360 1072 3422 est.
1105 3353 1254 3441 Cumque
1273 3373 1389 3442 appro-

260 3451 461 3540 pinquarent
479 3456 700 3545 monasterio,
726 3455 842 3524 iratres
869 3473 942 3523 cnm
967 3471 1063 3521 cruce
1091 3459 1124 3520 et
1150 3453 1254 3520 thuris
1283 3451 1388 3521 suibtu

261 3551 311 3618 eis
330 3551 462 3620 obviam
479 3559 724 3640 processerunt.
738 3552 886 3642 Corpore
904 3570 1001 3622 sacro
1019 3553 1053 3619 in
1068 3551 1221 3619 teretrum
1240 3550 1284 3619 dc
1300 3567 1387 3618 curru

260 3645 427 3739 deposito,
447 3650 578 3738 quidam
598 3669 616 3718 e
635 3652 823 3720 senioribus
841 3651 1014 3720 Heinricus
1031 3651 1175 3739 nomine,
1194 3669 1284 3717 nunc
1302 3651 1387 3718 eius·

261 3746 334 3815 dem
354 3751 545 3817 monasterii
563 3751 667 3840 prior,
685 3751 865 3819 linteamen
883 3749 925 3819 de
944 3751 1053 3838 capite
1071 3750 1225 3836 martyris
1244 3748 1385 3834 removit,

260 3846 384 3914 vultum
416 3850 487 3916 eius
515 3854 684 3916 cruentum
718 3855 751 3917 ct
777 3849 979 3917 confractum
1009 3847 1163 3916 iratribus
1196 3846 1384 3916 ostendens.

260 3942 334 4025 Quo
352 3947 425 4013 viso
444 3947 640 4034 lachrymati
657 3953 736 4016 sunt
751 3947 850 4016 valde
859 4001 868 4037 ,
900 3955 966 4016 tam
985 3947 1097 4014 dilecti
1115 3947 1219 4035 patris
1237 3952 1341 4015 morte
1358 3947 1387 4010 et

261 4041 316 4110 tali
343 4049 446 4110 morte
470 4045 640 4131 plurimum
668 4048 877 4114 consternati.
921 4037 1117 4134 Speoialitcr
1143 4047 1230 4113 enim
1254 4046 1308 4112 ille
1334 4042 1383 4109 di-

257 4141 387 4210 lexerat
404 4141 582 4212 Montense
601 4145 775 4213 cenobium
784 4198 794 4236 ,
820 4152 936 4234 utpote
962 4145 1003 4212 ub
1022 4147 1093 4212 eius
1111 4145 1248 4232 proavis
1268 4141 1381 4211 lunda-

257 4245 351 4328 tum„
371 4237 548 4309 Heinricns
571 4258 651 4311 vero
677 4261 751 4312 cum
776 4244 820 4313 ob
846 4245 948 4314 cruris
972 4243 1199 4311 infirmatatem
1218 4259 1286 4311 uno
1302 4237 1382 4331 pede
