<?xml version="1.0" encoding="UTF-8"?>
<!DOCTYPE html PUBLIC "-//W3C//DTD XHTML 1.0 Transitional//EN"
    "http://www.w3.org/TR/xhtml1/DTD/xhtml1-transitional.dtd">
<html xmlns="http://www.w3.org/1999/xhtml" xml:lang="en" lang="en">
 <head>
  <title>
</title>
<meta http-equiv="Content-Type" content="text/html;charset=utf-8" />
  <meta name='ocr-system' content='tesseract 3.04.00' />
  <meta name='ocr-capabilities' content='ocr_page ocr_carea ocr_par ocr_line ocrx_word'/>
</head>
<body>
  <div class='ocr_page' id='page_1' title='image "./fontesrerumgerm00hubegoog_0373.png"; bbox 0 0 2890 4832; ppageno 0'>
   <div class='ocr_carea' id='block_1_1' title="bbox 274 237 1081 314">
    <p class='ocr_par' dir='ltr' id='par_1_1' title="bbox 274 237 1081 314">
     <span class='ocr_line' id='line_1_1' title="bbox 274 237 1081 314; baseline 0.005 -7"><span class='ocrx_word' id='word_1_1' title='bbox 274 237 346 307; x_wconf 81' lang='lat'>310</span> <span class='ocrx_word' id='word_1_2' title='bbox 600 265 738 314; x_wconf 69' lang='lat' dir='ltr'>caustum</span> <span class='ocrx_word' id='word_1_3' title='bbox 757 266 829 314; x_wconf 74' lang='lat' dir='ltr'>rnna</span> <span class='ocrx_word' id='word_1_4' title='bbox 848 267 873 314; x_wconf 81' lang='lat' dir='ltr'>u.</span> <span class='ocrx_word' id='word_1_5' title='bbox 893 265 1081 314; x_wconf 76' lang='lat' dir='ltr'>metaurum.</span> 
     </span>
    </p>
   </div>
   <div class='ocr_carea' id='block_1_2' title="bbox 269 404 1442 4346">
    <p class='ocr_par' dir='ltr' id='par_1_2' title="bbox 269 404 1442 4346">
     <span class='ocr_line' id='line_1_2' title="bbox 272 404 1403 492; baseline -0.004 -18"><span class='ocrx_word' id='word_1_6' title='bbox 272 409 358 474; x_wconf 79' lang='lat' dir='ltr'>sieut</span> <span class='ocrx_word' id='word_1_7' title='bbox 371 407 492 491; x_wconf 81' lang='lat' dir='ltr'>optime</span> <span class='ocrx_word' id='word_1_8' title='bbox 506 406 611 472; x_wconf 80' lang='lat' dir='ltr'>noetis</span> <span class='ocrx_word' id='word_1_9' title='bbox 626 405 660 472; x_wconf 88' lang='lat' dir='ltr'>in</span> <span class='ocrx_word' id='word_1_10' title='bbox 676 405 769 472; x_wconf 81' lang='lat' dir='ltr'>odilo</span> <span class='ocrx_word' id='word_1_11' title='bbox 785 421 844 472; x_wconf 81' lang='lat' dir='ltr'>cos</span> <span class='ocrx_word' id='word_1_12' title='bbox 864 405 941 490; x_wconf 75' lang='lat' dir='ltr'>leti,</span> <span class='ocrx_word' id='word_1_13' title='bbox 958 405 1019 472; x_wconf 82' lang='lat' dir='ltr'>ced</span> <span class='ocrx_word' id='word_1_14' title='bbox 1037 408 1195 492; x_wconf 76' lang='lat' dir='ltr'>quondum</span> <span class='ocrx_word' id='word_1_15' title='bbox 1205 404 1307 490; x_wconf 84' lang='lat' dir='ltr'>potui</span> <span class='ocrx_word' id='word_1_16' title='bbox 1320 421 1403 471; x_wconf 81' lang='lat' dir='ltr'>sem-</span> 
     </span>
     <span class='ocr_line' id='line_1_3' title="bbox 272 503 1403 592; baseline -0.003 -20"><span class='ocrx_word' id='word_1_17' title='bbox 272 524 334 592; x_wconf 85' lang='lat' dir='ltr'>per</span> <span class='ocrx_word' id='word_1_18' title='bbox 352 505 521 590; x_wconf 76' lang='lat' dir='ltr'><em>promovi,</em></span> <span class='ocrx_word' id='word_1_19' title='bbox 547 521 674 572; x_wconf 82' lang='lat' dir='ltr'>centron</span> <span class='ocrx_word' id='word_1_20' title='bbox 692 510 725 572; x_wconf 85' lang='lat' dir='ltr'>et</span> <span class='ocrx_word' id='word_1_21' title='bbox 745 505 874 589; x_wconf 82' lang='lat' dir='ltr'>fratres</span> <span class='ocrx_word' id='word_1_22' title='bbox 897 508 1032 572; x_wconf 77' lang='lat' dir='ltr'>oestrus.</span> <span class='ocrx_word' id='word_1_23' title='bbox 1058 505 1101 572; x_wconf 79' lang='lat' dir='ltr'>nt</span> <span class='ocrx_word' id='word_1_24' title='bbox 1117 523 1195 572; x_wconf 83' lang='lat' dir='ltr'>ecoe</span> <span class='ocrx_word' id='word_1_25' title='bbox 1214 522 1238 570; x_wconf 86' lang='lat' dir='ltr'>u</span> <span class='ocrx_word' id='word_1_26' title='bbox 1255 503 1403 586; x_wconf 78' lang='lat' dir='ltr'>dioensis,</span> 
     </span>
     <span class='ocr_line' id='line_1_4' title="bbox 270 603 1403 688; baseline -0.002 -16"><span class='ocrx_word' id='word_1_27' title='bbox 270 609 340 672; x_wconf 84' lang='lat' dir='ltr'>tum</span> <span class='ocrx_word' id='word_1_28' title='bbox 355 605 458 672; x_wconf 83' lang='lat' dir='ltr'>literis</span> <span class='ocrx_word' id='word_1_29' title='bbox 480 621 578 688; x_wconf 72' lang='lat' dir='ltr'>mom</span> <span class='ocrx_word' id='word_1_30' title='bbox 593 603 715 686; x_wconf 83' lang='lat' dir='ltr'>cordis,</span> <span class='ocrx_word' id='word_1_31' title='bbox 744 604 910 672; x_wconf 83' lang='lat' dir='ltr'>indicator</span> <span class='ocrx_word' id='word_1_32' title='bbox 927 603 1005 670; x_wconf 85' lang='lat' dir='ltr'>midi</span> <span class='ocrx_word' id='word_1_33' title='bbox 1030 606 1178 671; x_wconf 87' lang='lat' dir='ltr'>comitem</span> <span class='ocrx_word' id='word_1_34' title='bbox 1200 603 1403 670; x_wconf 82' lang='lat' dir='ltr'>Friderieom</span> 
     </span>
     <span class='ocr_line' id='line_1_5' title="bbox 269 702 1401 787; baseline -0.002 -17"><span class='ocrx_word' id='word_1_35' title='bbox 269 703 414 787; x_wconf 80' lang='lat' dir='ltr'>fratrem</span> <span class='ocrx_word' id='word_1_36' title='bbox 427 707 585 783; x_wconf 82' lang='lat' dir='ltr'>oestrum,</span> <span class='ocrx_word' id='word_1_37' title='bbox 601 719 697 787; x_wconf 79' lang='lat' dir='ltr'>qoem</span> <span class='ocrx_word' id='word_1_38' title='bbox 711 705 877 770; x_wconf 75' lang='lat' dir='ltr'>anonimo</span> <span class='ocrx_word' id='word_1_39' title='bbox 893 702 993 770; x_wconf 76' lang='lat' dir='ltr'>ditoni</span> <span class='ocrx_word' id='word_1_40' title='bbox 1010 707 1043 770; x_wconf 87' lang='lat' dir='ltr'>el</span> <span class='ocrx_word' id='word_1_41' title='bbox 1056 705 1110 770; x_wconf 82' lang='lat' dir='ltr'>ord</span> <span class='ocrx_word' id='word_1_42' title='bbox 1125 721 1192 771; x_wconf 85' lang='lat' dir='ltr'>ooo</span> <span class='ocrx_word' id='word_1_43' title='bbox 1206 705 1319 784; x_wconf 80' lang='lat' dir='ltr'>nocui,</span> <span class='ocrx_word' id='word_1_44' title='bbox 1332 719 1401 768; x_wconf 86' lang='lat' dir='ltr'>mo·</span> 
     </span>
     <span class='ocr_line' id='line_1_6' title="bbox 272 799 1402 887; baseline -0.002 -18"><span class='ocrx_word' id='word_1_45' title='bbox 272 803 339 870; x_wconf 86' lang='lat' dir='ltr'>lum</span> <span class='ocrx_word' id='word_1_46' title='bbox 351 799 427 868; x_wconf 82' lang='lat' dir='ltr'>aditi</span> <span class='ocrx_word' id='word_1_47' title='bbox 446 799 645 884; x_wconf 82' lang='lat' dir='ltr'>moodioori,</span> <span class='ocrx_word' id='word_1_48' title='bbox 668 819 780 887; x_wconf 80' lang='lat' dir='ltr'>meque</span> <span class='ocrx_word' id='word_1_49' title='bbox 801 802 885 869; x_wconf 85' lang='lat' dir='ltr'>uelle</span> <span class='ocrx_word' id='word_1_50' title='bbox 905 801 1067 869; x_wconf 82' lang='lat' dir='ltr'>occidero.</span> <span class='ocrx_word' id='word_1_51' title='bbox 1093 801 1147 872; x_wconf 84' lang='lat' dir='ltr'>Ad</span> <span class='ocrx_word' id='word_1_52' title='bbox 1171 802 1219 870; x_wconf 88' lang='lat' dir='ltr'>illi</span> <span class='ocrx_word' id='word_1_53' title='bbox 1243 801 1402 868; x_wconf 92' lang='lat' dir='ltr'>simulan-</span> 
     </span>
     <span class='ocr_line' id='line_1_7' title="bbox 271 899 1401 990; baseline -0.004 -21"><span class='ocrx_word' id='word_1_54' title='bbox 271 907 325 969; x_wconf 84' lang='lat' dir='ltr'>tes</span> <span class='ocrx_word' id='word_1_55' title='bbox 344 899 434 988; x_wconf 86' lang='lat' dir='ltr'>quod</span> <span class='ocrx_word' id='word_1_56' title='bbox 453 899 486 967; x_wconf 89' lang='lat' dir='ltr'>in</span> <span class='ocrx_word' id='word_1_57' title='bbox 504 907 640 988; x_wconf 88' lang='lat' dir='ltr'>pectore</span> <span class='ocrx_word' id='word_1_58' title='bbox 659 919 727 968; x_wconf 94' lang='lat' dir='ltr'>non</span> <span class='ocrx_word' id='word_1_59' title='bbox 740 901 909 968; x_wconf 88' lang='lat' dir='ltr'>habebant</span> <span class='ocrx_word' id='word_1_60' title='bbox 925 900 1038 990; x_wconf 86' lang='lat' dir='ltr'>pavidi</span> <span class='ocrx_word' id='word_1_61' title='bbox 1055 900 1321 990; x_wconf 89' lang='lat' dir='ltr'>responderunt:</span> <span class='ocrx_word' id='word_1_62' title='bbox 1339 899 1401 966; x_wconf 72' lang='lat' dir='ltr'>At</span> 
     </span>
     <span class='ocr_line' id='line_1_8' title="bbox 271 998 1401 1084; baseline -0.003 -17"><span class='ocrx_word' id='word_1_63' title='bbox 271 1001 315 1067; x_wconf 81' lang='lat' dir='ltr'>ait</span> <span class='ocrx_word' id='word_1_64' title='bbox 326 999 405 1081; x_wconf 86' lang='lat' dir='ltr'>ltoo,</span> <span class='ocrx_word' id='word_1_65' title='bbox 423 999 568 1082; x_wconf 81' lang='lat' dir='ltr'>domine,</span> <span class='ocrx_word' id='word_1_66' title='bbox 587 998 695 1080; x_wconf 58' lang='lat' dir='ltr'>obsit·</span> <span class='ocrx_word' id='word_1_67' title='bbox 711 998 792 1066; x_wconf 78' lang='lat' dir='ltr'>aridii</span> <span class='ocrx_word' id='word_1_68' title='bbox 808 1017 942 1068; x_wconf 77' lang='lat' dir='ltr'>necesse</span> <span class='ocrx_word' id='word_1_69' title='bbox 954 1004 1005 1066; x_wconf 80' lang='lat' dir='ltr'>ert</span> <span class='ocrx_word' id='word_1_70' title='bbox 1020 999 1157 1068; x_wconf 80' lang='lat' dir='ltr'>coe-doc</span> <span class='ocrx_word' id='word_1_71' title='bbox 1170 999 1401 1084; x_wconf 77' lang='lat' dir='ltr'>reformidare,</span> 
     </span>
     <span class='ocr_line' id='line_1_9' title="bbox 271 1097 1400 1190; baseline -0.001 -25"><span class='ocrx_word' id='word_1_72' title='bbox 271 1100 352 1186; x_wconf 82' lang='lat' dir='ltr'>quio</span> <span class='ocrx_word' id='word_1_73' title='bbox 366 1115 533 1183; x_wconf 66' lang='lat' dir='ltr'>numum</span> <span class='ocrx_word' id='word_1_74' title='bbox 548 1098 698 1166; x_wconf 76' lang='lat' dir='ltr'>ascendit</span> <span class='ocrx_word' id='word_1_75' title='bbox 713 1101 747 1166; x_wconf 84' lang='lat' dir='ltr'>io</span> <span class='ocrx_word' id='word_1_76' title='bbox 763 1117 822 1166; x_wconf 83' lang='lat' dir='ltr'>eor</span> <span class='ocrx_word' id='word_1_77' title='bbox 837 1101 916 1190; x_wconf 70' lang='lat' dir='ltr'>mue.</span> <span class='ocrx_word' id='word_1_78' title='bbox 944 1097 1062 1168; x_wconf 77' lang='lat' dir='ltr'>Omnes</span> <span class='ocrx_word' id='word_1_79' title='bbox 1076 1118 1139 1186; x_wconf 87' lang='lat' dir='ltr'>per</span> <span class='ocrx_word' id='word_1_80' title='bbox 1151 1117 1211 1166; x_wconf 78' lang='lat' dir='ltr'>uos</span> <span class='ocrx_word' id='word_1_81' title='bbox 1229 1099 1328 1166; x_wconf 81' lang='lat' dir='ltr'>ditati</span> <span class='ocrx_word' id='word_1_82' title='bbox 1343 1097 1400 1164; x_wconf 78' lang='lat' dir='ltr'>luo</span> 
     </span>
     <span class='ocr_line' id='line_1_10' title="bbox 270 1189 1401 1285; baseline 0.001 -21"><span class='ocrx_word' id='word_1_83' title='bbox 270 1199 382 1264; x_wconf 80' lang='lat' dir='ltr'>norell</span> <span class='ocrx_word' id='word_1_84' title='bbox 399 1201 432 1263; x_wconf 87' lang='lat' dir='ltr'>et</span> <span class='ocrx_word' id='word_1_85' title='bbox 449 1196 616 1264; x_wconf 76' lang='lat' dir='ltr'>sublimati</span> <span class='ocrx_word' id='word_1_86' title='bbox 639 1215 761 1264; x_wconf 82' lang='lat' dir='ltr'>sumus.</span> <span class='ocrx_word' id='word_1_87' title='bbox 787 1198 829 1266; x_wconf 88' lang='lat' dir='ltr'>Et</span> <span class='ocrx_word' id='word_1_88' title='bbox 840 1189 915 1266; x_wconf 85' lang='lat' dir='ltr'>&#39;hoo</span> <span class='ocrx_word' id='word_1_89' title='bbox 936 1197 1068 1285; x_wconf 89' lang='lat' dir='ltr'>quidem</span> <span class='ocrx_word' id='word_1_90' title='bbox 1088 1199 1300 1266; x_wconf 86' lang='lat' dir='ltr'>verissimum</span> <span class='ocrx_word' id='word_1_91' title='bbox 1326 1201 1401 1265; x_wconf 88' lang='lat' dir='ltr'>erat.</span> 
     </span>
     <span class='ocr_line' id='line_1_11' title="bbox 270 1295 1399 1385; baseline -0.001 -22"><span class='ocrx_word' id='word_1_92' title='bbox 270 1295 353 1364; x_wconf 91' lang='lat' dir='ltr'>Nam</span> <span class='ocrx_word' id='word_1_93' title='bbox 372 1295 613 1364; x_wconf 78' lang='lat' dir='ltr'><strong>Theodericum</strong></span> <span class='ocrx_word' id='word_1_94' title='bbox 631 1297 759 1364; x_wconf 91' lang='lat' dir='ltr'>electus</span> <span class='ocrx_word' id='word_1_95' title='bbox 776 1299 810 1364; x_wconf 93' lang='lat' dir='ltr'>in</span> <span class='ocrx_word' id='word_1_96' title='bbox 829 1297 1111 1385; x_wconf 88' lang='lat' dir='ltr'>archiepiscopum</span> <span class='ocrx_word' id='word_1_97' title='bbox 1134 1299 1244 1366; x_wconf 87' lang='lat' dir='ltr'>statim</span> <span class='ocrx_word' id='word_1_98' title='bbox 1267 1313 1399 1384; x_wconf 88' lang='lat' dir='ltr'>promo-</span> 
     </span>
     <span class='ocr_line' id='line_1_12' title="bbox 270 1395 1400 1486; baseline -0.002 -23"><span class='ocrx_word' id='word_1_99' title='bbox 270 1397 318 1463; x_wconf 91' lang='lat' dir='ltr'>vit</span> <span class='ocrx_word' id='word_1_100' title='bbox 334 1396 368 1462; x_wconf 89' lang='lat' dir='ltr'>in</span> <span class='ocrx_word' id='word_1_101' title='bbox 386 1397 502 1462; x_wconf 91' lang='lat' dir='ltr'>summi</span> <span class='ocrx_word' id='word_1_102' title='bbox 520 1396 632 1482; x_wconf 91' lang='lat' dir='ltr'>templi</span> <span class='ocrx_word' id='word_1_103' title='bbox 650 1397 873 1486; x_wconf 88' lang='lat' dir='ltr'>propositum,</span> <span class='ocrx_word' id='word_1_104' title='bbox 900 1414 940 1464; x_wconf 91' lang='lat' dir='ltr'>ao</span> <span class='ocrx_word' id='word_1_105' title='bbox 958 1395 1079 1464; x_wconf 92' lang='lat' dir='ltr'>deinde</span> <span class='ocrx_word' id='word_1_106' title='bbox 1097 1398 1129 1463; x_wconf 93' lang='lat' dir='ltr'>in</span> <span class='ocrx_word' id='word_1_107' title='bbox 1147 1395 1400 1464; x_wconf 85' lang='lat' dir='ltr'>Monastcrien-</span> 
     </span>
     <span class='ocr_line' id='line_1_13' title="bbox 272 1494 1399 1583; baseline -0.003 -22"><span class='ocrx_word' id='word_1_108' title='bbox 272 1512 345 1561; x_wconf 84' lang='lat' dir='ltr'>sem</span> <span class='ocrx_word' id='word_1_109' title='bbox 379 1495 591 1582; x_wconf 88' lang='lat' dir='ltr'>episcopum,</span> <span class='ocrx_word' id='word_1_110' title='bbox 618 1494 856 1580; x_wconf 83' lang='lat' dir='ltr'>Engelhertum</span> <span class='ocrx_word' id='word_1_111' title='bbox 890 1513 973 1563; x_wconf 89' lang='lat' dir='ltr'>vcro</span> <span class='ocrx_word' id='word_1_112' title='bbox 1002 1496 1036 1562; x_wconf 92' lang='lat' dir='ltr'>in</span> <span class='ocrx_word' id='word_1_113' title='bbox 1062 1496 1269 1583; x_wconf 73' lang='lat' dir='ltr'>prepositum</span> <span class='ocrx_word' id='word_1_114' title='bbox 1298 1495 1399 1561; x_wconf 87' lang='lat' dir='ltr'>saneti</span> 
     </span>
     <span class='ocr_line' id='line_1_14' title="bbox 272 1591 1399 1686; baseline -0.001 -26"><span class='ocrx_word' id='word_1_115' title='bbox 272 1591 408 1677; x_wconf 79' lang='lat' dir='ltr'>Georgii</span> <span class='ocrx_word' id='word_1_116' title='bbox 426 1597 596 1686; x_wconf 88' lang='lat' dir='ltr'>etposteu</span> <span class='ocrx_word' id='word_1_117' title='bbox 613 1594 647 1660; x_wconf 92' lang='lat' dir='ltr'>in</span> <span class='ocrx_word' id='word_1_118' title='bbox 666 1595 861 1682; x_wconf 91' lang='lat' dir='ltr'>episcopum</span> <span class='ocrx_word' id='word_1_119' title='bbox 880 1591 1176 1680; x_wconf 84' lang='lat' dir='ltr'>Osnnburgensem</span> <span class='ocrx_word' id='word_1_120' title='bbox 1186 1647 1195 1684; x_wconf 91' lang='lat'>,</span> <span class='ocrx_word' id='word_1_121' title='bbox 1224 1599 1257 1660; x_wconf 91' lang='lat' dir='ltr'>ot</span> <span class='ocrx_word' id='word_1_122' title='bbox 1277 1593 1399 1680; x_wconf 89' lang='lat' dir='ltr'>Philip-</span> 
     </span>
     <span class='ocr_line' id='line_1_15' title="bbox 270 1690 1441 1779; baseline 0 -21"><span class='ocrx_word' id='word_1_123' title='bbox 270 1709 349 1779; x_wconf 86' lang='lat' dir='ltr'>pum</span> <span class='ocrx_word' id='word_1_124' title='bbox 375 1690 506 1758; x_wconf 88' lang='lat' dir='ltr'>lratrem</span> <span class='ocrx_word' id='word_1_125' title='bbox 532 1691 661 1759; x_wconf 91' lang='lat' dir='ltr'>illorum</span> <span class='ocrx_word' id='word_1_126' title='bbox 684 1693 719 1759; x_wconf 93' lang='lat' dir='ltr'>in</span> <span class='ocrx_word' id='word_1_127' title='bbox 739 1711 866 1760; x_wconf 90' lang='lat' dir='ltr'>summa</span> <span class='ocrx_word' id='word_1_128' title='bbox 884 1691 1076 1761; x_wconf 80' lang='lat' dir='ltr'>Coloniensi</span> <span class='ocrx_word' id='word_1_129' title='bbox 1095 1693 1241 1761; x_wconf 89' lang='lat' dir='ltr'>ecclesia</span> <span class='ocrx_word' id='word_1_130' title='bbox 1258 1693 1399 1759; x_wconf 90' lang='lat' dir='ltr'>canoni·</span> <span class='ocrx_word' id='word_1_131' title='bbox 1440 1742 1441 1747; x_wconf 65' lang='lat'>,</span> 
     </span>
     <span class='ocr_line' id='line_1_16' title="bbox 272 1789 1440 1880; baseline -0.002 -22"><span class='ocrx_word' id='word_1_132' title='bbox 272 1807 346 1858; x_wconf 91' lang='lat' dir='ltr'>curn</span> <span class='ocrx_word' id='word_1_133' title='bbox 370 1795 404 1858; x_wconf 93' lang='lat' dir='ltr'>et</span> <span class='ocrx_word' id='word_1_134' title='bbox 429 1789 669 1858; x_wconf 89' lang='lat' dir='ltr'>thesaurarium</span> <span class='ocrx_word' id='word_1_135' title='bbox 694 1791 781 1858; x_wconf 90' lang='lat' dir='ltr'>lecit.</span> <span class='ocrx_word' id='word_1_136' title='bbox 807 1790 920 1878; x_wconf 81' lang='lat' dir='ltr'>Atque</span> <span class='ocrx_word' id='word_1_137' title='bbox 945 1809 987 1858; x_wconf 90' lang='lat' dir='ltr'>ec</span> <span class='ocrx_word' id='word_1_138' title='bbox 1004 1798 1161 1880; x_wconf 87' lang='lat' dir='ltr'>tempore</span> <span class='ocrx_word' id='word_1_139' title='bbox 1181 1807 1247 1878; x_wconf 89' lang='lat' dir='ltr'>qno</span> <span class='ocrx_word' id='word_1_140' title='bbox 1268 1792 1397 1858; x_wconf 90' lang='lat' dir='ltr'>occisus</span> <span class='ocrx_word' id='word_1_141' title='bbox 1439 1847 1440 1880; x_wconf 65' lang='lat'>,</span> 
     </span>
     <span class='ocr_line' id='line_1_17' title="bbox 272 1887 1399 1978; baseline -0.002 -21"><span class='ocrx_word' id='word_1_142' title='bbox 272 1894 325 1957; x_wconf 87' lang='lat' dir='ltr'>est</span> <span class='ocrx_word' id='word_1_143' title='bbox 350 1903 485 1977; x_wconf 87' lang='lat' dir='ltr'>operam</span> <span class='ocrx_word' id='word_1_144' title='bbox 511 1887 612 1956; x_wconf 91' lang='lat' dir='ltr'>dabat</span> <span class='ocrx_word' id='word_1_145' title='bbox 635 1895 672 1956; x_wconf 87' lang='lat' dir='ltr'>ut</span> <span class='ocrx_word' id='word_1_146' title='bbox 699 1891 809 1958; x_wconf 87' lang='lat' dir='ltr'>Bruno</span> <span class='ocrx_word' id='word_1_147' title='bbox 832 1889 933 1958; x_wconf 87' lang='lat' dir='ltr'>irater</span> <span class='ocrx_word' id='word_1_148' title='bbox 953 1908 1065 1958; x_wconf 89' lang='lat' dir='ltr'>eorum</span> <span class='ocrx_word' id='word_1_149' title='bbox 1091 1892 1283 1978; x_wconf 87' lang='lat' dir='ltr'>prepositus</span> <span class='ocrx_word' id='word_1_150' title='bbox 1312 1890 1399 1956; x_wconf 83' lang='lat' dir='ltr'>fieret</span> 
     </span>
     <span class='ocr_line' id='line_1_18' title="bbox 271 1986 1397 2073; baseline -0.003 -17"><span class='ocrx_word' id='word_1_151' title='bbox 271 1989 389 2056; x_wconf 89' lang='lat' dir='ltr'>summi</span> <span class='ocrx_word' id='word_1_152' title='bbox 414 1986 486 2055; x_wconf 91' lang='lat' dir='ltr'>edis</span> <span class='ocrx_word' id='word_1_153' title='bbox 513 1988 748 2056; x_wconf 81' lang='lat' dir='ltr'>&#39;lraiectensis</span> <span class='ocrx_word' id='word_1_154' title='bbox 783 1987 855 2068; x_wconf 87' lang='lat' dir='ltr'>Qne</span> <span class='ocrx_word' id='word_1_155' title='bbox 880 1987 1004 2058; x_wconf 88' lang='lat' dir='ltr'>idcireo</span> <span class='ocrx_word' id='word_1_156' title='bbox 1023 2005 1281 2058; x_wconf 85' lang='lat' dir='ltr'>commemorare</span> <span class='ocrx_word' id='word_1_157' title='bbox 1299 1989 1397 2073; x_wconf 91' lang='lat' dir='ltr'>volui,</span> 
     </span>
     <span class='ocr_line' id='line_1_19' title="bbox 270 2086 1442 2176; baseline -0.002 -22"><span class='ocrx_word' id='word_1_158' title='bbox 270 2091 308 2154; x_wconf 92' lang='lat' dir='ltr'>ut</span> <span class='ocrx_word' id='word_1_159' title='bbox 331 2088 437 2154; x_wconf 86' lang='lat' dir='ltr'>lector</span> <span class='ocrx_word' id='word_1_160' title='bbox 463 2095 649 2173; x_wconf 81' lang='lat' dir='ltr'>cognoscat</span> <span class='ocrx_word' id='word_1_161' title='bbox 673 2089 803 2174; x_wconf 85' lang='lat' dir='ltr'>qualem</span> <span class='ocrx_word' id='word_1_162' title='bbox 831 2089 861 2156; x_wconf 89' lang='lat' dir='ltr'>ei</span> <span class='ocrx_word' id='word_1_163' title='bbox 884 2089 990 2156; x_wconf 88' lang='lat' dir='ltr'>vicem</span> <span class='ocrx_word' id='word_1_164' title='bbox 1016 2087 1238 2176; x_wconf 86' lang='lat' dir='ltr'>rependerint.</span> <span class='ocrx_word' id='word_1_165' title='bbox 1272 2086 1398 2154; x_wconf 81' lang='lat' dir='ltr'>Revera</span> <span class='ocrx_word' id='word_1_166' title='bbox 1439 2093 1442 2142; x_wconf 89' lang='lat' dir='ltr'>l</span> 
     </span>
     <span class='ocr_line' id='line_1_20' title="bbox 271 2185 1442 2276; baseline -0.001 -24"><span class='ocrx_word' id='word_1_167' title='bbox 271 2185 492 2254; x_wconf 79' lang='lat' dir='ltr'>retribuerunt</span> <span class='ocrx_word' id='word_1_168' title='bbox 517 2187 549 2253; x_wconf 93' lang='lat' dir='ltr'>ei</span> <span class='ocrx_word' id='word_1_169' title='bbox 574 2186 660 2254; x_wconf 89' lang='lat' dir='ltr'>mala</span> <span class='ocrx_word' id='word_1_170' title='bbox 684 2205 745 2274; x_wconf 93' lang='lat' dir='ltr'>pro</span> <span class='ocrx_word' id='word_1_171' title='bbox 770 2187 886 2276; x_wconf 88' lang='lat' dir='ltr'>honis,</span> <span class='ocrx_word' id='word_1_172' title='bbox 914 2193 948 2254; x_wconf 90' lang='lat' dir='ltr'>et</span> <span class='ocrx_word' id='word_1_173' title='bbox 972 2205 1045 2254; x_wconf 91' lang='lat' dir='ltr'>cum</span> <span class='ocrx_word' id='word_1_174' title='bbox 1070 2187 1265 2274; x_wconf 85' lang='lat' dir='ltr'>loqueretur</span> <span class='ocrx_word' id='word_1_175' title='bbox 1286 2187 1351 2253; x_wconf 92' lang='lat' dir='ltr'>illis</span> <span class='ocrx_word' id='word_1_176' title='bbox 1369 2191 1399 2252; x_wconf 92' lang='lat' dir='ltr'>et</span> <span class='ocrx_word' id='word_1_177' title='bbox 1439 2193 1442 2240; x_wconf 85' lang='lat' dir='ltr'>l</span> 
     </span>
     <span class='ocr_line' id='line_1_21' title="bbox 270 2283 1442 2373; baseline 0.003 -23"><span class='ocrx_word' id='word_1_178' title='bbox 270 2301 332 2372; x_wconf 90' lang='lat' dir='ltr'>pro</span> <span class='ocrx_word' id='word_1_179' title='bbox 346 2285 413 2351; x_wconf 90' lang='lat' dir='ltr'>illis</span> <span class='ocrx_word' id='word_1_180' title='bbox 431 2283 555 2352; x_wconf 89' lang='lat' dir='ltr'>bunum</span> <span class='ocrx_word' id='word_1_181' title='bbox 571 2285 810 2373; x_wconf 74' lang='lat' dir='ltr'>impugnabant</span> <span class='ocrx_word' id='word_1_182' title='bbox 826 2304 901 2354; x_wconf 89' lang='lat' dir='ltr'>eum</span> <span class='ocrx_word' id='word_1_183' title='bbox 916 2287 1029 2372; x_wconf 82' lang='lat' dir='ltr'>gratis.</span> <span class='ocrx_word' id='word_1_184' title='bbox 1441 2309 1442 2312; x_wconf 44' lang='lat'>¹</span> 
     </span>
     <span class='ocr_line' id='line_1_22' title="bbox 276 2374 1442 2478; baseline 0 -28"><span class='ocrx_word' id='word_1_185' title='bbox 276 2468 278 2471; x_wconf 15' lang='grc' dir='ltr'>Ι</span> <span class='ocrx_word' id='word_1_186' title='bbox 345 2383 456 2467; x_wconf 79' lang='lat' dir='ltr'>Capul</span> <span class='ocrx_word' id='word_1_187' title='bbox 473 2385 626 2468; x_wconf 80' lang='lat' dir='ltr'>quintum.</span> <span class='ocrx_word' id='word_1_188' title='bbox 654 2383 774 2452; x_wconf 89' lang='lat' dir='ltr'>Comes</span> <span class='ocrx_word' id='word_1_189' title='bbox 796 2383 1001 2478; x_wconf 77' lang='lat' dir='ltr'>Fridericns,</span> <span class='ocrx_word' id='word_1_190' title='bbox 1025 2392 1062 2452; x_wconf 87' lang='lat' dir='ltr'>ut.</span> <span class='ocrx_word' id='word_1_191' title='bbox 1086 2391 1284 2471; x_wconf 89' lang='lat' dir='ltr'>conceptam</span> <span class='ocrx_word' id='word_1_192' title='bbox 1303 2384 1395 2450; x_wconf 90' lang='lat' dir='ltr'>mali·</span> <span class='ocrx_word' id='word_1_193' title='bbox 1436 2374 1442 2438; x_wconf 65' lang='lat' dir='ltr'>‘s</span> 
     </span>
     <span class='ocr_line' id='line_1_23' title="bbox 271 2480 1442 2580; baseline 0.001 -32"><span class='ocrx_word' id='word_1_194' title='bbox 271 2482 348 2548; x_wconf 90' lang='lat' dir='ltr'>tiam</span> <span class='ocrx_word' id='word_1_195' title='bbox 373 2481 491 2548; x_wconf 87' lang='lat' dir='ltr'>melius</span> <span class='ocrx_word' id='word_1_196' title='bbox 515 2480 725 2550; x_wconf 86' lang='lat' dir='ltr'>dissimulare</span> <span class='ocrx_word' id='word_1_197' title='bbox 746 2490 882 2573; x_wconf 88' lang='lat' dir='ltr'>posset,</span> <span class='ocrx_word' id='word_1_198' title='bbox 901 2484 1067 2570; x_wconf 90' lang='lat' dir='ltr'>perbono</span> <span class='ocrx_word' id='word_1_199' title='bbox 1089 2484 1182 2570; x_wconf 90' lang='lat' dir='ltr'>pacis</span> <span class='ocrx_word' id='word_1_200' title='bbox 1202 2485 1269 2570; x_wconf 89' lang='lat' dir='ltr'>ipsi</span> <span class='ocrx_word' id='word_1_201' title='bbox 1291 2502 1311 2551; x_wconf 87' lang='lat' dir='ltr'>a</span> <span class='ocrx_word' id='word_1_202' title='bbox 1333 2481 1395 2550; x_wconf 88' lang='lat' dir='ltr'>do·</span> <span class='ocrx_word' id='word_1_203' title='bbox 1438 2509 1442 2580; x_wconf 46' lang='lat' dir='ltr'>,j</span> 
     </span>
     <span class='ocr_line' id='line_1_24' title="bbox 270 2581 1442 2670; baseline 0 -23"><span class='ocrx_word' id='word_1_204' title='bbox 270 2581 361 2648; x_wconf 92' lang='lat' dir='ltr'>mino</span> <span class='ocrx_word' id='word_1_205' title='bbox 379 2581 541 2669; x_wconf 85' lang='lat' dir='ltr'>episeopo</span> <span class='ocrx_word' id='word_1_206' title='bbox 561 2581 672 2650; x_wconf 90' lang='lat' dir='ltr'>oblata</span> <span class='ocrx_word' id='word_1_207' title='bbox 689 2581 894 2650; x_wconf 84' lang='lat' dir='ltr'>verbotenus</span> <span class='ocrx_word' id='word_1_208' title='bbox 913 2583 1118 2670; x_wconf 74' lang='lat' dir='ltr'>acceptavit,</span> <span class='ocrx_word' id='word_1_209' title='bbox 1144 2598 1217 2649; x_wconf 89' lang='lat' dir='ltr'>cum</span> <span class='ocrx_word' id='word_1_210' title='bbox 1238 2599 1279 2648; x_wconf 91' lang='lat' dir='ltr'>eo</span> <span class='ocrx_word' id='word_1_211' title='bbox 1298 2599 1317 2648; x_wconf 89' lang='lat' dir='ltr'>a</span> <span class='ocrx_word' id='word_1_212' title='bbox 1336 2581 1396 2648; x_wconf 92' lang='lat' dir='ltr'>Su·</span> <span class='ocrx_word' id='word_1_213' title='bbox 1441 2591 1442 2634; x_wconf 71' lang='grc' dir='ltr'>ἐ</span> 
     </span>
     <span class='ocr_line' id='line_1_25' title="bbox 271 2679 1442 2770; baseline -0.003 -22"><span class='ocrx_word' id='word_1_214' title='bbox 271 2685 347 2748; x_wconf 87' lang='lat' dir='ltr'>sato</span> <span class='ocrx_word' id='word_1_215' title='bbox 367 2681 502 2769; x_wconf 90' lang='lat' dir='ltr'>exiens,</span> <span class='ocrx_word' id='word_1_216' title='bbox 522 2698 663 2767; x_wconf 88' lang='lat' dir='ltr'>eumque</span> <span class='ocrx_word' id='word_1_217' title='bbox 679 2687 745 2748; x_wconf 82' lang='lat' dir='ltr'>tam</span> <span class='ocrx_word' id='word_1_218' title='bbox 761 2679 962 2749; x_wconf 77' lang='lat' dir='ltr'>familiariter</span> <span class='ocrx_word' id='word_1_219' title='bbox 984 2680 1157 2748; x_wconf 90' lang='lat' dir='ltr'>deducens</span> <span class='ocrx_word' id='word_1_220' title='bbox 1164 2733 1174 2770; x_wconf 94' lang='lat'>,</span> <span class='ocrx_word' id='word_1_221' title='bbox 1199 2687 1236 2747; x_wconf 92' lang='lat' dir='ltr'>nt</span> <span class='ocrx_word' id='word_1_222' title='bbox 1258 2681 1290 2748; x_wconf 90' lang='lat' dir='ltr'>ei</span> <span class='ocrx_word' id='word_1_223' title='bbox 1307 2681 1395 2767; x_wconf 92' lang='lat' dir='ltr'>epis·</span> <span class='ocrx_word' id='word_1_224' title='bbox 1441 2691 1442 2696; x_wconf 74' lang='grc'>’</span> 
     </span>
     <span class='ocr_line' id='line_1_26' title="bbox 271 2778 1394 2866; baseline -0.002 -20"><span class='ocrx_word' id='word_1_225' title='bbox 271 2796 378 2866; x_wconf 89' lang='lat' dir='ltr'>copus</span> <span class='ocrx_word' id='word_1_226' title='bbox 400 2778 541 2847; x_wconf 89' lang='lat' dir='ltr'>diceret:</span> <span class='ocrx_word' id='word_1_227' title='bbox 569 2781 731 2865; x_wconf 81' lang='lat' dir='ltr'>Copoote&#39;,</span> <span class='ocrx_word' id='word_1_228' title='bbox 747 2797 822 2848; x_wconf 86' lang='lat' dir='ltr'>oum</span> <span class='ocrx_word' id='word_1_229' title='bbox 839 2781 944 2847; x_wconf 85' lang='lat' dir='ltr'>molto</span> <span class='ocrx_word' id='word_1_230' title='bbox 957 2781 1148 2847; x_wconf 75' lang='lat' dir='ltr'>temedium</span> <span class='ocrx_word' id='word_1_231' title='bbox 1164 2779 1264 2848; x_wconf 72' lang='lat' dir='ltr'>umet</span> <span class='ocrx_word' id='word_1_232' title='bbox 1283 2796 1394 2846; x_wconf 82' lang='lat' dir='ltr'>moeu-</span> 
     </span>
     <span class='ocr_line' id='line_1_27' title="bbox 270 2877 1442 2964; baseline -0.002 -20"><span class='ocrx_word' id='word_1_233' title='bbox 270 2877 383 2952; x_wconf 77' lang='lat' dir='ltr'>demoa</span> <span class='ocrx_word' id='word_1_234' title='bbox 398 2877 446 2944; x_wconf 85' lang='lat' dir='ltr'>od</span> <span class='ocrx_word' id='word_1_235' title='bbox 462 2877 627 2944; x_wconf 81' lang='lat' dir='ltr'>solennem</span> <span class='ocrx_word' id='word_1_236' title='bbox 640 2879 730 2964; x_wconf 74' lang='lat' dir='ltr'>repis</span> <span class='ocrx_word' id='word_1_237' title='bbox 746 2882 780 2945; x_wconf 81' lang='lat' dir='ltr'>ei</span> <span class='ocrx_word' id='word_1_238' title='bbox 788 2880 977 2964; x_wconf 82' lang='lat' dir='ltr'>principum</span> <span class='ocrx_word' id='word_1_239' title='bbox 991 2882 1183 2946; x_wconf 77' lang='lat' dir='ltr'>concordam</span> <span class='ocrx_word' id='word_1_240' title='bbox 1198 2881 1254 2963; x_wconf 80' lang='lat' dir='ltr'>qui</span> <span class='ocrx_word' id='word_1_241' title='bbox 1270 2877 1392 2944; x_wconf 85' lang='lat' dir='ltr'>Noren—</span> <span class='ocrx_word' id='word_1_242' title='bbox 1441 2901 1442 2904; x_wconf 41' lang='lat'>¹</span> 
     </span>
     <span class='ocr_line' id='line_1_28' title="bbox 271 2973 1442 3066; baseline -0.001 -25"><span class='ocrx_word' id='word_1_243' title='bbox 271 2973 370 3060; x_wconf 78' lang='lat' dir='ltr'>derpe</span> <span class='ocrx_word' id='word_1_244' title='bbox 380 2975 611 3043; x_wconf 79' lang='lat' dir='ltr'>celebrabitur.</span> <span class='ocrx_word' id='word_1_245' title='bbox 630 2977 749 3046; x_wconf 79' lang='lat' dir='ltr'>Sciens</span> <span class='ocrx_word' id='word_1_246' title='bbox 763 2981 871 3046; x_wconf 88' lang='lat' dir='ltr'>autem</span> <span class='ocrx_word' id='word_1_247' title='bbox 886 2976 1072 3046; x_wconf 85' lang='lat' dir='ltr'>Fridericus</span> <span class='ocrx_word' id='word_1_248' title='bbox 1088 2976 1177 3066; x_wconf 89' lang='lat' dir='ltr'>quod</span> <span class='ocrx_word' id='word_1_249' title='bbox 1194 2984 1329 3064; x_wconf 82' lang='lat' dir='ltr'>postera</span> <span class='ocrx_word' id='word_1_250' title='bbox 1346 2975 1391 3042; x_wconf 88' lang='lat' dir='ltr'>die</span> <span class='ocrx_word' id='word_1_251' title='bbox 1441 2975 1442 2992; x_wconf 64' lang='lat'>¹</span> 
     </span>
     <span class='ocr_line' id='line_1_29' title="bbox 272 3072 1392 3166; baseline 0.001 -26"><span class='ocrx_word' id='word_1_252' title='bbox 272 3072 486 3142; x_wconf 86' lang='lat' dir='ltr'>dedicaturus</span> <span class='ocrx_word' id='word_1_253' title='bbox 511 3082 604 3142; x_wconf 90' lang='lat' dir='ltr'>esset</span> <span class='ocrx_word' id='word_1_254' title='bbox 632 3075 809 3144; x_wconf 89' lang='lat' dir='ltr'>ecelesiam</span> <span class='ocrx_word' id='word_1_255' title='bbox 828 3077 863 3144; x_wconf 92' lang='lat' dir='ltr'>in</span> <span class='ocrx_word' id='word_1_256' title='bbox 887 3076 1051 3166; x_wconf 76' lang='lat' dir='ltr'>Strenue,</span> <span class='ocrx_word' id='word_1_257' title='bbox 1077 3075 1190 3144; x_wconf 87' lang='lat' dir='ltr'>oblata</span> <span class='ocrx_word' id='word_1_258' title='bbox 1211 3076 1276 3143; x_wconf 90' lang='lat' dir='ltr'>hac</span> <span class='ocrx_word' id='word_1_259' title='bbox 1301 3092 1392 3143; x_wconf 89' lang='lat' dir='ltr'>occa-</span> 
     </span>
     <span class='ocr_line' id='line_1_30' title="bbox 272 3169 1390 3262; baseline -0.002 -25"><span class='ocrx_word' id='word_1_260' title='bbox 272 3173 378 3260; x_wconf 84' lang='lat' dir='ltr'>sione,</span> <span class='ocrx_word' id='word_1_261' title='bbox 398 3173 550 3260; x_wconf 87' lang='lat' dir='ltr'>excmplo</span> <span class='ocrx_word' id='word_1_262' title='bbox 564 3169 652 3242; x_wconf 85' lang='lat' dir='ltr'>lude</span> <span class='ocrx_word' id='word_1_263' title='bbox 668 3176 763 3262; x_wconf 89' lang='lat' dir='ltr'>petiit</span> <span class='ocrx_word' id='word_1_264' title='bbox 777 3175 943 3242; x_wconf 85' lang='lat' dir='ltr'>licentiam</span> <span class='ocrx_word' id='word_1_265' title='bbox 962 3175 1178 3262; x_wconf 85' lang='lat' dir='ltr'>abepiscopo</span> <span class='ocrx_word' id='word_1_266' title='bbox 1194 3171 1390 3242; x_wconf 89' lang='lat' dir='ltr'>discedendi.</span> 
     </span>
     <span class='ocr_line' id='line_1_31' title="bbox 272 3269 1390 3362; baseline -0.004 -23"><span class='ocrx_word' id='word_1_267' title='bbox 272 3269 396 3356; x_wconf 88' lang='lat' dir='ltr'>Sioque</span> <span class='ocrx_word' id='word_1_268' title='bbox 412 3269 454 3338; x_wconf 91' lang='lat' dir='ltr'>ad</span> <span class='ocrx_word' id='word_1_269' title='bbox 470 3273 632 3340; x_wconf 87' lang='lat' dir='ltr'>satellites</span> <span class='ocrx_word' id='word_1_270' title='bbox 653 3291 736 3341; x_wconf 89' lang='lat' dir='ltr'>snos</span> <span class='ocrx_word' id='word_1_271' title='bbox 753 3273 866 3362; x_wconf 88' lang='lat' dir='ltr'>rediit,</span> <span class='ocrx_word' id='word_1_272' title='bbox 887 3291 1015 3360; x_wconf 84' lang='lat' dir='ltr'>eosque</span> <span class='ocrx_word' id='word_1_273' title='bbox 1034 3274 1176 3341; x_wconf 90' lang='lat' dir='ltr'>diversis</span> <span class='ocrx_word' id='word_1_274' title='bbox 1196 3275 1229 3340; x_wconf 91' lang='lat' dir='ltr'>in</span> <span class='ocrx_word' id='word_1_275' title='bbox 1246 3274 1328 3341; x_wconf 89' lang='lat' dir='ltr'>locis</span> <span class='ocrx_word' id='word_1_276' title='bbox 1342 3273 1390 3336; x_wconf 89' lang='lat' dir='ltr'>in-</span> 
     </span>
     <span class='ocr_line' id='line_1_32' title="bbox 272 3367 1389 3460; baseline -0.004 -24"><span class='ocrx_word' id='word_1_277' title='bbox 272 3367 378 3437; x_wconf 85' lang='lat' dir='ltr'>sidias</span> <span class='ocrx_word' id='word_1_278' title='bbox 407 3369 546 3439; x_wconf 89' lang='lat' dir='ltr'>tendere</span> <span class='ocrx_word' id='word_1_279' title='bbox 568 3373 685 3460; x_wconf 88' lang='lat' dir='ltr'>iussit,</span> <span class='ocrx_word' id='word_1_280' title='bbox 711 3371 857 3458; x_wconf 80' lang='lat' dir='ltr'>quidque</span> <span class='ocrx_word' id='word_1_281' title='bbox 882 3371 1029 3440; x_wconf 88' lang='lat' dir='ltr'>lacerent</span> <span class='ocrx_word' id='word_1_282' title='bbox 1051 3373 1231 3460; x_wconf 89' lang='lat' dir='ltr'>instruxit,</span> <span class='ocrx_word' id='word_1_283' title='bbox 1261 3380 1294 3439; x_wconf 92' lang='lat' dir='ltr'>et</span> <span class='ocrx_word' id='word_1_284' title='bbox 1314 3369 1389 3438; x_wconf 91' lang='lat' dir='ltr'>omni</span> 
     </span>
     <span class='ocr_line' id='line_1_33' title="bbox 271 3469 1389 3556; baseline -0.003 -20"><span class='ocrx_word' id='word_1_285' title='bbox 271 3485 337 3556; x_wconf 79' lang='lat' dir='ltr'>quo</span> <span class='ocrx_word' id='word_1_286' title='bbox 355 3469 461 3556; x_wconf 88' lang='lat' dir='ltr'>potuit</span> <span class='ocrx_word' id='word_1_287' title='bbox 483 3469 594 3538; x_wconf 91' lang='lat' dir='ltr'>studio</span> <span class='ocrx_word' id='word_1_288' title='bbox 617 3469 660 3536; x_wconf 93' lang='lat' dir='ltr'>ad</span> <span class='ocrx_word' id='word_1_289' title='bbox 678 3470 809 3538; x_wconf 87' lang='lat' dir='ltr'>lacinus</span> <span class='ocrx_word' id='word_1_290' title='bbox 829 3473 995 3538; x_wconf 86' lang='lat' dir='ltr'>animarit.</span> <span class='ocrx_word' id='word_1_291' title='bbox 1021 3471 1100 3539; x_wconf 86' lang='lat' dir='ltr'>Erat</span> <span class='ocrx_word' id='word_1_292' title='bbox 1115 3477 1181 3538; x_wconf 88' lang='lat' dir='ltr'>tum</span> <span class='ocrx_word' id='word_1_293' title='bbox 1202 3479 1300 3538; x_wconf 87' lang='lat' dir='ltr'>sexta</span> <span class='ocrx_word' id='word_1_294' title='bbox 1320 3469 1389 3536; x_wconf 86' lang='lat' dir='ltr'>leria</span> 
     </span>
     <span class='ocr_line' id='line_1_34' title="bbox 270 3565 1389 3660; baseline -0.004 -26"><span class='ocrx_word' id='word_1_295' title='bbox 270 3573 350 3654; x_wconf 86' lang='lat' dir='ltr'>post</span> <span class='ocrx_word' id='word_1_296' title='bbox 373 3567 493 3636; x_wconf 86' lang='lat' dir='ltr'>lestunr</span> <span class='ocrx_word' id='word_1_297' title='bbox 519 3565 670 3636; x_wconf 88' lang='lat' dir='ltr'>Omnium</span> <span class='ocrx_word' id='word_1_298' title='bbox 697 3569 891 3638; x_wconf 89' lang='lat' dir='ltr'>Sanctorum</span> <span class='ocrx_word' id='word_1_299' title='bbox 912 3567 1025 3659; x_wconf 84' lang='lat'>[1225</span> <span class='ocrx_word' id='word_1_300' title='bbox 1044 3587 1121 3638; x_wconf 92' lang='lat' dir='ltr'>nuv.</span> <span class='ocrx_word' id='word_1_301' title='bbox 1142 3567 1180 3660; x_wconf 83' lang='lat'>7]</span> <span class='ocrx_word' id='word_1_302' title='bbox 1192 3621 1202 3658; x_wconf 92' lang='lat'>,</span> <span class='ocrx_word' id='word_1_303' title='bbox 1222 3575 1257 3636; x_wconf 88' lang='lat' dir='ltr'>et</span> <span class='ocrx_word' id='word_1_304' title='bbox 1274 3566 1389 3636; x_wconf 85' lang='lat' dir='ltr'>Domini</span> 
     </span>
     <span class='ocr_line' id='line_1_35' title="bbox 272 3665 1388 3756; baseline -0.004 -24"><span class='ocrx_word' id='word_1_305' title='bbox 272 3666 413 3755; x_wconf 83' lang='lat' dir='ltr'>electus,</span> <span class='ocrx_word' id='word_1_306' title='bbox 429 3666 547 3736; x_wconf 88' lang='lat' dir='ltr'>eodem</span> <span class='ocrx_word' id='word_1_307' title='bbox 561 3666 616 3735; x_wconf 91' lang='lat' dir='ltr'>die</span> <span class='ocrx_word' id='word_1_308' title='bbox 639 3669 766 3735; x_wconf 86' lang='lat' dir='ltr'>sanetis</span> <span class='ocrx_word' id='word_1_309' title='bbox 788 3669 942 3736; x_wconf 88' lang='lat' dir='ltr'>omnibus</span> <span class='ocrx_word' id='word_1_310' title='bbox 964 3686 1024 3756; x_wconf 92' lang='lat' dir='ltr'>per</span> <span class='ocrx_word' id='word_1_311' title='bbox 1052 3670 1201 3736; x_wconf 88' lang='lat' dir='ltr'>meritrrm</span> <span class='ocrx_word' id='word_1_312' title='bbox 1231 3665 1388 3756; x_wconf 88' lang='lat' dir='ltr'>passionis</span> 
     </span>
     <span class='ocr_line' id='line_1_36' title="bbox 273 3765 1388 3854; baseline -0.001 -26"><span class='ocrx_word' id='word_1_313' title='bbox 273 3765 471 3854; x_wconf 80' lang='lat' dir='ltr'>sociamine,</span> <span class='ocrx_word' id='word_1_314' title='bbox 488 3765 530 3834; x_wconf 89' lang='lat' dir='ltr'>ad</span> <span class='ocrx_word' id='word_1_315' title='bbox 558 3765 778 3834; x_wconf 88' lang='lat' dir='ltr'>dedicationis</span> <span class='ocrx_word' id='word_1_316' title='bbox 794 3766 901 3834; x_wconf 87' lang='lat' dir='ltr'>locum</span> <span class='ocrx_word' id='word_1_317' title='bbox 922 3768 1053 3834; x_wconf 91' lang='lat' dir='ltr'>ieiunus</span> <span class='ocrx_word' id='word_1_318' title='bbox 1081 3768 1194 3834; x_wconf 87' lang='lat' dir='ltr'>venire</span> <span class='ocrx_word' id='word_1_319' title='bbox 1218 3765 1388 3835; x_wconf 87' lang='lat' dir='ltr'>constituit.</span> 
     </span>
     <span class='ocr_line' id='line_1_37' title="bbox 271 3861 1388 3953; baseline -0.002 -25"><span class='ocrx_word' id='word_1_320' title='bbox 271 3861 399 3930; x_wconf 88' lang='lat' dir='ltr'>Eodem</span> <span class='ocrx_word' id='word_1_321' title='bbox 423 3870 534 3932; x_wconf 87' lang='lat' dir='ltr'>autem</span> <span class='ocrx_word' id='word_1_322' title='bbox 556 3865 610 3933; x_wconf 93' lang='lat' dir='ltr'>die</span> <span class='ocrx_word' id='word_1_323' title='bbox 636 3867 779 3932; x_wconf 85' lang='lat' dir='ltr'>occurrit</span> <span class='ocrx_word' id='word_1_324' title='bbox 804 3867 834 3932; x_wconf 90' lang='lat' dir='ltr'>ei</span> <span class='ocrx_word' id='word_1_325' title='bbox 855 3865 956 3934; x_wconf 88' lang='lat' dir='ltr'>vidua</span> <span class='ocrx_word' id='word_1_326' title='bbox 987 3865 1130 3953; x_wconf 88' lang='lat' dir='ltr'>qaedam</span> <span class='ocrx_word' id='word_1_327' title='bbox 1153 3881 1256 3953; x_wconf 89' lang='lat' dir='ltr'>super</span> <span class='ocrx_word' id='word_1_328' title='bbox 1273 3863 1388 3932; x_wconf 90' lang='lat' dir='ltr'>duabus</span> 
     </span>
     <span class='ocr_line' id='line_1_38' title="bbox 272 3962 1389 4050; baseline 0 -24"><span class='ocrx_word' id='word_1_329' title='bbox 272 3962 385 4028; x_wconf 86' lang='lat' dir='ltr'>causis</span> <span class='ocrx_word' id='word_1_330' title='bbox 410 3963 473 4030; x_wconf 85' lang='lat' dir='ltr'>suh</span> <span class='ocrx_word' id='word_1_331' title='bbox 492 3963 594 4032; x_wconf 87' lang='lat' dir='ltr'>divini</span> <span class='ocrx_word' id='word_1_332' title='bbox 615 3965 759 4032; x_wconf 89' lang='lat' dir='ltr'>nominis</span> <span class='ocrx_word' id='word_1_333' title='bbox 783 3963 1008 4032; x_wconf 85' lang='lat' dir='ltr'>obtestatione</span> <span class='ocrx_word' id='word_1_334' title='bbox 1020 3965 1177 4050; x_wconf 84' lang='lat' dir='ltr'>iuditium</span> <span class='ocrx_word' id='word_1_335' title='bbox 1192 3965 1282 4035; x_wconf 92' lang='lat' dir='ltr'>illius</span> <span class='ocrx_word' id='word_1_336' title='bbox 1300 3962 1389 4047; x_wconf 83' lang='lat' dir='ltr'>llagi-</span> 
     </span>
     <span class='ocr_line' id='line_1_39' title="bbox 271 4059 1388 4152; baseline 0 -28"><span class='ocrx_word' id='word_1_337' title='bbox 271 4067 357 4125; x_wconf 88' lang='lat' dir='ltr'>tuns.</span> <span class='ocrx_word' id='word_1_338' title='bbox 385 4059 486 4128; x_wconf 83' lang='lat' dir='ltr'>Cuius</span> <span class='ocrx_word' id='word_1_339' title='bbox 502 4061 743 4130; x_wconf 87' lang='lat' dir='ltr'>vociferatione</span> <span class='ocrx_word' id='word_1_340' title='bbox 761 4063 920 4132; x_wconf 87' lang='lat' dir='ltr'>sacerdos</span> <span class='ocrx_word' id='word_1_341' title='bbox 937 4063 1190 4132; x_wconf 89' lang='lat' dir='ltr'>deiecmmotus</span> <span class='ocrx_word' id='word_1_342' title='bbox 1200 4115 1210 4152; x_wconf 87' lang='lat'>,</span> <span class='ocrx_word' id='word_1_343' title='bbox 1228 4078 1272 4130; x_wconf 90' lang='lat' dir='ltr'>ne</span> <span class='ocrx_word' id='word_1_344' title='bbox 1289 4063 1319 4128; x_wconf 94' lang='lat' dir='ltr'>in</span> <span class='ocrx_word' id='word_1_345' title='bbox 1335 4061 1388 4126; x_wconf 76' lang='lat' dir='ltr'>lano</span> 
     </span>
     <span class='ocr_line' id='line_1_40' title="bbox 270 4155 1389 4249; baseline 0 -26"><span class='ocrx_word' id='word_1_346' title='bbox 270 4155 406 4225; x_wconf 88' lang='lat' dir='ltr'>inlerior</span> <span class='ocrx_word' id='word_1_347' title='bbox 421 4158 587 4228; x_wconf 86' lang='lat' dir='ltr'>videretur</span> <span class='ocrx_word' id='word_1_348' title='bbox 607 4161 717 4240; x_wconf 86' lang='lat' dir='ltr'>iudice</span> <span class='ocrx_word' id='word_1_349' title='bbox 737 4161 795 4230; x_wconf 93' lang='lat' dir='ltr'>illo</span> <span class='ocrx_word' id='word_1_350' title='bbox 814 4163 997 4248; x_wconf 84' lang='lat' dir='ltr'>iniquitatis</span> <span class='ocrx_word' id='word_1_351' title='bbox 1015 4161 1057 4230; x_wconf 87' lang='lat' dir='ltr'>da</span> <span class='ocrx_word' id='word_1_352' title='bbox 1069 4178 1145 4249; x_wconf 78' lang='lat' dir='ltr'>=quo</span> <span class='ocrx_word' id='word_1_353' title='bbox 1171 4161 1324 4230; x_wconf 90' lang='lat' dir='ltr'>dominus</span> <span class='ocrx_word' id='word_1_354' title='bbox 1341 4157 1389 4224; x_wconf 85' lang='lat' dir='ltr'>di·</span> 
     </span>
     <span class='ocr_line' id='line_1_41' title="bbox 273 4257 1387 4346; baseline 0.001 -24"><span class='ocrx_word' id='word_1_355' title='bbox 273 4257 318 4322; x_wconf 90' lang='lat' dir='ltr'>eit</span> <span class='ocrx_word' id='word_1_356' title='bbox 339 4257 374 4324; x_wconf 95' lang='lat' dir='ltr'>in</span> <span class='ocrx_word' id='word_1_357' title='bbox 395 4258 572 4343; x_wconf 72' lang='lat' dir='ltr'>evangelio</span> <span class='ocrx_word' id='word_1_358' title='bbox 583 4309 604 4346; x_wconf 79' lang='lat'>„</span> <span class='ocrx_word' id='word_1_359' title='bbox 618 4259 707 4345; x_wconf 84' lang='lat' dir='ltr'>quod</span> <span class='ocrx_word' id='word_1_360' title='bbox 724 4277 788 4328; x_wconf 90' lang='lat' dir='ltr'>nec</span> <span class='ocrx_word' id='word_1_361' title='bbox 809 4261 906 4328; x_wconf 87' lang='lat' dir='ltr'>deum</span> <span class='ocrx_word' id='word_1_362' title='bbox 927 4261 1141 4330; x_wconf 85' lang='lat' dir='ltr'>tirntbatnec</span> <span class='ocrx_word' id='word_1_363' title='bbox 1158 4261 1323 4330; x_wconf 87' lang='lat' dir='ltr'>hominem</span> <span class='ocrx_word' id='word_1_364' title='bbox 1340 4273 1387 4324; x_wconf 86' lang='lat' dir='ltr'>re-</span> 
     </span>
    </p>
   </div>
   <div class='ocr_carea' id='block_1_3' title="bbox 0 0 1450 4832">
    <p class='ocr_par' dir='ltr' id='par_1_3' title="bbox 0 0 1450 4832">
     <span class='ocr_line' id='line_1_42' title="bbox 0 0 1450 4832; baseline 0 0"><span class='ocrx_word' id='word_1_365' title='bbox 0 0 1450 4832; x_wconf 95' lang='lat' dir='ltr'> </span> 
     </span>
    </p>
   </div>
  </div>
 </body>
</html>
