2886 4834
400 233 562 280 onnomcou
584 233 791 280 oouulurrursa.
1116 207 1159 274 59

18 345 20 472 ξ
59 393 88 442 s
91 391 162 440 mma
192 388 322 459 semper
347 374 454 440 extitit
476 377 681 460 paupertate.
717 371 852 486 Propter
871 371 935 438 beo
963 379 997 438 et
1019 373 1082 438 alia
1106 389 1163 440 rex
1183 383 1249 438 raro

18 477 20 514 ξ
59 471 192 541 bohemie
216 469 312 538 lilium
341 489 445 560 suam,
468 490 565 558 quam
591 471 657 538 lilio
690 472 781 556 regis
805 469 934 537 liudolfi
957 472 1164 539 matrimonio

18 629 19 634 ,
58 589 87 639 eo
89 569 262 658 pulaverat‚
284 569 461 638 monialem
478 569 556 636 leoit
579 571 637 637 et
627 587 661 636 m
679 569 859 636 oleastrum
884 568 1089 637 dominarum
1105 587 1162 637 or-

58 671 126 737 dinis
142 667 305 734 blinorum
330 667 557 757 sollempniter
581 668 765 736 oolloeavit.
794 667 874 735 Post
894 667 958 734 beo
974 685 1034 736 rex
1049 667 1165 736 Bobe-

18 789 19 824 2
57 784 160 835 morum
175 769 397 852 congregavit
411 768 539 835 ooeulte
560 765 676 834 deoem
693 767 796 833 millia
812 765 1028 854 domtnomm,
1045 766 1164 836 volens

57 865 163 934 oooulle
182 882 296 950 regem
310 865 591 954 eomprehendere
607 865 839 933 Romanorum.
865 864 958 933 Deus
972 870 1081 932 autem
1104 867 1165 931 mi·

56 963 176 1031 rabiliter
192 963 256 1031 beo
273 963 450 1053 impedivit
477 963 644 1052 Ceperunt
663 965 750 1031 inter
773 981 810 1032 se
829 965 1025 1050 congregati
1044 963 1165 1030 milites

57 1061 242 1150 lisoordure,
260 1079 298 1130 se
315 1070 428 1131 mutuo
452 1079 587 1151 eapere,
609 1063 787 1151 plagisque
809 1064 960 1130 maximis
980 1062 1165 1130 vulnerare.

56 1161 109 1229 iliis
127 1163 170 1228 ita
190 1167 302 1228 autem
325 1163 432 1248 gestis
454 1180 512 1229 rex
531 1161 689 1229 Bobemie
705 1159 881 1230 manifeste
904 1179 1016 1247 regem
1035 1159 1164 1228 Rurlol-

57 1260 106 1326 lum
123 1257 297 1349 diffidavit,
322 1262 542 1346 oongregauit
567 1262 748 1328 exereitum
767 1277 922 1346 magnum
933 1313 942 1348 ‚
961 1260 1067 1328 voluit
1092 1277 1165 1325 oum

56 1375 117 1444 rege
129 1358 291 1443 eongredi
309 1358 530 1428 Romanorum
554 1359 608 1426 vel
625 1361 659 1426 in
680 1361 813 1426 civitate
831 1376 903 1426 oum
920 1358 1049 1425 nivibus
1068 1357 1165 1425 obsi-

57 1457 117 1524 dere
130 1457 181 1524 vel
198 1459 309 1544 ipsum
329 1457 371 1525 de
390 1458 510 1528 linibus
533 1456 666 1526 Austrie
690 1459 827 1545 turpiter
844 1459 1018 1545 extirpare.

111 1554 233 1622 Videas
254 1558 359 1624 eciam
389 1575 448 1624 rex
468 1557 625 1625 bohemie
647 1555 738 1644 quod
764 1573 877 1641 regem
903 1553 1079 1624 Rudollum
1102 1571 1165 1624 nee

56 1653 115 1721 dolo
134 1671 195 1722 nee
214 1657 381 1743 sapientia
396 1674 459 1724 neo
476 1657 626 1743 potentia
644 1657 778 1723 vineere
793 1657 960 1742 potuisset
975 1654 1165 1721 muneribus

55 1753 165 1820 rinoere
197 1754 365 1840 oupiebat.
401 1755 493 1822 Misit
519 1755 606 1822 enim
633 1771 691 1821 rex
717 1753 935 1822 Bobemomm
968 1752 1165 1839 quibusdam

56 1849 188 1918 militibus
207 1849 344 1920 Austrie
363 1855 539 1940 pecuniam
561 1871 712 1938 magnam
731 1860 767 1920 ut
785 1853 820 1919 in
832 1853 921 1920 bello
942 1851 1166 1964 relinquerent

16 1951 17 1954 ’
55 1965 146 2036 regem
161 1949 402 2042 Romanorum,
423 1953 477 2020 vel
496 1955 684 2039 sipossent
706 1953 815 2040 ipsam
835 1951 985 2020 eonsiliis
1010 1952 1080 2018 suis
1102 1952 1165 2016 im-

15 2047 189 2154 pluent
217 2050 373 2117 Promisit
390 2057 424 2118 el
441 2049 588 2118 sedeoim
599 2049 755 2120 militibus
768 2051 856 2117 mille
876 2067 1003 2117 mareas
1024 2050 1164 2134 argenti,

15 2157 74 2232 ξεε
69 2147 142 2214 sibi
155 2166 271 2234 regem
289 2147 465 2217 Rudollum
479 2152 589 2217 vivum
604 2149 659 2217 vel
672 2149 865 2216 vulneribus
882 2149 988 2216 lesum
1006 2147 1061 2214 vel
1076 2165 1166 2214 mor-

15 2249 126 2312 tuam
142 2253 382 2334 presentarent.
407 2247 501 2314 Misit
522 2255 556 2316 et
580 2249 726 2334 Ungarie
751 2248 905 2315 militibus
923 2248 1098 2358 pecuniam
1124 2263 1165 2312 ne

14 2343 140 2460 ξεεεεε
155 2347 393 2434 impugnarent
410 2347 463 2413 vel
479 2345 630 2414 debiliter
645 2346 849 2416 infestarent.
875 2345 948 2414 Hoo
964 2352 997 2412 ot
1012 2347 1058 2412 rei
1070 2351 1166 2432 post·

14 2425 165 2510 'nodum
189 2451 334 2512 eventus
358 2445 517 2533 probavit.
549 2445 641 2514 Misit
664 2453 697 2513 et
720 2447 870 2534 promisit
894 2445 999 2512 eoiam
1024 2443 1166 2511 dominis

14 2583 60 2652 ξ
55 2542 204 2630 episeopis
223 2543 402 2612 eomitibus
419 2543 601 2612 baronibus
620 2561 724 2657 prope
746 2543 892 2611 Rhenum
913 2543 1112 2628 constitutis
1131 2549 1168 2607 ut

53 2641 78 2704 in
96 2640 288 2710 adiutorium
315 2645 405 2729 regis
432 2641 562 2710 Rudollr
590 2645 721 2710 minime
741 2643 953 2730 peruenirent
976 2641 1068 2707 vel
1058 2659 1166 2727 ipsam

53 2755 99 2823 uro
115 2742 180 2810 sais
194 2741 323 2808 viribus
339 2743 579 2829 impugnarent.
606 2739 704 2821 Quod
718 2739 849 2828 quidam
872 2757 932 2827 pro
951 2740 1023 2806 suis
1041 2737 1166 2806 viribus

55 2835 182 2906 leserunt
191 2892 200 2929 ‚
229 2840 431 2928 etamplius
457 2839 618 2908 leeissent
644 2841 672 2908 si
702 2857 762 2907 rex
786 2841 819 2906 in
844 2839 956 2925 aliquo
974 2836 1168 2905 deiecisset

54 2933 131 3004 Umle
162 2944 195 3004 et
218 2940 254 3004 in
273 2938 470 3007 adiutorium
489 2940 562 3025 regi
579 2937 722 3007 Rudollo
743 2944 867 3005 tantum
889 2936 1008 3005 milites
1034 2935 1167 3004 ducenti

55 3041 358 3105 numeravenemnt.

111 3133 178 3202 Heo
197 3134 340 3202 audiens
359 3153 417 3203 rex
435 3134 654 3203 Romanorum
676 3133 844 3202 mandavit
861 3133 1067 3222 principibus
1085 3135 1166 3221 suis,

54 3231 110 3315 regi
132 3233 263 3302 soilioet
284 3233 446 3324 Ungan‘e‚
469 3233 545 3301 duoi
564 3233 728 3322 saxonie,
746 3232 822 3301 duoi
839 3234 996 3320 Bovario,
1013 3232 1167 3299 militibus

56 3329 161 3420 multis,
191 3333 355 3420 episeopo
375 3331 553 3400 Basiliensi
576 3339 609 3400 et
632 3332 697 3400 lilio
724 3350 786 3400 suo
813 3331 941 3398 Alsatie
967 3330 1166 3418 lantgravio,

56 3428 203 3518 episeopis
224 3429 367 3500 diversis
391 3437 424 3499 et
443 3431 595 3498 omnibus
613 3430 732 3516 quibus
752 3429 957 3517 eonbdebat‚
976 3427 1110 3495 domino
1126 3427 1167 3494 do

56 3524 201 3616 Baldeelr,
222 3535 388 3616 qrratenus
409 3547 483 3596 oum
499 3529 651 3596 omnibus
671 3531 804 3596 armatis
828 3527 948 3614 quibus
973 3533 1112 3613 possent
1133 3528 1167 3592 in

57 3621 235 3694 adiutorium
258 3627 323 3695 sibi
340 3627 450 3695 sabito
469 3628 687 3714 pervenirent.
713 3627 806 3693 Dixit
822 3627 925 3693 enim:
941 3624 976 3692 St
990 3626 1083 3690 tirou
1096 3625 1167 3708 fes-

56 3724 108 3788 tum
120 3727 299 3793 aminiculis
313 3725 597 3793 beoleMom‘enon
611 3727 771 3807 nonanta,
783 3727 904 3810 poterit
919 3722 994 3790 balbi
1008 3725 1042 3789 tn
1056 3725 1167 3790 moet-

57 3835 125 3888 narm
138 3825 255 3891 uertere
272 3825 503 3892 detrimentum.
530 3823 600 3892 Rex
622 3825 767 3910 Ungario
784 3841 896 3909 regem
913 3820 1086 3890 liudolfum
1097 3823 1167 3890 elo-

57 3926 164 3987 menter
178 3922 349 3990 exaudivit
363 3929 397 3990 et
412 3921 454 3990 ad
470 3923 635 3990 uilitatem
657 3923 896 3989 Wiennonsem
920 3939 992 3989 oum
1008 3926 1167 4008 quatuor·

59 4014 148 4084 lecim
174 4021 315 4089 millibus
347 4021 513 4089 bominum
538 4023 629 4090 venit
658 4019 701 4088 ad
730 4021 867 4109 prelium
894 4022 1086 4108 preparatis.
1119 4021 1168 4087 Ex

59 4109 172 4186 bustrie
188 4119 335 4206 partibus
352 4125 620 4206 oongregaverut
634 4137 692 4188 rex
709 4119 929 4188 Romanorum
945 4119 1064 4188 milltes
1083 4119 1167 4186 nual-

60 4217 101 4278 tos
126 4233 195 4283 eum
223 4217 397 4286 dextrariis
425 4218 614 4306 phaleratis.
656 4217 807 4286 Habebat
838 4220 975 4305 insuper
1003 4218 1166 4284 civitatem
