2886 4834
197 239 201 246 .
268 185 314 254 28
646 214 773 260 nantinus
795 213 1019 260 conuamunsus.

185 355 253 415 ¹290
272 358 339 442 ret,
361 357 395 419 et
416 356 453 418 ut
473 351 537 420 hoo
560 351 670 420 iacere
692 359 811 440 posset
833 351 992 421 decimam
1016 354 1159 420 omnium
1185 353 1385 422 ecclesiarum

267 452 362 537 regni
386 451 438 519 sui
466 449 545 520 iecit
566 451 628 519 sibi
652 469 711 539 per
736 453 910 519 triennium
935 451 1075 520 fideliter
1092 453 1299 540 ministrari,
1330 453 1384 520 hcc

267 549 384 618 eadem
412 549 556 618 faciebat
576 551 647 636 rogi
668 551 876 619 Francorum.
909 551 947 619 in
977 549 1167 620 Sclastodic
1198 551 1387 620 construitur

267 649 642 738 ecclesialeproscrum.
749 694 750 703 κ

342 747 508 816 Mocxci.
546 747 708 817 Dominus
729 747 770 816 do
788 749 997 838 Rapoltstoin
1013 758 1221 838 congregato
1243 753 1384 820 exercitu

260 845 436 921 dominum
459 845 500 914 de
526 847 682 934 Bergken
704 849 737 915 in
763 849 945 918 munitione
970 851 1107 938 parmula
1128 869 1254 939 vcapere
1277 850 1387 936 'voluit3

268 947 581 1015 existentesautem
603 949 637 1014 in
663 948 845 1017 munitione
870 947 1107 1017 Sermersheim
1131 967 1168 1018 se
1184 949 1320 1018 virilitor
1336 949 1387 1017 dc-

268 1043 461 1136 tenderunt,
478 1051 546 1114 tres
565 1045 760 1114 occiderunt
775 1054 809 1114 et
821 1047 944 1116 multos
964 1049 1235 1138 vulneraverunt,
1259 1067 1388 1134 eumque

269 1144 388 1231 iugera
405 1151 597 1230 coegemnt.
623 1143 694 1214 Rex
712 1143 834 1232 Anglic
856 1164 972 1216 omnes
996 1147 1123 1216 Judecs
1140 1165 1247 1234 regno
1269 1147 1389 1236 expulit.

269 1243 378 1312 Gades
398 1241 575 1312 Aureliani.
620 1241 903 1334 Archiepiscopus
928 1245 1139 1316 Coloniens'is
1170 1249 1389 1315 excommuni-

268 1345 356 1412 cavit
374 1361 490 1412 omnes
514 1345 605 1412 cives
632 1350 664 1411 et
687 1345 828 1413 ciericos
844 1364 884 1413 ac
903 1346 1082 1432 religiosos
1110 1363 1151 1414 ec
1182 1344 1275 1433 quod
1300 1362 1389 1432 cepe·

269 1447 342 1510 rant
362 1460 436 1510 eum
459 1443 493 1509 in
516 1443 680 1511 condictu.
716 1443 951 1513 Thoriconsas'
965 1445 1277 1534 miilequingeutas‚
1307 1443 1388 1512 Con-

269 1543 471 1610 stantienscs
487 1541 751 1632 milleduoentaS,
768 1543 1063 1612 Columbaricnses
1085 1545 1290 1632 quingentas
1314 1561 1389 1610 mar-

269 1658 327 1710 cas
350 1642 421 1727 regi
437 1639 580 1710 liudolfo
600 1640 771 1710 dederunt.
798 1642 1086 1712 Columbarienses
1102 1649 1213 1732 pretor
1229 1642 1294 1710 hcc
1314 1641 1390 1708 milia

269 1741 482 1826 attingentis
500 1741 602 1809 libras
620 1740 850 1829 expenderunt
864 1760 926 1837 pro
947 1743 1078 1812 cibariis
1110 1747 1144 1810 et
1169 1742 1314 1810 servitiis
1335 1739 1389 1809 do-

269 1840 438 1908 minorum.
469 1837 836 1910 AbbasMorbaconsis
853 1861 927 1910 cum
957 1841 1128 1911 monachis
1156 1843 1226 1909 suis
1252 1838 1391 1908 vendidit

270 1940 341 2026 regi
354 1938 497 2008 Rudolio
513 1939 685 2008 Luceriam
700 1957 760 2028 pro
777 1939 910 2008 duobus
929 1941 1073 2008 millibus
1094 1941 1220 2009 marcis.
1249 1939 1389 2025 Gregorii

270 2037 374 2125 [marn
404 2039 466 2127 12]
488 2041 580 2107 venit
601 2057 659 2107 rex
683 2038 847 2108 Rudoiius
880 2041 1129 2108 Columbariam.
1167 2039 1330 2107 Dominus
1354 2036 1388 2103 da
1433 2035 1434 2038 ’

253 2138 424 2226 sospem
437 2139 594 2224 gravibus
614 2137 860 2207 conditionibus
880 2159 900 2208 a
918 2141 1107 2228 captivitate
1128 2138 1303 2227 iberatur,
1321 2155 1387 2206 cas-

269 2244 353 2304 trum
374 2237 520 2306 tctaliter
539 2237 741 2306 devastatur.
767 2237 958 2307 Boniiacius
975 2241 1155 2328 episcopus
1176 2236 1387 2306 Bosoniensis

269 2335 395 2404 ordinis
420 2335 658 2404 Horemitarum
684 2335 948 2406 Predicatoribus
976 2336 1259 2407 Colmariensibus
1292 2335 1387 2403 dcmi-
1433 2341 1434 2388 t

269 2437 346 2504 nica
366 2442 443 2503 ante
476 2435 594 2504 iactare
621 2434 711 2504 iestc'
739 2438 1011 2506 annunciaoionis
1045 2437 1257 2506 consecravit
1297 2435 1388 2500 altare
1433 2439 1434 2488 t

268 2534 368 2604 beato
394 2535 540 2622 Virginis
563 2552 681 2603 versus
707 2535 794 2604 latus
813 2538 982 2628 superius,
1004 2536 1106 2605 altare
1132 2537 1166 2602 in
1188 2533 1315 2620 angulo
1340 2550 1388 2598 ao·
1433 2543 1434 2586 t

269 2634 373 2704 olesie
402 2635 491 2704 boati
511 2635 597 2704 Petri
623 2633 842 2722 predicatoris
866 2637 1036 2726 martyris,
1064 2635 1167 2702 altare
1196 2636 1305 2702 sancti
1328 2627 1388 2697 tiu·
1433 2637 1434 2682 t

268 2735 402 2820 gustini.
435 2734 573 2804 Maritus
598 2732 662 2800 iilia
684 2733 817 2802 Rudciii
838 2735 932 2820 regis
961 2733 1128 2812 mandavit
1157 2733 1228 2819 regi
1256 2726 1387 2800 Rudoiio
1433 2739 1434 2782 t

268 2839 305 2900 ut
331 2851 429 2920 quam
456 2836 565 2901 statim
586 2832 715 2900 veniret
740 2833 782 2901 ad
809 2850 883 2901 eum
904 2832 1132 2923 Lausannam,
1161 2838 1194 2899 et
1217 2838 1252 2898 ut
1277 2829 1389 2898 indicet
1433 2825 1434 2920 i

271 2931 414 2999 dominis
433 2933 555 2999 curiam
579 2931 771 3014 Burgundio
795 2933 829 2999 in
849 2931 1024 3000 Frankiurt
1038 2926 1060 3022 ¹,
1079 2930 1169 3019 quod
1188 2929 1310 2998 iactum
1338 2931 1387 2994 est.

269 3029 400 3096 Deinde
420 3036 559 3098 vocatur
579 3035 637 3098 rex
665 3049 706 3099 err
729 3029 902 3123 Frankiurt
930 3030 973 3098 ad
1002 3031 1215 3104 Lousonnam
1241 3035 1280 3096 ut
1298 3026 1387 3116 perti-

271 3129 337 3196 ciat
351 3131 488 3214 nogotia
504 3129 627 3197 domiui
642 3147 738 3222 papo.
763 3130 847 3197 Dum
863 3147 921 3198 ren
935 3128 1095 3198 Rudoiius
1115 3126 1387 3216 esset'prcieotu-

270 3245 326 3295 rus
348 3227 390 3295 ad
411 3229 609 3318 prinoipem,
633 3230 780 3298 maritum
804 3228 868 3296 iiiia
894 3247 971 3318 sue,
1006 3247 1119 3297 comes
1149 3226 1316 3295 Sabaudic
1343 3225 1387 3289 in-

272 3325 374 3395 sidias
395 3326 474 3396 iecit
495 3328 576 3417 regi,
600 3347 698 3415 quem
714 3329 899 3396 interimere
924 3327 1066 3396 volebat.
1092 3327 1162 3395 Rex
1180 3323 1344 3393 Rudoiius.
1359 3323 1386 3386 in

270 3425 444 3496 Frankiurt
464 3429 585 3496 curiam
602 3427 783 3498 celebrauit
804 3444 870 3494 noo
887 3425 930 3494 ad
953 3445 1044 3494 suam
1069 3444 1128 3514 par
1151 3427 1260 3492 ourrria
1276 3421 1387 3491 voiun-

259 3531 379 3598 tatem.
406 3526 567 3596 Dominus
591 3526 633 3596 de
647 3525 846 3595 Hunnewile
862 3543 881 3592 a
896 3525 1178 3593 colmariensibus
1194 3522 1386 3605 interiectus,

271 3631 305 3692 et
326 3624 368 3692 de
391 3628 523 3694 civitate
545 3625 657 3714 piures
688 3625 806 3693 milites
833 3624 1049 3712 expelluntur.
1083 3623 1244 3691 Dominus
1269 3621 1311 3689 do
1330 3618 1386 3688 iiu-

270 3723 430 3812 pcitstoin
448 3727 573 3814 incepit
592 3745 712 3794 novam
736 3729 900 3792 monetam
924 3723 1035 3791 iacere
1060 3740 1124 3810 quo
1143 3739 1230 3810 pene
1245 3739 1317 3789 cum
1338 3716 1386 3783 dc·

271 3823 371 3889 nariis
406 3822 667 3910 friburgensibus
695 3822 931 3892 concordabat.
982 3821 1144 3891 Dominus
1177 3819 1219 3888 de
1249 3817 1387 3887 Horituro

271 3921 380 3988 villam
408 3921 628 3991 Richenwiler
652 3940 743 3991 muro
776 3919 993 3990 circumdedit
1017 3927 1049 3988 et
1075 3921 1236 3987 munivit
1263 3917 1385 3985 Colum-

307 4095 337 4158 i)
356 4091 435 4148 scilta
453 4110 483 4150 es
500 4095 572 4149 nicht
590 4095 729 4149 viclieicht
746 4093 877 4148 hier-und
897 4093 1051 4146 demudchst
1069 4091 1181 4146 Friburc
1193 4089 1322 4145 heisseni
1336 4085 1384 4165 'Dar

271 4159 479 4298 {digpffmeim‘
499 4163 681 4218 tocirtermanu
699 4161 813 4216 Dudciis
839 4163 874 4215 ist
902 4159 974 4214 woh!
1000 4161 1061 4215 Cori
1089 4159 1184 4213 Martei
1213 4173 1267 4210 von
1293 4157 1385 4226 Amou-
