2886 4834
392 217 524 264 subrues
545 217 779 264 conunnrunses.
1105 189 1149 258 bl
1256 215 1258 222 ·

46 358 118 446 gerit
133 357 305 423 eneroitum
323 355 522 444 inpartibus
541 356 765 445 superioribus
785 361 818 424 ot
836 355 1013 424 descendit
1029 373 1148 424 versus
1168 367 1235 422 taor

48 455 211 545 Coloniam,
240 459 272 522 et
290 453 481 523 devastavit
497 456 595 523 villas
622 461 656 523 ct
673 473 728 522 res
747 457 982 544 episcopcrum
999 455 1154 523 inimico-

48 574 99 622 mn
114 571 241 620 sucmm
259 553 488 642 septendecim
506 556 711 644 septimanis,
726 553 760 621 id
779 561 954 642 estusque
973 554 1016 622 ed
1034 553 1155 623 lestum

47 654 170 742 bertini,
209 652 327 720 dicens
353 653 440 722 velle
466 652 648 741 procedere
682 670 800 720 versus
824 652 1023 721 Holandiam
1054 659 1155 741 atque

46 751 222 838 llandriam3
251 757 284 818 et
310 753 423 838 coegit
441 753 623 840 episcopos
642 769 842 841 componere
862 769 983 820 seeum.
1018 752 1154 821 Rhenus

47 858 155 940 apertus
173 857 234 939 est,
246 855 280 918 et
298 868 404 918 naves
421 851 607 919 ascendere
618 851 673 919 vel
688 850 898 919 descendere
912 851 1014 920 libere
1029 857 1156 940 potue-

46 958 109 1018 mot.
120 951 247 1018 Domini
261 949 303 1018 dc
313 955 424 1020 castro
434 950 587 1038 Grrsperc
603 952 765 1039 seniores
777 951 924 1018 iuniores
941 951 1096 1019 dominos
1113 951 1155 1020 de

8 1027 171 1136 Guspero
180 1051 326 1136 grauiter
334 1049 601 1140 vulneraverunt
611 1067 712 1116 unum
727 1049 930 1139 occiderunt,
939 1057 1082 1118 castrum
1097 1069 1156 1118 ce-

8 1145 148 1237 l‚perunt
150 1149 306 1236 etplures
321 1148 364 1216 de
380 1155 490 1216 castro
509 1147 624 1261 lugere
638 1155 831 1235 coegerunt.
839 1148 975 1217 Rhenus
990 1167 1087 1236 quern
1098 1167 1156 1218 ιιιι

8 1257 10 1324 t
45 1247 175 1315 libertos
190 1254 368 1336 aperuerat
382 1255 418 1316 ut
433 1249 540 1316 omnis
557 1249 678 1316 volens
694 1247 878 1316 ascendere
897 1254 930 1316 et
948 1248 1156 1318 descendere

8 1345 160 1440 }‚potemt
178 1346 269 1414 buno
287 1348 407 1414 milites
427 1353 511 1414 terre
530 1348 739 1435 clauserunt,
757 1355 793 1414 ut
811 1347 922 1415 nullus
940 1353 1156 1416 mercatorum

8 1453 127 1524 lausus
144 1445 274 1514 luerit'
265 1465 299 1513 m
316 1445 433 1515 Rheno
460 1445 600 1534 amplios
619 1464 820 1535 comparere.
853 1447 890 1514 ln
909 1445 1004 1535 Spiru
1022 1448 1156 1516 civitate

8 1527 10 1608 i
46 1545 107 1612 ciris
123 1543 214 1613 dives
241 1547 431 1614 meretrices
458 1547 698 1634 congregavit,
725 1545 871 1614 habitum
897 1547 946 1614 eis
971 1547 1156 1633 penitentie

9 1669 10 1704 1
47 1643 132 1710 tribuit
155 1650 188 1712 et
212 1644 337 1712 cibaria
354 1644 568 1712 ministrabat.
595 1644 756 1712 Dominus
774 1643 932 1714 Albertus
957 1663 1015 1713 rex
1033 1643 1156 1714 Roma*-

48 1760 137 1810 ncmm
159 1745 247 1810 misit
265 1743 400 1811 Romam
426 1761 514 1832 pape
542 1742 628 1830 duos
655 1745 775 1814 milites
802 1749 835 1812 et
861 1745 998 1812 tercium
1022 1745 1157 1812 militem

10 1847 11 1852 ’
48 1842 171 1908 clericum
195 1844 230 1910 in
255 1845 326 1910 iure
353 1844 489 1930 plurime
513 1844 696 1932 literatum,
724 1844 886 1911 commisit
912 1845 1018 1911 eciam
1045 1845 1094 1912 eis
1120 1851 1157 1912 ut

48 1941 187 2028 usquead
197 1994 281 2008 .....
301 1947 333 2010 ct
351 1948 429 2010 ante
448 1942 709 2030 purificationem
721 1995 800 2008 .....
819 1959 892 2024 non
906 1941 1083 2010 tardarent.

11 2103 12 2112 ,
101 2039 254 2108 blccciii.
281 2041 318 2109 ln
337 2041 389 2108 die
409 2043 515 2108 sancti
532 2039 670 2109 Antonii
697 2043 826 2129 capella
850 2039 1086 2108 monaobomm
1114 2041 1156 2110 de

11 2198 12 2202 ,
48 2135 147 2206 bubus
172 2140 299 2208 ordinis
327 2141 551 2208 cisterciensis
582 2158 647 2228 que
673 2141 805 2208 noviter
830 2139 938 2208 luerat
964 2146 1156 2208 constructa

11 2307 12 2314 χ
48 2235 139 2304 dicitur
163 2240 616 2327 sollempniterconseorata
641 2240 676 2306 in
703 2238 920 2307 Columbaria
962 2239 1061 2308 Cives
1088 2239 1156 2308 Co-

48 2333 260 2406 lumbarienses
295 2339 365 2405 iura
391 2356 432 2406 ue
459 2339 717 2406 constitutiones
751 2340 921 2427 plurimas
944 2337 1095 2408 leoemnt
1120 2345 1157 2409 et

12 2447 13 2452 ’
47 2437 326 2520 transgressoribus
345 2455 451 2524 penas
470 2455 530 2526 pro
550 2437 692 2523 singulis
711 2439 1000 2526 conscripsemnt3
1019 2439 1157 2526 insuper

49 2535 266 2604 constituerunt
290 2537 535 2624 etquicunque
554 2536 653 2604 deum
670 2538 725 2604 vel
752 2537 883 2606 beatam
900 2537 1061 2623 virginem
1080 2537 1156 2605 Ma-

12 2639 13 2661 ³
48 2632 106 2699 riam
128 2627 340 2725 blasphemiis
372 2637 426 2703 vel
458 2635 570 2703 verbis
597 2634 748 2723 turpibus
776 2635 1014 2704 dehonestaret
1039 2636 1157 2704 decem

13 2800 14 2816 χ
49 2731 150 2801 solidos
167 2735 209 2802 ad
237 2733 395 2802 lubricam
420 2737 526 2802 sancti
545 2735 677 2802 Martini
704 2733 781 2802 dare
808 2741 985 2820 cogeretur
1010 2740 1044 2802 et
1060 2753 1155 2802 mun-

13 2911 14 2928 *
49 2829 121 2898 sione
137 2833 279 2900 civitatis
299 2833 401 2901 tribus
429 2835 685 2922 septimanumm
710 2835 901 2922 privaretur.
948 2832 1039 2902 Civis
1056 2833 1157 2901 Basi-

13 2937 14 2948 ’
49 2927 139 2998 biensis
156 2950 175 2999 a
193 2933 329 3000 domino
350 2932 521 3020 Thuringo
540 2932 582 3000 de
600 2931 769 3000 Ramstein
788 2934 933 3023 capitur,
960 2933 994 3000 in
1013 2941 1156 3001 oastmm

50 3027 101 3094 elus
117 3029 240 3099 ducitur
250 3053 258 3118 3
277 3032 484 3100 Basilienses
503 3034 724 3120 insequuntur
741 3038 775 3100 et
792 3032 834 3100 ab
853 3033 902 3100 eis
922 3037 1066 3100 castmm
1084 3033 1156 3100 eius

50 3127 179 3198 velociter
196 3137 409 3218 expugnatur
434 3138 536 3218 atque
554 3130 750 3219 destmitur3
782 3137 944 3220 ceperunt
969 3132 1047 3199 item
1071 3133 1156 3200 intra

50 3221 139 3294 decem
169 3229 399 3298 hebdomadas
431 3229 578 3318 quinque
605 3237 714 3299 castro
744 3230 850 3298 lortiu.
894 3230 1033 3299 Carolus
1058 3230 1157 3298 lruter

13 3392 14 3421 ξ
51 3325 117 3416 regis
133 3327 266 3396 Frarroie
293 3347 351 3396 rex
378 3329 488 3397 Sicilie
516 3334 549 3397 et
574 3347 632 3397 rex
656 3329 865 3415 Arrugouum
893 3335 926 3396 et
944 3347 1001 3397 rex
1019 3330 1155 3398 Francie

12 3439 15 3526 ζ
51 3423 286 3496 confederantur.
321 3427 433 3496 Frater
450 3428 661 3514 Nibulungus
681 3447 865 3497 convorsus
893 3447 966 3495 cum
992 3429 1098 3496 servis
1122 3429 1156 3495 in

13 3529 14 3600 j
52 3524 189 3594 cemiterio
208 3533 324 3595 nostro
344 3526 458 3596 decem
486 3529 572 3594 tilius
591 3529 835 3615 plantaverunt.
870 3527 908 3594 ln
928 3545 1013 3594 ceno
1031 3526 1155 3594 domini

52 3635 92 3685 rer
105 3621 232 3694 lmnoie
251 3626 440 3694 condictum
459 3644 533 3694 cum
551 3625 812 3695 Flandrensibus
831 3626 963 3715 babuit,
993 3631 1027 3692 et
1045 3627 1155 3694 amisit

12 3733 14 3770 ι
53 3719 209 3800 quindecim
232 3725 333 3792 millia
359 3725 525 3793 bominum
552 3728 813 3815 nominatomm‚
845 3723 1070 3793 Flandrenses
1096 3727 1156 3794 tria

53 3816 135 3886 nillia.
159 3822 313 3892 libertus
333 3823 419 3893 lilius
438 3825 527 3910 regis
545 3824 767 3893 Romanorum
785 3825 878 3893 drrxit
895 3841 1032 3892 uxorem
1051 3825 1155 3893 comi-

12 3993 15 4016 ὴ
53 3914 82 3980 tis
104 3917 138 3985 de
155 3921 356 4008 Horngowe.
390 3923 576 4012 Capitulum
602 3923 736 3992 lratmm
756 3923 917 3992 blinomm
945 3925 1030 3992 circo
1049 3925 1155 3993 Urbe-

55 4029 109 4081 uum
126 4018 203 4087 luit
195 4041 226 4088 m
236 4019 445 4090 Columbaria
464 4023 692 4111 sollempniter
703 4023 921 4092 celebratum
913 4041 1156 4111 ,compamere

54 4098 101 4178 ilic
116 4123 481 4208 centumquinqucginta
500 4121 633 4212 imum,
654 4124 808 4190 conversi
828 4141 889 4190 seu
907 4121 1079 4208 begibardi
1098 4124 1156 4188 tri-

9 4259 14 4296 1,
55 4210 139 4305 biritu,
157 4217 219 4288 bini
246 4227 279 4288 ct
304 4221 420 4288 ter'ni
412 4241 443 4288 m
471 4221 688 4310 processione
708 4240 766 4310 por
784 4221 807 4288 (1
811 4221 1024 4290 olumbarium
1044 4227 1153 4288 lr-uns
