2890 4832
377 239 416 286 ux
437 237 602 286 moriame
625 235 800 288 cononmrsr.
1089 205 1159 282 367

35 378 114 466 oepit
135 376 319 446 sollicitare
344 393 564 465 quoscunque
586 377 695 465 potuit
712 377 809 446 minis
827 393 927 466 prece
945 383 979 447 et
996 379 1102 467 pretio
1120 383 1158 448 ut
1177 389 1244 448 teta

38 477 94 544 sibi
111 477 312 545 assisterent
330 482 445 546 contra
462 482 606 566 patrem,
626 481 659 544 et
675 494 744 546 non
757 493 885 564 paucos
904 477 1039 546 invenit.

100 571 199 644 Anno
219 593 422 644 mccxumv.
439 576 622 663 Imperator
644 574 687 642 ub
705 573 827 663 Apulia
851 572 1062 663 Aquilegiam
1080 595 1162 665 pcr-

36 674 126 742 venit.
150 673 236 742 Inde
255 691 329 742 oum
346 674 447 742 multa
470 674 566 742 turba
584 679 618 742 et
638 673 749 740 multis
768 673 934 742 thesauris
952 692 1072 744 versus
1089 674 1163 744 Au-

36 773 137 840 striam
155 773 259 840 intrat
278 773 483 840 Germaniam
493 795 502 860 3
522 772 620 840 hlirrm
640 773 745 840 eciam
760 789 855 840 suum
874 791 988 860 regem
1005 773 1163 843 rebellem

36 873 170 960 invenit,
198 869 263 940 sed
288 873 511 960 impotentem.
543 869 626 940 Nam
644 871 786 940 consilio
805 871 978 941 habitavi.
996 890 1075 942 non.
1094 873 1163 941 iulii

37 966 101 1060 [iuli
119 967 159 1062 2]
189 969 283 1059 apud
307 969 529 1038 Wormaciam
555 970 589 1036 in
614 970 753 1056 gratiam
776 971 879 1058 patris
898 972 1059 1060 recipitur,
1093 970 1162 1040 Sed

34 1086 90 1136 non
107 1070 313 1157 persolvens
332 1087 397 1157 que
416 1069 624 1158 promiserat,
642 1085 707 1136 uec
725 1070 902 1155 resignans
921 1075 1067 1138 castrum
1083 1069 1162 1140 Dri-

36 1167 97 1236 uels
124 1168 220 1255 quod
245 1167 359 1236 habuit
382 1169 417 1237 in
435 1185 497 1236 sua
516 1173 703 1258 potestate,
722 1168 817 1236 iussu
834 1169 936 1256 patris
953 1169 1161 1258 imperatoris

36 1273 79 1334 est
96 1266 252 1336 custodie
269 1268 488 1362 mancipatus.

97 1365 228 1434 Eodem
253 1371 400 1454 tempore
428 1382 524 1434 soror
547 1366 638 1452 regis
663 1362 787 1450 Anglie
807 1369 928 1452 rogatu
950 1366 1161 1454 imperatoris

36 1463 70 1530 ab
93 1465 352 1554 archiepiscopo
378 1463 574 1534 Coloniensi
601 1468 634 1532 et
657 1462 742 1532 duce
771 1463 946 1534 Brabantie
972 1463 1015 1532 ab
1038 1461 1162 1552 Anglia

36 1562 220 1652 adducitur,
239 1565 304 1653 ipsi
321 1564 508 1652 imperatori
527 1567 679 1651 nuptura.
707 1560 779 1642 (lue
806 1562 848 1631 ab
867 1562 1020 1632 omnibus
1039 1565 1162 1633 civito-

37 1661 111 1728 tibus
131 1669 165 1732 et
184 1661 337 1751 oppidis,
356 1679 498 1752 perque
527 1679 599 1729 eam
624 1663 765 1730 transire
790 1662 947 1751 contigit,
965 1662 1161 1752 honorilice,

36 1759 87 1828 sed
103 1779 123 1829 a
140 1761 275 1831 civibus
294 1760 554 1830 coloniensibus
572 1760 695 1830 maiore
712 1779 771 1848 pre
790 1760 864 1830 aliis
886 1759 1027 1849 tn'pudio
1046 1763 1163 1848 quinta

36 1856 104 1926 teria
128 1861 285 1948 proxima
310 1865 387 1928 ante
411 1865 634 1948 pentecosten
661 1854 743 1948 [mai
762 1855 827 1949 lb]
848 1860 1035 1948 suscipitur.
1060 1858 1161 1948 Apud

37 1975 109 2044 quos
120 1961 155 2026 in
170 1958 274 2028 domo
287 1959 448 2047 prepositi
463 1959 571 2028 sancti
581 1958 744 2026 Gereonis
760 1975 819 2046 per
834 1974 982 2028 mensem
992 1960 1026 2026 in
1037 1977 1161 2044 magua

36 2055 281 2126 honoriticentia
292 2059 447 2128 continue
458 2063 609 2126 moratur.
627 2055 708 2124 lude
716 2055 936 2144 progrediens
948 2055 1037 2144 apud
1053 2057 1160 2125 Wor-

36 2156 159 2224 muciam
176 2158 370 2245 imperatori
387 2157 589 2243 assignatur.
616 2155 679 2224 Ubi
704 2155 894 2242 imperiales
913 2155 1027 2242 nuptie
1045 2154 1159 2224 debito

37 2270 98 2320 cum
121 2255 253 2324 honore
278 2255 495 2324 celebrantur.
527 2255 708 2342 Imperator
733 2252 854 2322 suadet
874 2255 1097 2345 principibus,
1116 2272 1160 2324 ne

39 2350 245 2422 histrionibus
273 2353 362 2424 dona
388 2353 488 2422 solito
513 2370 604 2422 more
622 2351 840 2441 prodigaliter
857 2351 1042 2444 ellundant,
1068 2352 1160 2422 iudi-

38 2467 107 2519 cans
131 2453 308 2521 maximam
333 2451 532 2522 dementiam
561 2453 590 2522 si
617 2453 692 2539 quis
719 2469 782 2520 sua
803 2449 894 2520 bona
910 2451 1016 2522 mimis
1034 2453 1089 2521 vel
1107 2452 1160 2521 hi-

38 2550 203 2619 strionibus
224 2549 314 2620 latue
331 2551 476 2638 largitur.

101 2648 197 2718 Curia
217 2649 432 2718 celeberrima
449 2651 483 2718 in
500 2652 729 2740 assumptione
747 2650 845 2721 beate
862 2649 967 2720 Marte
986 2645 1082 2738 [aug.
1093 2645 1157 2739 15]

39 2746 114 2833 apud
124 2748 505 2836 Maguutiamiudicitur.
523 2749 586 2818 Ubi
597 2749 664 2818 lere
675 2749 827 2820 omnibus
841 2748 1046 2838 principibus
1064 2748 1159 2833 regni

41 2843 202 2918 Teutonici
221 2847 499 2916 convenientibus
517 2866 583 2936 pax
601 2849 740 2939 iuratur,
764 2853 879 2917 vetera
895 2849 965 2914 iura
983 2845 1159 2914 stabiliun-

42 2947 98 3032 tnr,
125 2963 216 3014 nova
243 2952 431 3014 statuuntur
456 2953 489 3015 et
515 2946 699 3016 Teutonico
730 2963 885 3016 sermono
910 2947 944 3014 in
970 2943 1160 3014 membrana

42 3044 148 3130 scripta
166 3044 323 3114 omnibus
340 3045 748 3133 publicantur,excessus
773 3046 863 3131 regis
881 3049 998 3112 contra
1014 3044 1160 3132 impera-

42 3142 131 3208 torem
149 3144 281 3212 cnnctis
299 3145 498 3231 aperiuntur.
518 3140 596 3214 Otto
616 3143 658 3214 de
674 3142 900 3234 Luninburoh,
918 3159 1028 3231 nepos
1047 3141 1160 3228 magni

43 3235 122 3307 ducis
139 3241 306 3330 Heinrioi,
324 3259 433 3310 novus
452 3241 519 3310 dux
538 3249 571 3310 et
587 3243 744 3331 princeps
771 3241 922 3310 etheum.
949 3239 1055 3322 Quem
1073 3239 1159 3308 diem

44 3341 159 3420 rogavit
175 3341 354 3429 imperator
371 3340 525 3408 omnibus
544 3341 720 3409 annalibus
739 3341 898 3429 asscribi,
918 3357 959 3408 eo
978 3337 1068 3426 quod
1081 3344 1160 3406 tunc

43 3429 209 3507 Romanurn
223 3439 375 3508 auxisset
387 3439 555 3528 imperium
569 3440 883 3528 novumprincipem
896 3436 1052 3526 creando,
1071 3455 1159 3504 oon-

45 3547 132 3603 sensu
149 3539 293 3606 omnium
311 3539 493 3627 principum
512 3537 707 3606 accedente.
724 3538 796 3606 Fuit
811 3541 921 3606 autem
939 3533 1013 3603 dies
1031 3534 1088 3602 illa
1104 3535 1159 3602 vi-

46 3631 111 3712 gilia
128 3635 290 3706 Timothei
310 3632 406 3725 [aug.
425 3633 502 3727 21].
529 3635 566 3704 lu
590 3636 645 3706 dio
664 3636 826 3706 Timothei
845 3635 972 3704 scilieet
988 3635 1021 3701 in
1040 3639 1159 3702 octava

46 3736 266 3822 assumptionis
295 3729 390 3824 [aug.
414 3732 478 3826 22]
506 3736 683 3824 imperator
709 3733 895 3804 diademate
922 3731 1083 3820 imperiali
1105 3733 1159 3800 iu-

46 3828 171 3912 signitas
196 3834 229 3902 in
257 3833 403 3902 ecclesia
428 3833 678 3924 Moguntiensi,
698 3832 764 3902 lere
783 3831 936 3902 omnibus
953 3831 1158 3920 principibus

49 3931 228 4022 astantibus,
247 3931 360 4002 debito
378 3931 505 4002 honore
524 3931 663 4019 refulsit,
676 3937 753 4020 post
770 3935 942 4000 missarum
961 3929 1158 4018 sollempnia

49 4021 174 4097 invitans
191 4031 361 4120 principes
380 4049 496 4099 omnes
516 4037 549 4100 et
566 4049 697 4098 omnem
714 4032 902 4098 comitatum
917 4047 1030 4098 eorum
1050 4029 1091 4097 ad
1106 4029 1122 4095 l
1140 4065 1158 4078 -

49 4121 135 4192 siivas
153 4130 267 4216 epulas
277 4181 287 4218 ,
306 4147 371 4217 que
389 4131 423 4197 in
441 4129 517 4198 loco
535 4130 711 4218 campestri
731 4129 861 4215 magnis
881 4127 1066 4217 sumptibus
1083 4126 1157 4194 lue-

50 4228 110 4288 runt
133 4233 311 4318 preparate.
337 4227 411 4296 Non
438 4229 539 4298 multo
564 4233 643 4317 post
666 4227 940 4318 archiepiscopus
964 4227 1156 4295 bisontinus
