2916 4834
261 247 304 317 1ss
637 279 768 324 nunnius
790 277 1014 324 connaarrnsrs.

175 420 238 477 128¹
258 417 361 486 letitia
385 435 471 504 qnos
501 417 645 486 creditur
674 416 898 505 perturbasse.
953 414 1160 484 Duodecimn
1189 417 1254 484 kal.
1289 416 1400 484 martii

255 515 355 584 irater
372 515 555 584 Rcinhcrus
572 515 698 584 ordinis
715 515 960 583 Predicatorum
977 516 1189 601 octogesimo
1205 532 1296 583 anno
1317 521 1398 582 eta-

257 616 316 704 tis,
334 621 368 682 et
384 616 663 701 quinquagesimo
682 615 825 703 septimo
842 630 931 681 anno
950 612 1069 698 quibus
1084 613 1118 680 in
1141 612 1398 681 ordinelauda-

256 713 364 780 biliter
379 714 523 800 vixerat,
547 719 581 780 et
598 712 854 800 quadragesimo
881 711 982 779 tercio
1002 711 1124 798 quibus
1150 711 1326 780 sororibus
1355 709 1400 777 de

257 818 374 880 sancto
390 809 543 878 Jobanne
563 809 731 898 prefuerat
747 816 781 878 et
798 828 857 878 eas
873 809 976 878 verbo
994 815 1028 876 et
1045 811 1197 903 exemplo
1222 809 1401 896 docuerat,

256 912 290 977 in
311 909 451 978 domino
471 918 506 976 ut
531 909 674 977 creditur
699 909 870 996 requievit.
899 907 1013 976 Cunzo
1036 906 1207 977 Rustarius
1235 908 1403 976 liberatur

257 1009 503 1096 acaptivitatc,
522 1007 584 1076 sad
608 1007 838 1075 Guntrammns
860 1007 902 1075 de
925 1006 1079 1093 Girsperc
1105 1008 1233 1095 capitur
1254 1005 1402 1075 iraudu-

255 1107 370 1174 lenter.
398 1105 559 1174 Dominus
582 1107 763 1194 episoopus
783 1103 1040 1192 Argentinensis
1066 1112 1275 1192 congregata
1304 1105 1402 1173 mili-

256 1211 324 1272 tum
340 1204 547 1272 multitudine
566 1204 700 1273 domino
717 1203 758 1273 de
779 1204 887 1272 Badin
904 1202 1071 1290 quoddam
1092 1203 1249 1292 oppidum
1271 1205 1402 1272 nosci-

257 1310 309 1371 tur
330 1302 535 1380 obsedisse.¹
556 1304 740 1391 Episcopus
758 1320 838 1371 vero
853 1302 1051 1370 Basilicnsis
1066 1301 1129 1369 sibi
1149 1303 1404 1389 quinquaginta

258 1400 379 1468 milites
407 1403 441 1468 in
463 1401 618 1469 auxilium
648 1401 907 1488 transmittebat;
943 1401 1056 1488 plnres
1089 1405 1198 1468 autem
1229 1418 1271 1468 ex
1301 1403 1405 1468 cisa

258 1501 469 1584 marggravio
485 1500 676 1588 capiuntur,
700 1505 835 1588 propter
853 1497 944 1586 qnod
963 1518 1030 1587 pax
1047 1515 1160 1566 corum
1176 1499 1321 1586 pristina
1343 1516 1403 1566 re-

258 1597 424 1666 formatur.
449 1597 577 1683 Regina
589 1597 718 1665 liudolfi
741 1599 831 1684 regis
849 1599 884 1664 in
901 1597 1047 1665 Wienna
1064 1598 1205 1684 moritur,
1221 1614 1298 1664 cum
1315 1613 1406 1664 ccec

260 1696 354 1782 equis
373 1702 409 1763 ut
425 1695 597 1764 dicebatur
622 1697 789 1764 Basilcam
815 1695 957 1786 ducitur,
988 1695 1100 1782 ibique
1128 1695 1272 1762 atribus
1293 1696 1405 1783 epis-

259 1797 353 1881 copis
392 1801 425 1862 et
456 1793 608 1862 ducentis
642 1795 729 1862 mille
761 1795 889 1862 olorinis
927 1799 960 1862 et
1004 1793 1212 1862 mullitudine
1246 1795 1406 1862 civitatis

258 1892 425 1960 hominum
446 1894 482 1960 in
504 1893 616 1979 vigilie
640 1894 748 1962 sancti
773 1891 944 1961 Benedicti
967 1893 1072 1980 [mitra
1094 1892 1158 1978 20]
1188 1899 1261 1960 eum
1283 1893 1408 1978 gloria

259 1992 399 2059 maxima
421 1991 590 2080 sepelitur.
624 1992 707 2059 Filia
732 1992 823 2078 regis
847 1989 976 2059 Rudolli
990 1989 1222 2060 Lomburdiam
1245 1991 1405 2078 mittitur,

260 2108 279 2155 a
308 2088 450 2158 diversis
477 2089 667 2158 civitatibus
697 2089 808 2158 multis
832 2089 1022 2158 muneribus
1047 2090 1223 2178 recipitur,
1258 2107 1301 2156 ac
1326 2088 1404 2158 nlio

259 2189 349 2274 regis
370 2187 480 2256 Caroli
498 2189 702 2256 matrimonio
719 2188 900 2276 copulatur.
914 2186 984 2256 Rex
1003 2188 1147 2272 Ungarie
1168 2185 1401 2254 Christianam

258 2303 394 2353 uxorem
416 2285 619 2374 repudiavit,
641 2286 819 2354 Cumanam
835 2285 941 2372 duxit3
970 2283 1161 2354 Christianis
1179 2285 1321 2354 odiosus
1342 2285 1404 2352 el-

260 2383 374 2473 icitur,
392 2403 411 2452 a
430 2385 500 2452 suis
521 2385 665 2472 capitur,
683 2384 744 2452 sed
761 2390 881 2472 postea
901 2385 1067 2453 liberatur.
1084 2383 1254 2452 Dominus
1274 2383 1404 2451 Simon

259 2481 453 2568 francigena
476 2483 609 2569 legatus
636 2483 773 2550 Franoie
798 2483 975 2570 presbyter
997 2481 1175 2550 cardinalis
1198 2481 1339 2568 eligitur
1367 2484 1404 2549 in

258 2599 394 2672 papam,
412 2581 644 2668 Martinusque
662 2583 860 2650 nominatur.
892 2581 1053 2650 Dominus
1070 2580 1112 2648 de
1133 2579 1315 2648 bleinchen
1331 2597 1404 2647 ca-

260 2685 363 2747 strum
380 2698 474 2748 suum
491 2679 582 2768 qued
597 2681 711 2748 habuit
729 2681 763 2746 in
780 2679 957 2747 bleinchen
975 2678 1068 2748 dedit
1082 2679 1116 2746 in
1130 2675 1404 2764 Argentinensis

260 2780 409 2866 episcopi
430 2784 647 2867 potestatem,
672 2784 705 2846 et
719 2783 839 2866 postea
866 2779 991 2866 recepit
1007 2775 1089 2844 illud
1105 2775 1238 2845 seudum
1261 2785 1405 2864 pcipe-

259 2882 365 2963 tuum3
382 2881 415 2944 et
431 2879 610 2964 episcopus
626 2876 704 2943 lecit
721 2894 795 2944 eum
813 2876 988 2944 scultetum
1004 2875 1081 2942 ville
1097 2879 1285 2942 memorate.
1315 2872 1403 2942 An—

259 2975 351 3060 tique
372 2975 535 3042 'mulieres
565 2974 732 3062 obierunt,
762 2975 892 3042 scilicet
916 2975 1086 3042 comitissa
1106 2973 1148 3040 de
1171 2971 1401 3061 Riobenbcrc‚

260 3070 393 3139 domina
408 3070 449 3139 de
463 3071 689 3160 Rapoltzstein
708 3073 830 3142 etalie
854 3072 977 3160 plures.
1006 3071 1229 3140 Conllue'ntini
1253 3069 1402 3139 domino

260 3186 322 3237 suo
355 3171 515 3258 episcopo
539 3171 931 3240 Trevirensinoluerunt
958 3169 1113 3260 obedire,
1147 3171 1286 3256 insuper
1304 3187 1403 3236 eum

260 3266 413 3335 cecidere
431 3268 615 3338 voluerunt.
642 3267 740 3338 Cives
756 3267 959 3337 daPrumino
973 3269 1177 3356 prepositum
1199 3285 1296 3335 snum
1315 3267 1402 3352 gla-

259 3363 324 3434 diis
339 3365 542 3456 ocoiderunt‚
553 3369 692 3454 regique
705 3367 841 3435 Francis
856 3367 1009 3452 nequiter
1024 3371 1262 3454 opposuerunt,
1279 3383 1402 3454 prop-

259 3469 309 3532 ter
328 3464 417 3551 quod
442 3483 483 3532 ex
504 3467 553 3534 eis
572 3465 628 3548 dlx
653 3465 795 3534 creditur
817 3464 993 3534 occidisse.
1025 3464 1157 3532 Domini
1176 3463 1217 3531 de
1232 3463 1401 3551 Girsperc

260 3569 402 3630 castrum
421 3562 616 3631 edificarunt
631 3565 665 3630 in
683 3568 793 3630 monte
811 3564 867 3650 qui
881 3561 997 3630 dicitur
1009 3610 1112 3630 .....
1123 3614 1133 3650 ,
1158 3561 1220 3630 sed
1234 3561 1401 3630 homines

260 3661 409 3748 episcopi
428 3657 816 3747 Argentinensis-subito
843 3660 1087 3730 destruxerunt.
1111 3660 1308 3748 Episcopus
1326 3656 1398 3726 Ar-

259 3759 468 3842 gentinensis
503 3765 709 3846 congregata
729 3759 903 3828 'hominurn
925 3757 1132 3826 multitudine
1158 3757 1314 3826 dominos
1350 3757 1398 3825 de

259 3852 465 3942 Rapoltstein
491 3859 519 3924 si
543 3863 712 3945 potuisset
739 3857 956 3926 libentissime
980 3856 1221 3945 perturbasset
1260 3852 1396 3933 Quarto

259 3951 473 4039 kal-augusti
485 3954 690 4022 Wemberus
707 3955 814 4024 dictus
825 3955 945 4022 Walcb
960 3955 1055 4022 miles
1075 3959 1108 4021 et
1121 3952 1276 4022 dominns
1293 3951 1397 4020 Cun-

260 4050 358 4118 radns
376 4050 484 4118 dictus
507 4051 549 4119 de
567 4053 778 4139 Nortgassen
796 4059 874 4120 sunt
897 4051 1262 4120 aColumbariensibas
1282 4052 1395 4118 inter-

259 4147 346 4217 lecti.
385 4150 602 4218 Patriarcbam
626 4151 902 4220 Mediolanenses
926 4149 1221 4218 interfecerimus
1242 4155 1326 4242 [curn
1351 4167 1396 4217 eo

260 4249 463 4333 quingentos
489 4251 590 4318 viros.
614 4248 984 4336 -Hospitalarii-sancti
1009 4248 1173 4316 lobannis
1199 4245 1397 4316 condictum
