2878 4834
394 247 564 297 urruorrarn
585 247 820 295 woaumrarrsrc.
1106 217 1176 286 223

52 396 96 458 tur
110 388 152 458 ad
169 406 287 478 preces
304 390 533 460 universitatis
550 405 648 456 usum
663 385 742 476 lori,
763 386 851 454 sicut
868 385 1030 455 hactenus
1046 385 1176 456 babue-

50 496 136 579 runt,
169 509 229 578 per
254 488 343 557 istud
359 484 372 564 ΙΙ
388 489 585 558 decennium
610 486 811 555 indulsimus
842 485 967 556 eisdem
975 510 984 575 ;
1016 486 1111 554 salvo
1136 505 1178 555 ex

50 595 121 656 tunc
139 595 205 656 tarn
223 589 321 656 nobis
337 607 434 676 quam
453 589 502 655 eis
517 589 588 655 iure
604 603 676 654 suo.
703 583 755 653 nd
765 583 990 671 colligendum
1009 603 1089 655 vero
1104 587 1177 654 sinc

49 687 226 775 preludicic
249 688 327 756 cleri
348 689 452 756 nostri
471 688 645 774 pecuniam
664 704 725 775 pro
745 691 881 754 moneta
905 683 1060 774 debitam,
1080 691 1114 752 et
1134 685 1178 753 ad

49 786 311 855 conservandum
336 788 370 854 in
395 787 548 854 omnibus
572 788 642 853 iura
669 791 820 873 monete,
839 783 987 853 lavoram
1004 791 1037 852 et
1055 802 1178 852 assen-

50 905 114 953 sum
128 895 279 954 nostrum
297 887 380 974 ipsis
393 885 587 975 impendere
602 891 752 952 tenemur
770 902 843 952 cum
858 883 990 952 ellectu.
1005 883 1049 952 Ut
1067 891 1177 952 autem

48 984 103 1052 bec
116 985 208 1074 apud
224 992 329 1054 noset
343 1003 572 1054 successorem
589 985 787 1074 nostrum‚si
798 1001 896 1071 quem
910 983 1177 1071 mediotempore

48 1085 273 1174 babuerimus,
292 1091 362 1153 rata
381 1089 599 1174 permaneant
624 1090 657 1151 ct
674 1083 891 1173 inconvulsa,
910 1084 1066 1172 paginam
1089 1083 1178 1150 hanc

47 1183 117 1251 inde
136 1184 237 1251 scribi
259 1183 414 1273 lecimus,
443 1189 477 1252 at
498 1183 587 1251 bulte
617 1189 732 1251 nostre
757 1183 948 1251 testimonio
974 1183 1177 1251 communiri.

48 1279 125 1350 dcta
147 1290 226 1351 sunt
244 1282 307 1351 bec
328 1285 370 1353 xi.
394 1283 459 1350 bal.
476 1283 598 1371 martii,
618 1288 735 1369 quarta
755 1280 912 1350 videlicet
934 1280 988 1350 die
1010 1287 1087 1349 ante
1111 1280 1177 1349 ka-

50 1381 193 1450 thedram
224 1383 326 1472 Petri,
360 1401 449 1450 anno
483 1382 721 1450 iucarnationis
752 1379 918 1449 dominica
951 1381 1176 1469 mccxnxiii,

50 1499 130 1550 anno
152 1487 271 1569 quarto
287 1483 319 1550 in
337 1483 509 1550 nativitate
525 1479 648 1549 domini
666 1487 745 1549 tunc
760 1472 946 1550 inchoatc.¹

112 1779 142 1838 9.
162 1773 320 1838 Friedrich
341 1775 366 1836 ll
386 1778 550 1838 autwcrtet
572 1775 631 1838 den
653 1775 785 1851 bllrgern
807 1789 866 1837 von
887 1775 1007 1838 Wcrms
1028 1771 1129 1836 tndem
1144 1789 1178 1836 er

164 1857 232 1920 ihre
261 1862 348 1919 treue
376 1858 546 1920 anerkennt
567 1857 629 1921 und
651 1861 695 1920 sle
717 1857 822 1920 belobt
843 1857 915 1920 dass
937 1859 981 1918 sle
1003 1855 1062 1918 den
1083 1857 1177 1918 lbncn

163 1939 287 2102 {¹331}th
302 1955 538 2016 angesonneuen
554 1939 603 2004 eid
625 1943 805 2016 verwcigert
827 1938 937 2000 baben.
979 1935 1081 2020 (1234
1101 1938 1177 2000 cder

113 2157 302 2227 Fridericus
327 2162 389 2228 ete.
423 2157 557 2227 Civibus
587 2157 908 2228 Wcrmaciensibus.
944 2158 1176 2226 Transmissas

53 2274 150 2344 nuper
166 2259 302 2326 culmini
318 2264 434 2326 nostro
449 2259 675 2326 universtiatis
691 2263 803 2328 ¹vostre
823 2257 950 2326 litteras
967 2258 1060 2326 hilari
1072 2257 1177 2325 allec-

53 2356 134 2424 tione
161 2358 345 2446 recepimus
367 2364 399 2424 et
419 2375 531 2425 earum
548 2358 648 2446 plene
670 2357 905 2444 recollegimus
922 2358 1079 2424 intimata.
1106 2355 1177 2424 Nec

54 2456 251 2528 excellencia
267 2462 383 2524 nostra
405 2456 494 2524 ducit
512 2457 545 2523 in
564 2455 715 2546 dubium,
735 2458 890 2543 quoniam
914 2456 1054 2525 fideliter
1068 2461 1101 2524 et
1115 2453 1177 2524 de-

51 2560 121 2622 votc
135 2574 197 2624 vos
218 2573 300 2642 erga
317 2557 552 2642 progenitores
569 2564 705 2624 nostros
722 2558 906 2642 gesseratis
922 2563 952 2624 cl
964 2555 1176 2624 devotionem

53 2669 155 2721 eurum
176 2654 218 2723 ad
247 2672 359 2722 eornm
386 2655 627 2742 promotionem
651 2653 791 2724 lervenli
813 2655 886 2724 zelo
909 2653 1035 2722 suaritis
1058 2671 1178 2741 persc-

53 2755 118 2820 cuti.
145 2753 313 2842 Rogamus
331 2755 469 2841 insuper
484 2758 608 2840 quanta
626 2752 799 2841 diligentia
817 2760 851 2822 et
872 2752 1040 2822 fidelitatis
1059 2752 1177 2822 ardore

53 2855 197 2921 succensi
219 2871 301 2938 erga
322 2853 464 2922 servicia
485 2857 602 2921 nostra
624 2871 685 2922 vos
707 2853 885 2940 gesseritis
909 2859 942 2921 ct
968 2853 1113 2942 geratis,
1141 2858 1177 2919 ut

53 2947 140 3018 idem
162 2959 306 3020 vestram
327 2958 443 3020 nostro
461 2969 617 3038 geramus
634 2954 667 3020 in
688 2958 825 3040 pectore
843 2951 938 3020 lixam
952 2951 994 3021 ad
1012 2951 1176 3020 devocio·-

53 3049 96 3116 nis
121 3058 235 3120 nostre
260 3053 401 3118 servicia
429 3051 471 3118 ad
495 3051 696 3138 condignam
717 3051 848 3120 laudem
874 3061 907 3119 et
929 3049 1177 3120 retributionem

53 3157 186 3218 vestram
204 3151 364 3220 tenaciori
390 3151 546 3219 memoria
567 3168 816 3220 conservemus.
842 3151 956 3240 Nuper
975 3151 1080 3222 eciam
1101 3167 1176 3219 ma-

54 3247 195 3316 nilestius
217 3249 301 3316 tides
325 3257 438 3318 vestra
463 3249 581 3317 claruit
604 3249 646 3317 ad
668 3250 872 3340 exemplum,
898 3255 934 3318 ut
952 3250 993 3320 ud
1008 3252 1176 3318 iuramen-

54 3351 110 3412 tum
137 3347 227 3436 qucd
250 3349 479 3435 requirebatur
499 3366 518 3416 a
539 3347 635 3416 vobis
660 3347 759 3416 nullis
783 3349 1060 3436 suggestionibus
1078 3349 1175 3415 minis

55 3446 115 3512 sive
134 3447 311 3516 terroribus
326 3449 552 3516 constanciam
569 3449 743 3536 potueritis
763 3449 941 3538 inmutare,
961 3449 1040 3536 quin
1057 3447 1175 3536 pocius

54 3544 191 3632 inspecta
225 3554 259 3614 et
288 3547 423 3632 cognita
454 3545 709 3616 adinvencionis
738 3549 892 3626 versucia
913 3547 1080 3635 imperiale
1111 3562 1175 3612 no-

55 3659 119 3710 men
144 3646 342 3733 exceperitis
362 3653 396 3714 at
412 3645 590 3735 bonorem,
622 3648 699 3734 quia
721 3644 818 3716 nobis
841 3646 999 3714 incumbit
1017 3645 1125 3714 bonor
1143 3648 1177 3711 et

55 3738 150 3812 honus
165 3745 290 3878 imperii
309 3749 342 3812 ct
365 3762 428 3813 vos
456 3750 491 3814 et
508 3749 611 3814 totum
633 3745 803 3834 imperium
821 3745 920 3815 nobis
942 3745 1098 3814 tenemini
1119 3745 1176 3812 iu-

55 3849 199 3911 ramento.

83 4013 110 4078 l)
127 4014 173 4069 das
196 4013 281 4083 slagel
308 4015 343 4068 ist
368 4013 529 4084 abgclallen.
580 4015 611 4086 2)
630 4032 679 4071 aus
703 4017 752 4071 der
775 4017 816 4072 ba.
841 4017 933 4092 philol.
961 4021 1011 4074 105
1034 4037 1067 4074 zu
1094 4019 1176 4074 Wicu

57 4077 109 4134 blut
127 4087 189 4150 tal,
207 4099 251 4138 wo
270 4083 445 4154 spiritualiter
462 4084 532 4141 steht
550 4093 612 4142 stall
631 4085 780 4158 imperiale.
