2886 4834
385 202 517 273 sununs
540 225 778 272 ,tnernruurusns
1082 201 1146 269 111

45 370 68 434 iu
84 365 214 455 ltaliam,
238 363 357 432 volens
383 363 542 433 invadere
571 381 709 452 regnurn
733 364 863 456 Sieilie,
890 364 981 454 quot
1006 365 1049 435 au
1074 371 1236 436 eunitae

14 483 16 520 1
46 486 77 533 en
91 465 297 532 successione
319 462 518 531 hereditaria
537 465 683 531 asseruit
699 465 887 552 pertinere,
907 469 1055 556 ternpore
1071 466 1153 534 Cle-

45 564 142 632 nentis
166 581 251 650 pape
276 563 393 649 quarti.
420 562 495 630 lloe
513 561 654 630 audiens
672 562 829 651 Carolus,
849 565 905 651 qui
924 570 1001 633 tuno
1020 583 1063 632 ex
1084 563 1152 634 do·-

14 721 15 724 ,
46 664 155 730 natione
172 662 361 749 apostoliea
382 661 445 730 sibi
464 661 647 748 assumpsit
671 663 766 748 regni
789 661 902 730 Sicilie
926 663 1153 750 gubernacula

46 759 248 848 gubernanda,
268 760 406 847 collegit
415 761 488 827 uiue
502 777 602 828 versa
619 762 814 849 exereitum,
834 769 868 829 et
880 763 963 831 inito
980 782 1054 831 ourn
1067 781 1152 851 pro-

14 873 16 910 1
45 861 152 928 neribus
170 861 225 946 qui
243 878 317 926 ounr
333 857 528 928 euaderent
544 859 686 928 oonsilio
704 861 846 946 qualiter
860 867 894 928 et
904 861 1074 949 quornodo
1088 863 1153 950 ipsi

45 957 207 1025 tunruulino
230 963 263 1025 01
284 960 354 1026 suis
377 959 535 1026 resistere
554 963 689 1046 posset,
708 956 824 1027 lavore
846 953 957 1028 tannen
974 965 1008 1028 et
1028 961 1152 1028 auxilio

14 1067 15 1070 ’
46 1058 145 1124 donini
160 1056 341 1124 Clementis
358 1074 463 1146 pape,
482 1059 679 1143 congregati
700 1063 777 1124 sunt
800 1075 840 1125 ue
857 1059 949 1126 auies
974 1058 1051 1126 ltine
1072 1059 1152 1128 inde

14 1233 15 1240 χ
44 1155 177 1223 ordinate.
213 1152 383 1242 Aggressi
408 1154 699 1226 sunteonlliotnnr
718 1162 752 1223 et
773 1155 893 1224 belluni
916 1175 1091 1248 magnum,
1120 1163 1153 1226 et

15 1285 16 1288 ¹
44 1254 110 1321 tauta
135 1259 186 1322 est
211 1253 316 1322 eedes
344 1272 466 1340 inagna
490 1253 676 1344 hominurn,
703 1260 737 1322 01
766 1255 908 1323 obtinuit
935 1257 1039 1344 prirna
1065 1256 1152 1324 luoie

45 1352 101 1420 inte
120 1352 331 1420 tunrauinus
353 1360 387 1420 01
413 1353 465 1421 sui
492 1353 672 1421 vietoriarn.
697 1353 741 1421 Et
757 1371 830 1420 eunt
852 1353 1028 1422 Teutuniai
1046 1356 1153 1424 insis-

43 1458 129 1518 tentes
148 1451 258 1539 spolio
284 1451 440 1538 fugarent
458 1450 688 1540 adversurioS‚
713 1451 822 1520 adlrue
844 1452 1034 1522 Cunradino
1060 1455 1152 1522 enis-

43 1555 111 1616 tente
133 1551 165 1617 in
186 1553 357 1639 tentoriiS,
377 1551 572 1638 supervenit
595 1551 736 1638 quedam
757 1553 850 1619 aeies
876 1550 1002 1641 Caroli,
1025 1552 1152 1620 Cunra-

44 1647 132 1715 linunt
153 1652 325 1737 captivare
348 1656 519 1718 sonantes.
545 1650 681 1717 Eleum
709 1667 747 1718 se
769 1649 955 1719 desolutum
975 1651 1076 1742 vidit,
1095 1651 1153 1720 iu-

44 1746 140 1830 010111.
164 1746 307 1816 Deunun
330 1756 447 1837 eaptus
471 1754 505 1815 et
520 1749 629 1837 eapite
651 1755 822 1818 truncatus
843 1756 897 1817 est
917 1768 1006 1819 anno
1030 1749 1152 1820 donnini

46 1845 223 1915 noainviii.
250 1848 302 1916 De
325 1849 418 1916 euius
436 1852 541 1915 morte
565 1853 635 1916 totu
656 1847 749 1917 dolet
769 1848 955 1917 Geruuanio.

239 2161 918 2174 mmm-...-

45 2475 222 2548 anullini
256 2477 314 2546 DE
348 2476 603 2548 ENSMINGEN
632 2475 978 2548 ARGENTINENSIS
1013 2475 1154 2546 GESTA

108 2593 294 2664 RUDOLFI
319 2593 374 2663 ΕΤ
397 2593 587 2664 ALBERTI
610 2591 761 2664 REGUM
781 2589 1072 2662 ROMANORUM.

447 2709 541 2778 1213
561 2749 606 2759 -—
628 2710 732 2780 1299.

463 2911 710 2923 -n——uss-

44 3044 181 3132 lueipiunt
197 3057 296 3139 qesta
311 3053 513 3121 invictissimi
529 3055 649 3123 0000101
668 3053 797 3137 ludolfi
815 3053 1036 3124 Romanorum
1053 3055 1153 3141 renis.

97 3169 185 3275 Corn
203 3214 312 3276 autern
330 3225 469 3295 regnum
486 3207 708 3280 Romanorum
726 3218 862 3280 vacaret
884 3217 1069 3302 otenupure
1095 3209 1154 3278 Ri-

46 3303 135 3378 elardi
150 3309 261 3396 regis,
280 3308 336 3394 qui
353 3306 492 3376 Rornani
509 3310 652 3399 inperii,
670 3309 748 3380 lieet
762 3309 962 3400 prolenisset
977 3310 1153 3398 modicum,

45 3408 201 3494 assumpsit
210 3406 438 3492 gubernacula
454 3408 682 3499 gubernanda,
701 3415 734 3478 et
747 3410 857 3478 nullus
873 3405 1043 3478 Alenunie
1062 3409 1154 3494 prin-

47 3503 133 3590 uipurn
148 3511 282 3594 propter
304 3511 424 3574 rnetuun
439 3507 625 3594 aliquorum
640 3507 798 3577 nobilium
814 3505 986 3576 Alernanie
1002 3506 1064 3574 sibi
1080 3503 1154 3574 Ro-

47 3607 114 3670 nani
129 3607 222 3690 regni
237 3605 386 3690 regimen
402 3622 573 3674 assumere
589 3605 707 3697 nollet,
727 3609 783 3695 qni
806 3612 930 3695 purtem
947 3604 1153 3693 imperatoris

48 3703 71 3763 01
90 3720 214 3772 suorum
237 3709 353 3771 eontra
370 3703 546 3774 eoelesiunu
563 3703 736 3793 fovebant5
763 3712 795 3774 01
812 3705 921 3774 medio
947 3709 1094 3790 tenpore
1119 3703 1154 3770 in

47 3802 169 3880 partibus
190 3799 363 3870 Alemanie
386 3807 419 3870 01
442 3803 577 3872 aliarum
601 3803 899 3874 circumiacentium
922 3821 981 3891 per
999 3801 1153 3870 diversos

49 3899 223 3980 spoliatores
237 3901 363 3968 viuruur
382 3906 415 3968 01
434 3901 563 3972 nobiles
589 3903 694 3992 ipsius
721 3909 806 3972 terre
832 3901 953 3970 luerint
975 3901 1153 3970 insolentie

49 3999 271 4087 quamplurimo
289 3998 493 4089 perpetrate,
512 4007 660 4090 ternpore
676 4001 798 4070 donini
816 4001 966 4088 Gregorii
983 4018 1069 4089 pape
1087 3998 1153 4068 de-

49 4092 121 4185 cini,
144 4097 230 4187 apud
254 4115 353 4185 quenr
382 4117 442 4187 per
468 4099 620 4170 divorsos
649 4097 822 4169 Alemanie
850 4099 981 4170 nobiles
1014 4098 1152 4168 elalius

35 4195 230 4274 transeuntes
251 4213 332 4285 sepe
351 4203 385 4265 et
398 4199 513 4287 sepius
536 4200 742 4287 querimonia
763 4216 864 4288 super
877 4204 967 4268 tanta
990 4195 1152 4286 inportu·
