2888 4824
256 183 329 255 ubo
618 210 780 258 mnonrcon
801 209 1029 258 nnrnonomrsn

175 363 243 422 ratu
259 351 375 422 marita
392 351 480 420 beati
497 349 629 420 Martini
646 367 714 420 non
731 351 999 420 intervenissent
1025 342 1294 420 Nachinrious
1311 371 1386 442 pre-

255 453 388 541 positus
413 449 741 536 Heiligenstarlensis
766 448 956 520 Heinricum
980 451 1134 518 nominem
1159 449 1202 520 rie
1230 451 1385 540 Glycben,

256 550 335 620 dicti
360 551 460 618 castri
487 548 731 618 iraudulentum
756 549 956 639 invasorem,
981 547 1117 618 lavante
1144 549 1257 618 divina
1284 553 1385 637 gratia
1425 542 1432 622 l

256 651 361 738 oepit,
392 667 433 718 ao
465 655 606 718 castrum
640 666 843 737 recuperans
868 647 1012 717 eundem
1045 649 1080 716 in
1104 649 1225 718 eodem
1249 651 1384 717 vinculis
1431 661 1432 716 l

254 749 376 818 iniecit.
1431 769 1432 816 r

330 847 403 916 Hoc
429 863 518 915 anno
542 847 575 914 in
601 848 799 936 episcopatu
817 845 1125 933 llleydenburgensi
1150 865 1211 937 per
1230 846 1384 938 [Alberti]
1431 871 1432 916 r

256 948 419 1037 prepositi
436 944 699 1015 interiectionem
717 947 802 1014 male
817 948 1012 1014 seminatam
1031 945 1156 1037 iuerat,
1171 941 1182 984 ¹
1201 947 1291 1016 adeo
1307 967 1386 1035 pes·
1429 969 1432 1019 l

259 1048 341 1115 sime
360 1046 548 1135 pullulavit,
569 1051 607 1112 ut
631 1047 724 1114 cives
742 1045 1081 1134 Meydenburgenses
1099 1045 1251 1134 pontifici
1268 1064 1309 1113 ac
1325 1046 1386 1114 do·
1429 1047 1432 1116 l

257 1148 347 1215 mino
367 1163 429 1214 suo
448 1163 486 1213 se
504 1146 743 1213 contumaciter
766 1149 989 1234 opponerent,
1014 1146 1121 1232 ipsum
1144 1147 1245 1214 armis
1264 1145 1386 1213 bellicis
1426 1167 1432 1216 t

257 1243 496 1334 impugnando.
528 1242 601 1312 Nee
618 1244 681 1312 lrac
698 1245 880 1332 pertinacia
905 1245 1051 1312 contenti
1070 1261 1188 1312 omnes
1210 1245 1386 1331 religiosos
1426 1267 1432 1317 l

258 1361 300 1413 ao
316 1345 467 1432 clericos,
485 1343 667 1411 nonnullus
684 1344 782 1411 etiam
797 1360 980 1432 pauperes,
999 1341 1041 1410 ab
1059 1343 1140 1412 urbe
1154 1345 1386 1434 propellentes,
1431 1367 1432 1434 r

257 1445 338 1512 iram
353 1443 469 1511 summi
487 1440 604 1510 iudicis
620 1442 683 1510 sibi
702 1444 839 1528 gravius
856 1443 1162 1530 accumulaverunt;
1178 1444 1268 1512 bane
1284 1449 1386 1512 umen

259 1541 379 1611 eodem
401 1543 754 1611 anno'oontumaoiam
771 1541 890 1628 grandi
907 1543 1050 1630 pecunia
1072 1559 1146 1610 cum
1165 1542 1304 1612 domino
1330 1560 1386 1611 suo
1431 1565 1432 1616 i

259 1639 492 1729 componendo
510 1641 715 1727 sopiverunt

333 1738 407 1808 Hoc
424 1756 512 1808 anno
528 1739 706 1828 imperator
725 1739 824 1807 irlium
843 1757 938 1807 suum
953 1733 1139 1808 Heinrioum
1162 1759 1182 1809 a
1201 1740 1388 1828 captiuitate

258 1839 405 1908 liberans
421 1839 534 1926 gracie
552 1855 615 1907 sue
633 1839 784 1908 restituit.
811 1835 886 1919 Quo
906 1839 1025 1907 eodem
1045 1857 1134 1908 anno
1155 1841 1189 1907 in
1210 1845 1388 1928 autumpno

259 1937 429 2028 defuncto,
445 1937 538 2006 alteri
556 1937 623 2006 tilio
643 1955 706 2006 suo
725 1937 880 2006 Conrado
896 1939 992 2024 regni
1009 1937 1239 2025 gubernacula
1254 1940 1288 2007 in
1303 1940 1388 2007 'leu-

259 2039 360 2107 tonia·
374 2028 574 2105 commisit²

331 2136 406 2205 Hoc
426 2153 516 2204 anuo
542 2134 595 2204 die
616 2135 797 2224 palmamm
822 2130 927 2225 [maru
946 2131 1010 2226 28]
1038 2135 1192 2205 dominus
1213 2155 1303 2226 papa
1327 2137 1387 2204 im-

257 2242 443 2326 peratorem
465 2234 682 2304 denuntiarit.
709 2232 917 2322 Quapropter
934 2233 976 2301 ab
993 2236 1069 2324 ipso
1086 2236 1284 2323 imperatore
1308 2237 1388 2304 circa

258 2335 324 2404 kal.
341 2335 422 2401 iunii
436 2335 470 2401 in
487 2333 575 2420 Egra
596 2334 779 2422 principum
796 2339 983 2402 conventus
1001 2341 1196 2422 procuratus
1216 2341 1278 2403 est.
1319 2333 1389 2416 Quo

257 2433 332 2522 ipse
350 2434 543 2524 imperator,
566 2450 705 2501 manens
731 2433 765 2500 in
789 2431 1044 2523 Langobardia,
1071 2435 1212 2503 nuncios
1232 2433 1386 2523 dirigens,

257 2533 383 2601 illatam
407 2531 470 2601 sibi
496 2551 516 2601 a
541 2531 851 2621 papasententiam
869 2533 953 2619 ipsis
978 2532 1190 2618 significavit.
1223 2533 1387 2622 Principes

258 2637 368 2701 autem
385 2633 544 2720 presente
562 2629 718 2698 Conrado
735 2647 816 2716 rege
835 2631 990 2699 cautione
1016 2633 1172 2701 iuratoria
1190 2650 1228 2700 se
1246 2633 1385 2722 impera·

258 2733 322 2800 tori
339 2731 549 2822 obligantes,
573 2747 694 2819 papam
720 2730 785 2818 ipsi
802 2729 1019 2798 reconciliare
1037 2728 1268 2819 promiserunt.
1306 2731 1385 2799 Huic

258 2834 369 2898 tamen
387 2831 476 2898 curio
501 2847 561 2898 rex
579 2829 715 2898 Boemie
741 2834 774 2897 ct
801 2827 946 2896 marchio
963 2830 1301 2918 Brandenburgensis
1324 2848 1385 2900 non

258 2929 512 3019 interessentes,
530 2929 595 3016 ipsi
612 2945 681 2996 non
699 2931 776 2996 sunt
794 2927 942 3014 obligati.
1000 3011 1003 3017 ῃ

333 3024 433 3094 Anno
450 3025 575 3096 ¹domini
592 3027 805 3094 mccxxxix.
829 3025 916 3094 adeo
939 3027 1024 3095 lenis
1051 3028 1177 3097 exstitit
1199 3026 1306 3097 hiems
1321 3032 1384 3095 uta

259 3124 348 3195 iesto
366 3125 492 3194 Tharne
510 3125 578 3194 iero
596 3143 704 3213 usque
723 3124 765 3200 ad
779 3124 1042 3214 purificationem
1061 3127 1214 3218 exceptis
1232 3126 1384 3196 montanis

260 3225 318 3293 nix
335 3225 410 3292 visa
427 3241 496 3292 non
515 3223 575 3292 iuit
592 3243 656 3292 neo
673 3223 811 3312 glacies.

334 3321 409 3392 Hoc
427 3325 531 3392 eclam
550 3341 638 3392 anno
656 3325 825 3412 principos
844 3325 1006 3410 qui'anno
1024 3323 1182 3409 preterito
1200 3330 1316 3390 contra
1332 3323 1383 3389 im-

261 3431 446 3519 peratorem
466 3424 738 3511 conspiraverant
761 3421 870 3490 eidem
894 3422 1168 3511 reconciliantur,
1194 3420 1384 3508 Austrisque

260 3525 398 3610 insuper
415 3521 482 3590 dux
500 3522 628 3611 honori,
656 3520 885 3590 satisfactione
903 3528 1015 3589 taxata
1021 3573 1031 3610 r
1057 3521 1249 3590 restituitur.

335 3620 408 3691 Hoc
427 3639 515 3690 anno
534 3638 649 3688 mense
668 3621 754 3687 maio
773 3621 805 3694 in
826 3619 1005 3708 Campania
1027 3620 1165 3688 Franoie
1192 3621 1286 3688 iuxta
1311 3619 1384 3688 civi-

262 3725 362 3789 tatem
379 3711 609 3789 Pervisinam³
634 3719 769 3787 heretici
796 3718 961 3786 combusti
980 3721 1057 3788 sunt
1073 3737 1211 3789 numero
1231 3737 1272 3788 oc
1290 3721 1384 3788 minus

262 3819 329 3886 nvi.
368 3817 432 3898 Qui
456 3827 493 3888 ut
517 3820 583 3908 ipsi
601 3817 749 3886 ooniessi
768 3817 898 3885 inerant
923 3837 965 3886 ex
992 3835 1105 3887 eorum
1122 3821 1289 3906 progenie
1307 3821 1386 3886 erant

264 3933 351 4004 quos
368 3917 546 4004 imperator
564 3915 777 3986 Theodosius
801 3917 1004 4005 temporibus
1023 3914 1204 4003 Augustini
1228 3917 1272 3986 de
1289 3916 1386 3986 Airita

265 4015 453 4103 expulerat3
473 4017 529 4103 qui
540 4019 644 4084 eciam
659 4015 701 4083 de
717 4019 810 4082 secta
825 4015 1075 4085 Maniobeorum
1092 4016 1197 4085 inisse
1213 4016 1384 4085 creduntur.

302 4159 331 4224 i)
353 4125 425 4276 3qu
443 4155 512 4210 wind
531 4154 631 4213 sehlen.
666 4159 696 4224 2)
715 4156 865 4226 unriclriig‚
890 4158 973 4240 konig
987 4158 1120 4239 ¹llelnrieb
1139 4160 1172 4212 ist
1190 4159 1295 4214 damels
1311 4156 1386 4212 werlu

266 4226 353 4294 begna
374 4232 410 4293 rgt
428 4223 541 4278 worden
558 4225 628 4279 nocb
645 4225 798 4294 gestorben.
836 4227 867 4295 3)
887 4226 1056 4282 Prcvrsrnarn
1075 4227 1174 4284 Chron.
1192 4227 1324 4300 Sampetr.
