2950 4836
285 219 355 287 oto
662 243 837 292 uenunruus
857 239 1049 292 aurnurrsrs·

205 394 270 448 leco
288 384 423 453 Cbrailo
446 383 488 453 de
505 378 646 474 Sleu'nz,
672 383 864 453 Clradoldus
882 383 990 451 dietus
1009 379 1205 470 Orpbanus,
1232 381 1334 468 quasi
1354 394 1427 450 'earn

286 483 539 571 quadringentis
549 485 630 550 viris
646 485 695 551 eis
710 485 842 551 incaute
857 477 1079 569 occurrerunt,
1092 481 1215 568 quibus
1231 479 1304 548 iere
1320 483 1426 548 omni-

286 583 348 650 bns
367 583 490 650 occisis
508 583 699 671 paucissimi
717 588 905 650 evaserunt.
922 582 959 649 ln
978 587 1082 647 morte
1101 597 1236 666 quoque
1256 577 1426 667 prediolo-

285 701 354 748 rnm
382 683 536 749 comitum
562 683 637 770 ipso
663 681 717 748 die
741 680 881 769 deperiit
901 680 1075 747 successio
1102 678 1191 746 illius
1207 678 1426 745 'nobilissime

285 781 459 868 progenici
478 779 519 848 de
537 779 640 867 Plain,
659 781 737 867 quia
752 776 825 848 sine
839 777 1020 846 »heredibus
1039 777 1270 845 decesserunt.
1299 774 1425 844 Otaira-

285 897 342 946 rus
360 880 472 967 itaque
488 896 556 966 rex,
572 879 709 946 obtenta
728 878 782 945 tali
793 878 943 968 victoria,
957 893 1163 965 progressus
1174 868 1320 944 estounr
1331 893 1427 942 exer-

287 979 353 1044 citu
373 996 435 1046 suo
453 979 486 1044 in
502 977 692 1062 Ungariam.
719 975 850 1044 Abinde
868 982 947 1064 post
961 992 1090 1064 paucos
1109 973 1182 1042 dies
1201 973 1265 1042 sub
1286 973 1427 1061 quadam

286 1074 390 1160 iorma
409 1077 661 1164 compositionis
674 1075 815 1164 recedit,
831 1068 958 1142 'ducatu
976 1073 1087 1160 Styric
1106 1091 1181 1140 cum
1199 1073 1340 1140 ciuitate
1358 1073 1426 1138 Bit-

287 1177 398 1263 tovia,
423 1194 521 1262 quarn
539 1173 647 1242 adbuc
662 1175 787 1260 Ungari
807 1172 1054 1262 tenebantsibi
1069 1172 1218 1260 plenarie
1237 1173 1403 1238 restituto.

360 1272 432 1341 Hiis
458 1275 555 1341 ctiam
580 1273 698 1341 diebus
728 1269 944 1341 surrexerunt.
974 1270 1105 1359 quidam
1130 1272 1347 1359 penitenteS,
1374 1271 1426 1356 qui

285 1371 513 1456 flagellatores
532 1372 743 1459 dicebantur,
769 1372 826 1460 'qui
846 1372 950 1458 primo
974 1371 1071 1458 pauci
1090 1387 1228 1438 numero
1249 1387 1268 1436 a
1287 1369 1425 1436 Pemsio

287 1473 420 1538 civitate
439 1471 561 1540 Tuscie
579 1487 775 1560 processum
789 1469 949 1537 babuisse
965 1469 1119 1536 teruntur.
1138 1466 1287 1549 Quorum
1303 1475 1426 1536 sectam

286 1587 354 1637 non
373 1569 480 1636 solum
499 1577 567 1637 tota
585 1570 713 1658 Ytalia,
739 1567 799 1636 scd
819 1576 851 1636 et
868 1569 1026 1654 regiones
1044 1567 1182 1656 plurime
1201 1573 1283 1634 sunt
1303 1573 1428 1652 secute,

286 1669 331 1734 ita
350 1667 439 1755 qrrod
458 1686 530 1735 eam
549 1669 696 1756 inprimis
715 1667 777 1736 sibi
792 1668 881 1734 multi
896 1667 1027 1735 nobiles
1043 1672 1073 1732 et
1087 1673 1293 1734 morosiores
1309 1674 1427 1754 postea

287 1767 400 1834 rustici
419 1775 452 1834 ct
469 1769 562 1855 pueri
580 1771 844 1855 assumpserunt.
871 1765 949 1833 Erat
975 1767 1059 1832 enim
1086 1763 1205 1832 modus
1231 1765 1345 1853 ipsius
1364 1783 1426 1853 pe-

286 1866 424 1934 nitentie
443 1864 491 1933 ad
503 1865 701 1953 paciendum
719 1864 831 1954 dums,
845 1863 1020 1932 borribilis
1039 1869 1071 1930 et
1089 1863 1294 1932 miserabilis
1315 1863 1360 1930 ad
1378 1865 1427 1930 ri-

288 1964 443 2032 dendum.
461 1964 543 2032 Nam
559 1965 599 2032 ab
613 1964 768 2032 umbilico
780 1981 909 2031 sursum
920 1980 1059 2050 corpora
1071 1961 1298 2050 denudantes,
1319 1981 1427 2048 quan-

286 2063 362 2130 dam
378 2069 506 2130 restem
520 2060 998 2153 partemcorporisinleriorenr
1010 2060 1171 2147 usquead
1189 2061 1279 2128 talos
1298 2067 1424 2146 tegen-

288 2168 351 2228 tem
371 2161 556 2252 habebant,
581 2168 613 2229 et
637 2161 773 2248 nc-quis
792 2179 903 2228 eorum
923 2165 1165 2245 agnosceretur
1183 2167 1351 2247 coopcrto
1370 2178 1426 2225 ca·

287 2261 353 2348 pite
379 2267 412 2327 et
439 2261 522 2328 iacic
548 2259 757 2328 incedebant.
789 2257 1019 2326 Proccdcbant
1041 2260 1145 2326 eciam
1166 2259 1235 2326 bini
1253 2258 1311 2325 vel
1332 2259 1425 2345 terni,

289 2366 452 2446 tamquam
471 2359 579 2427 clerici
589 2412 599 2448 ,
624 2356 749 2428 vexillo
767 2361 882 2447 prerio
901 2358 955 2425 vel
974 2357 1112 2446 obruoe,
1131 2357 1276 2443 llagellis
1297 2363 1427 2424 semet-

286 2459 381 2546 ipsos
408 2457 459 2524 bis
485 2459 518 2524 in
538 2457 590 2526 die
608 2477 668 2545 per
685 2457 819 2542 triginta
837 2464 904 2524 tres
929 2455 1003 2524 dics
1031 2462 1065 2522 et
1081 2455 1268 2545 dimidium,
1296 2457 1332 2522 in
1352 2473 1425 2522 mc-

286 2557 422 2624 moriam
442 2559 599 2644 temporis
618 2553 830 2624 humanitatis
846 2555 969 2623 domini
993 2555 1098 2621 nostri
1116 2555 1201 2622 lesu
1220 2555 1346 2622 Christi
1365 2573 1425 2622 su-

286 2673 347 2744 per
371 2663 487 2723 terram
521 2656 731 2744 apparentis,
767 2653 890 2722 tamdiu
917 2653 1147 2744 cbrucianteS,
1177 2671 1361 2741 quousque
1385 2651 1425 2718 ad

285 2754 448 2841 urrasdam
481 2755 685 2844 cantilenas,
723 2771 806 2842 quas
837 2752 878 2820 de
905 2754 1065 2841 passione
1096 2771 1138 2820 ae
1164 2759 1271 2820 nrortc
1301 2751 1424 2820 domini

286 2851 502 2942 dictaverant,
521 2853 652 2920 duobus
670 2853 724 2920 vel
743 2852 846 2920 tribus
864 2850 1122 2940 precinentibus,
1137 2853 1224 2919 eirca
1244 2850 1424 2918 ecclesiam

287 2951 342 3018 rel
366 2953 398 3019 in
422 2951 568 3020 ccclesia
594 2953 860 3040 conrplevemnt,
893 2967 981 3016 nunc
1006 2951 1039 3017 in
1070 2957 1188 3018 terram
1215 2955 1423 3034 corruentes,

287 3067 377 3117 nunc
402 3050 443 3118 ad
469 3051 574 3118 celum
602 3050 690 3118 nuda
716 3049 851 3118 brachia
879 3049 1063 3137 crigenteS,
1088 3066 1156 3116 non
1180 3048 1340 3116 obstante
1358 3049 1423 3114 luto

287 3148 342 3214 vel
360 3149 436 3215 nive
456 3148 577 3234 lrigore
595 3149 649 3218 vel
668 3149 789 3217 calore.
815 3147 1025 3215 Miserabiles
1048 3149 1162 3236 itaque
1186 3154 1309 3233 gestus
1330 3148 1423 3234 ipso-

288 3263 358 3313 rum
378 3252 411 3313 ct
428 3246 498 3314 dira
517 3249 655 3315 verbera
674 3247 794 3316 multos
814 3245 856 3313 ad
873 3245 1026 3313 lacrimas
1054 3252 1086 3313 ct
1109 3245 1152 3312 ad
1172 3245 1422 3334 suscipiendum

287 3344 428 3413 eundern
445 3347 659 3434 penitentiam
684 3345 921 3434 provocabant.
957 3343 1024 3412 Sed
1051 3346 1127 3431 quia
1152 3347 1247 3430 origo
1274 3343 1423 3412 eiusdem

287 3447 470 3533 penitentie
488 3463 551 3512 nec
570 3465 587 3512 a
608 3445 690 3512 sede
708 3441 855 3512 Romana
869 3460 932 3510 neo
951 3442 991 3510 ab
1010 3443 1121 3530 aliqua
1138 3461 1289 3532 persona
1307 3450 1423 3510 aucto-

287 3543 380 3611 rabili
395 3542 600 3632 fulciebatur,
619 3563 639 3610 a
657 3541 854 3630 quibusdam
874 3543 1042 3630 episcopis
1062 3548 1095 3610 ct
1112 3541 1247 3610 domino
1268 3540 1421 3614 Heinrico

288 3641 372 3710 duce
395 3643 548 3711 Bouario
573 3643 660 3730 cepit
679 3641 793 3710 haberi
819 3641 1030 3729 contemptui.
1069 3639 1165 3708 Unde
1191 3647 1369 3730 tepescere
1391 3642 1420 3706 in

288 3740 379 3808 brevi
399 3743 488 3830 cepit
505 3743 591 3810 sicut
608 3758 661 3810 res
679 3739 894 3809 immoderate
913 3745 1085 3827 concepta.
1104 3739 1231 3808 Eodem
1250 3757 1343 3808 anno
1362 3739 1421 3806 dn-

288 3841 395 3906 minus
414 3840 528 3928 Poppo
554 3839 737 3908 monachus
755 3837 955 3906 llltabensis·
975 3837 1107 3923 eligitur
1131 3839 1165 3904 in
1191 3837 1350 3906 abbatem
1369 3857 1421 3904 su-

287 3939 426 4024 perioris
444 3936 581 4028 Altnlre,
599 3939 650 4006 vir
666 3955 787 4024 magne
804 3937 979 4026 prudentie
999 3942 1032 4002 et
1048 3937 1239 4026 religioniS,
1252 3955 1317 4025 per
1334 3939 1420 4003 cuius

287 4033 481 4102 industriam
511 4037 592 4104 ordo
619 4039 823 4104 monasticus
850 4037 882 4102 in
907 4035 1143 4122 Ratisponensi
1170 4035 1316 4124 dyocesi
1343 4035 1422 4123 cepit

288 4134 510 4221 multipliciter
526 4135 695 4203 reformari
708 4129 729 4202 ¹.
1219 4126 1220 4130 ’
1358 4145 1360 4148 ’

324 4244 354 4308 l)
373 4241 463 4296 dieser
481 4241 562 4295 letztc
579 4251 637 4296 salz
655 4243 690 4296 ist
707 4249 792 4296 etuas
810 4248 932 4314 spiterer
956 4239 1123 4294 randzusalz.
1192 4273 1194 4276 -
1227 4275 1243 4282 ·-
1278 4277 1280 4280 -
1325 4275 1330 4284 -
