2888 4824
425 248 462 292 nx
484 247 609 326 roununn
631 247 668 292 ne
689 247 775 316 arna.
1088 217 1161 287 433

33 387 74 458 lio
101 384 234 454 iratrnm
264 402 399 454 suorum
424 384 591 454 dominum
616 385 749 453 Petrum
774 381 955 474 Cnpucium
985 384 1028 456 ad
1052 386 1162 456 velum

33 504 162 555 aureum
193 485 300 554 sancti
327 484 461 571 Georgii
487 482 663 553 diaconum
695 482 897 553 cardinalem
927 483 1097 572 delegauit
1129 487 1163 554 in

34 585 245 673 Germaniam,
263 601 405 652 monens
423 589 458 651 ut
477 581 638 652 officiales
656 583 1002 654 iterato-celebrarent
1021 585 1163 676 electio·

33 703 102 752 nem
125 685 263 768 regiam.
302 683 475 751 Electores
498 683 629 771 itaque,
656 683 897 752 convenientes
924 682 1014 772 apud
1039 701 1163 770 pagum

32 783 204 868 Woringie
224 781 435 850 Coloniensis
454 779 601 850 diocesis
610 833 620 871 ,
639 780 814 867 elegeram
830 783 864 849 in
884 799 998 870 regern
1016 781 1164 851 ll'ilhel-

32 901 110 949 num
128 880 341 949 domicellum
363 879 552 971 Hollandie,
570 885 798 968 protestantes
815 882 923 970 ipsum
942 882 1163 970 potentiorem

34 999 104 1050 esse
122 981 307 1068 principem
331 980 365 1048 in
391 997 496 1066 regno
515 979 699 1048 Germanic.
730 979 772 1047 Et
796 997 875 1048 eece
902 998 1000 1070 quarn
1024 981 1162 1070 primum

33 1081 195 1168 publicata
213 1078 273 1146 tuit
290 1079 430 1169 electio,
457 1080 559 1146 totius
583 1079 697 1146 militie
723 1080 873 1148 solennis
899 1086 970 1148 erat
992 1079 1163 1170 exaltatio,

32 1198 100 1246 narn
127 1185 162 1246 et
186 1177 275 1246 idem
301 1177 429 1247 electus
454 1178 651 1246 vicesimum
677 1195 785 1264 agens
818 1197 940 1247 annum
966 1176 1076 1247 adhue
1101 1177 1165 1247 luit

32 1277 180 1345 inberbis
190 1329 200 1366 ,
219 1277 340 1345 robore
359 1274 526 1367 decomS,
553 1281 627 1345 cute
646 1275 826 1368 candidus,
845 1279 936 1346 crine
954 1279 1162 1367 nigerrimus,

32 1384 150 1446 statura
166 1393 330 1465 procerus
356 1394 397 1444 aa
421 1375 456 1444 in
481 1375 704 1466 dispositione
728 1378 831 1446 totius
856 1377 1008 1466 corporis
1030 1377 1164 1446 ‘collau-

32 1475 164 1543 dandus

97 1573 166 1642 Sed
196 1573 352 1661 quoniam
373 1571 461 1642 idem
485 1572 761 1644 adolescentulus
788 1573 964 1644 electionis
991 1591 1053 1644 sue
1077 1579 1163 1644 tem-

32 1691 105 1761 pore
123 1673 188 1740 luit
207 1672 368 1762 armiger,
397 1671 540 1760 ideoque
560 1690 634 1741 cum
657 1675 831 1761 repentina
849 1671 1064 1743 testinatione
1082 1693 1164 1763 pre-

33 1779 138 1859 parata
164 1777 247 1839 sunt
276 1772 386 1840 omnia
418 1789 619 1860 quecunque
646 1772 708 1841 sihi
739 1772 861 1840 luerint
894 1775 1103 1862 necessaria,
1129 1780 1166 1842 ut

34 1869 212 1939 secundum
229 1870 324 1938 ritum
342 1870 602 1939 christicolarum
629 1873 860 1961 imperatorum
878 1872 973 1940 miles
992 1871 1085 1940 tieret
1102 1889 1165 1939 an-

34 1977 155 2058 tequam
174 1966 382 2057 Aquisgrani
412 1968 563 2039 diadema
586 1972 681 2056 regni
706 1972 898 2060 susciperet.
940 1969 981 2039 Et
1009 1972 1165 2058 quoniam

34 2069 173 2156 plerique
193 2069 315 2136 milites
333 2066 494 2138 moderno
513 2076 679 2159 tempore,
710 2069 923 2158 parcimoniis
940 2068 1163 2158 intendentes

36 2170 157 2236 omissis
177 2169 384 2256 sumptuosis
409 2167 665 2238 solennitatibus
690 2169 808 2238 saltem
825 2185 885 2258 per
902 2169 1077 2258 colaphum
1098 2169 1165 2237 mi-

35 2267 150 2336 litarem
171 2267 369 2353 dignitatem
386 2268 572 2356 accipiunt,
611 2265 757 2356 ideoque
783 2267 874 2336 multi
901 2267 1051 2354 regulam
1069 2267 1162 2336 eius-

37 2365 100 2434 dem
118 2366 247 2435 ordinis
265 2366 461 2452 ignorantes
480 2365 590 2434 dehite
608 2367 744 2436 militare
762 2367 931 2435 nesciunt:
951 2366 1164 2454 quamobrem

35 2467 193 2533 nuteriam
219 2464 461 2553 aliquantisper
485 2483 669 2554 prorogare
694 2465 922 2555 decrevimus,
957 2471 991 2534 et
1016 2467 1164 2554 presenti

37 2563 298 2652 chronographia
313 2561 452 2650 dignum
470 2571 632 2633 annotare
650 2561 821 2654 duximus,
849 2565 989 2652 qualiter
1005 2564 1059 2632 hio
1076 2564 1165 2632 Wil-

37 2661 155 2730 helmus
181 2659 368 2731 secundum
399 2662 611 2731 christianam
642 2663 882 2732 institutionem
907 2663 1002 2732 miles
1033 2668 1085 2730 cst
1112 2661 1164 2731 el-

37 2760 143 2852 iaotus,
170 2768 274 2849 atque
292 2761 442 2848 regulam
460 2761 607 2830 militaris
633 2761 759 2832 ordinis
785 2780 860 2836 oum
886 2779 1012 2830 summa
1030 2760 1163 2830 testivi-

36 2865 93 2928 tate
110 2859 289 2950 prolessus
309 2866 379 2948 est3
403 2867 440 2928 ut
469 2879 512 2930 ex
538 2879 579 2929 eo
597 2860 730 2930 discant
746 2860 895 2929 moderni
912 2861 1043 2950 militen,
1063 2860 1162 2948 qualo

38 2960 139 3045 iugum
161 2962 199 3028 in
225 2957 342 3028 ordino
369 2977 431 3027 suo
458 2962 687 3050 susceperint,
718 2978 759 3029 ac
775 2965 866 3028 certe
884 2960 982 3050 quale
999 2963 1112 3029 votum
1129 2961 1163 3026 in

38 3058 241 3144 professione
260 3075 321 3126 sue
340 3058 455 3144 regule
473 3061 692 3147 promiserint.

101 3157 224 3246 ltaque·
244 3158 427 3246 preparatis
450 3158 484 3225 in
511 3157 660 3228 ecclesia
679 3157 872 3228 Coloniensi
897 3156 1069 3247 omnihus,
1087 3163 1166 3245 post

41 3257 243 3342 euangelium
262 3253 412 3324 solennis
438 3257 539 3325 misse
557 3256 705 3345 prelatus
723 3257 922 3324 Wilhelmus
940 3257 1082 3342 armiger
1100 3272 1164 3324 co·-

41 3371 99 3422 ram
116 3354 276 3423 cardinali
294 3353 479 3443 productus
506 3361 559 3422 est
585 3373 643 3445 per
660 3373 773 3441 regern
790 3355 966 3443 Bohemie,
998 3353 1163 3422 dicentem

40 3450 68 3518 in
84 3452 168 3521 hunc
186 3452 336 3522 modurn:
361 3454 469 3521 Vestra
485 3455 681 3537 reverentie,
694 3458 794 3539 peter
811 3453 971 3536 almiflua,
986 3456 1164 3539 presente·-

42 3568 103 3617 mas
118 3551 204 3620 trane
221 3552 357 3619 electam
375 3553 592 3638 ermogenem,
616 3553 821 3620 devotissime
837 3550 1061 3638 supplicantes
1078 3567 1164 3636 qua-

41 3651 122 3718 rmus
137 3655 254 3718 nestra
266 3653 474 3737 paternitas,
492 3653 634 3718 vaticam
656 3654 728 3719 eius
748 3650 987 3738 professionem
1009 3650 1164 3734 accipiat,

41 3753 72 3812 ot
85 3750 217 3817 militari
234 3754 348 3816 nostro
365 3749 503 3835 collegio
520 3750 693 3836 dignanter
709 3748 851 3818 adscribi
863 3749 983 3817 natent.
1001 3748 1164 3816 Dominus

44 3853 140 3916 autern
160 3847 338 3918 cardinalis
356 3849 389 3916 in
407 3848 653 3936 pontificalibus
680 3849 846 3918 assistens
873 3847 1093 3936 ornamentis,
1115 3849 1165 3914 ei·
1194 3859 1196 3866 ·
1257 3841 1261 3855 “

45 3943 108 4012 dem
124 3947 204 4016 dixit
218 3948 382 4032 armigero
398 3947 582 4015 secundum
597 3947 834 4036 etymologiam
847 3945 997 4015 eiusdem
1012 3947 1165 4026 nominis,

46 4044 125 4129 quod
149 4053 202 4114 est
225 4046 338 4114 miles:
374 4044 514 4130 Oportet
544 4053 799 4132 unamquemque
829 4045 971 4112 militare
996 4044 1164 4124 volentem,

45 4159 108 4209 erse
122 4147 382 4231 magnanimum,
400 4145 588 4230 ingenuom,
612 4144 814 4234 largifluum,
834 4145 999 4230 egregiam
1022 4147 1056 4209 et
1077 4145 1164 4208 stre-

45 4256 139 4310 nnum.
170 4243 416 4330 Magnanimum
447 4246 482 4312 in
514 4243 730 4327 adversitate,
761 4245 934 4330 ingenuum
962 4244 996 4309 in
1020 4255 1164 4308 aeman-

79 4361 210 4408 uonnuaa
228 4365 340 4408 ronnas
360 4363 383 4406 a.
934 4350 967 4402 28
