2886 4834
293 189 338 257 98
667 216 793 262 truanes
813 216 1055 262 annrurmansns.
1438 195 1439 200 ’

212 364 279 420 tora
370 354 470 423 Anno
488 355 611 432 domini
630 354 815 422 mlxxuiiii.
833 349 1317 440 WernbariusArgentinensis
1332 355 1426 441 epis-

293 472 397 543 copus
416 454 507 521 obiit.
550 453 609 521 Cui
627 451 706 521 Otto
726 453 956 521 schismaticus
975 455 1150 520 suecessit.
1182 451 1307 520 Eodem
1334 458 1439 526 tem-t

290 571 371 642 pore
387 551 627 620 inAlemannia
642 554 701 620 tria
714 553 915 620 monasteria
929 553 1033 640 primo
1042 553 1191 619 instituta
1203 553 1339 636 egregie
1349 551 1425 638 pol·

289 652 419 720 lebant:
446 653 552 719 sancti
568 652 672 720 Blasii
688 653 722 718 in
740 651 844 737 Nigra
863 651 981 738 Sylva,
1001 651 1109 718 sancti
1125 649 1251 719 Aurelii
1274 653 1309 717 in
1327 650 1439 717 Hbs-t

291 752 402 839 augia,
422 752 528 819 saneti
546 751 731 818 Salvatcris
748 751 781 817 in
802 749 1014 817 Scbatbuson
1033 755 1095 817 etc.
1438 733 1439 820 l

364 849 463 917 Anno
479 849 600 918 domini
615 866 707 916 mxc.
733 847 870 916 lundata
889 855 941 916 cst
953 847 1135 933 Margbach
1158 846 1303 916 ecclesia
1316 845 1423 912 sancti

289 947 469 1034 Augustini
495 967 515 1015 a
538 948 667 1014 militari
695 953 729 1014 et
753 947 873 1014 illustri
897 948 967 1014 viro
995 945 1188 1014 Burcbardo
1213 944 1255 1012 tle
1281 943 1424 1010 Gebels-

290 1049 396 1135 wilre,
417 1048 512 1114 cuius
531 1046 662 1114 adiutor
679 1053 712 1112 et
729 1051 928 1133 cooperator
946 1043 1156 1113 fidelissimus
1175 1044 1338 1130 magister
1350 1042 1439 1110 iila-i

289 1144 944 1232 geboinusuenurenuarnemar....

362 1243 461 1313 Anno
480 1243 603 1312 domini
621 1245 748 1310 mxcii.
767 1243 933 1331 principes
951 1240 1159 1310 Allemannie
1184 1237 1227 1306 ad
1250 1237 1424 1308 defensio-

288 1361 365 1410 nem
384 1350 500 1411 sancte
518 1343 631 1410 matris
657 1343 801 1410 ecclesie
818 1342 1015 1409 unanimiter
1033 1343 1273 1426 convenerunt,
1295 1337 1424 1424 sibique

290 1441 333 1508 arl
358 1441 424 1510 boc
449 1443 627 1528 negocium
652 1439 885 1526 exequendum
912 1439 1044 1508 fratrem
1071 1436 1235 1506 Gebhardi
1253 1436 1422 1504 Constan-

289 1542 405 1608 tiensis
424 1541 574 1630 episcopi
587 1539 777 1608 Bertoldum
793 1539 834 1606 de
848 1539 1018 1624 Zeringen
1036 1536 1155 1604 ducem
1172 1538 1281 1604 tocius
1302 1535 1423 1604 Suevie

289 1641 550 1729 constituerunt,
585 1640 641 1725 qui
665 1637 812 1706 nondum
842 1636 998 1706 ducatum
1024 1637 1167 1722 aliquem
1192 1635 1329 1724 babuit,
1363 1634 1421 1701 etsi

288 1740 352 1806 iam
370 1738 493 1806 dudum
511 1754 633 1804 nomen
651 1735 746 1804 ducis
772 1736 896 1804 babere
923 1735 1143 1804 consueverit.
1185 1733 1248 1802 llic
1264 1735 1420 1822 preterito

288 1855 378 1906 anno
390 1839 424 1904 in
437 1837 571 1925 proprio
584 1835 708 1904 allodio
722 1834 1070 1920 Brisgaagiel'riburg
1088 1833 1254 1901 civitatem
1271 1833 1420 1900 initiavit.

361 1947 460 2016 Anno
479 1946 602 2014 domini
619 1947 758 2014 mxciii.
783 1944 983 2013 Bertheldus
1003 1943 1070 2011 dux
1086 1943 1298 2033 Alemannie,
1319 1945 1376 2030 qrri
1393 1949 1421 2008 ei

288 2047 330 2115 de
348 2048 535 2134 zeringen,
560 2045 735 2114 cenobium
752 2044 988 2112 monachorum
1011 2045 1044 2109 in
1063 2042 1190 2110 bonore
1209 2044 1320 2117 sancti
1339 2043 1418 2109 Petri

287 2148 320 2212 in
338 2145 442 2231 Nigra
461 2143 565 2231 Sylva
583 2145 776 2233 construxit,
796 2141 1024 2230 quod-postea
1043 2140 1141 2208 irater
1159 2143 1232 2209 cius
1248 2140 1418 2208 Gebehar-

289 2244 351 2312 dus
371 2243 638 2311 Constantiensis
657 2243 838 2331 episcopus
859 2241 1079 2308 consecravit.
1098 2291 1105 2306 .
1124 2293 1131 2306 .
1151 2291 1158 2307 .

361 2351 460 2421 Anno
480 2353 603 2420 domini
619 2371 691 2420 mc.
710 2352 797 2420 lacta
815 2359 868 2420 est
884 2352 980 2419 lamis
998 2350 1268 2439 incomparabilis
1283 2357 1321 2420 et
1335 2369 1417 2418 mor-

287 2451 398 2520 taliias
423 2451 597 2520 horribilis,
639 2449 717 2518 Otto
744 2469 878 2540 quoque
902 2449 1161 2537 Argentinensis
1188 2451 1416 2518 schismaticus

288 2551 329 2620 de
347 2551 618 2620 ierosolimitano
635 2551 751 2618 itinere
768 2567 923 2618 reversus
933 2603 942 2639 ,
962 2548 1024 2617 sed
1041 2548 1083 2616 de
1102 2549 1282 2617 schismate
1301 2555 1340 2616 ut
1355 2567 1416 2636 pu-

287 2652 417 2718 tabatur
434 2668 502 2717 non
521 2649 728 2738 emendatnS,
747 2649 833 2716 diem
852 2649 972 2716 clausit
989 2653 1177 2715 extremum.
1214 2647 1275 2715 Cui
1292 2647 1415 2716 Balde-

287 2751 395 2817 winus
415 2769 476 2817 sex
493 2754 619 2816 tantum
635 2749 782 2816 victurus
800 2745 1028 2815 hebdomadas
1048 2747 1222 2814 successit.

359 2858 456 2928 Anno
475 2859 599 2927 domini
616 2860 773 2926 mcxrrii.
796 2857 971 2926 Bertoldus
990 2857 1058 2925 dux
1081 2857 1123 2924 de
1140 2857 1311 2944 Zeringen
1329 2855 1412 2924 Mol-

285 2959 425 3026 lcsboim
444 2957 614 3025 occiditur.

360 3067 459 3136 Anno
478 3068 601 3136 domini
619 3067 791 3136 mclxiii
810 3024 903 3136 Cano
917 3063 1412 3154 Argentinensisepiseopusde

288 3166 369 3235 sede
388 3168 528 3256 pellitur.
556 3167 615 3234 Cui
633 3167 744 3234 Bruno
764 3169 943 3256 episeopus
962 3167 1205 3254 supraponitur.
1224 3217 1232 3230 .
1252 3217 1259 3231 .
1279 3217 1286 3231 .

360 3275 459 3346 Anno
478 3277 600 3346 domini
619 3279 811 3346 m.c.xx.viii.
831 3283 891 3345 etc.
926 3275 1052 3345 Eoriem
1078 3293 1166 3343 anno
1193 3281 1411 3344 constructum

287 3383 339 3446 est
362 3379 597 3445 monasterium
629 3376 719 3464 quod
753 3383 891 3444 vocatur
915 3375 1045 3444 Novum
1073 3373 1224 3442 Castrum
1255 3375 1290 3440 in
1316 3372 1410 3441 tundo

284 3475 438 3544 Reinaldi
460 3477 589 3544 comitis
614 3475 656 3542 de
673 3474 907 3561 Lutzelnburg.
948 3474 990 3542 Et
1015 3474 1104 3561 cepit
1121 3473 1322 3541 crescere-in
1340 3490 1411 3561 per-

287 3577 380 3646 sonis
399 3581 432 3644 et
448 3574 548 3642 rebus
570 3579 602 3642 et
619 3574 782 3659 religione
802 3580 862 3642 etc.

358 3683 458 3753 Anno
476 3685 600 3756 domini
618 3702 765 3752 mcxxx.
783 3683 868 3752 iacta
888 3688 939 3752 ost
955 3686 1068 3772 pugna
1086 3682 1172 3748 inter
1186 3679 1408 3748 Gebehardum

286 3782 567 3869 Argentinensem
592 3785 787 3872 episcopum
811 3789 844 3850 et
868 3781 1067 3849 Fridericum
1086 3779 1204 3848 ducem
1221 3777 1408 3846 Alemannie

287 3881 376 3969 apud
394 3881 610 3966 Giiganbeim.
652 3881 779 3950 Eodem
805 3899 894 3950 anno
921 3879 1127 3948 combustum
1147 3883 1199 3946 est
1215 3878 1323 3946 maius
1341 3893 1408 3944 mo·

286 3981 466 4046 nasterium
483 3978 731 4066 Argentinense
749 3981 863 4068 primo.
936 4033 942 4046 .
1438 3999 1439 4078 p

360 4087 459 4158 Anrrc
486 4090 609 4160 domini
634 4092 749 4159 mcxl.
772 4091 981 4160 combustum
1014 4095 1067 4160 est
1091 4091 1326 4159 monasterium
1350 4085 1407 4155 rir-
1438 4081 1439 4136 t

288 4189 488 4274 gentinensc
507 4188 665 4257 seeundo.
