2890 4832
374 253 509 300 clusano
530 255 598 300 uren
620 256 644 300 s.
665 255 854 302 recrescunt.
1096 225 1166 293 323

43 394 197 482 exspirat.
213 391 371 462 Induerat
385 393 472 461 euim
487 392 751 462 maledictionem
769 393 856 460 siout
875 393 1119 483 vestimentum,
1136 400 1170 462 et

43 493 175 560 intravit
192 494 279 560 sicut
295 509 384 580 aqua
400 493 434 559 in
452 494 607 560 interiora
624 493 706 560 cius.
732 493 848 580 ltaque
867 509 964 560 nemo
986 490 1087 560 debet
1104 493 1169 562 sibi

43 592 160 660 malum
185 593 373 681 imprecari,
399 593 479 679 quia
501 592 579 660 licet
595 592 761 677 benignus
780 593 822 659 sit
840 591 974 679 spiritus
993 593 1167 680 sapientie,

41 709 104 758 uon
121 689 534 779 tamerrsemperlilrerabit
547 690 896 759 maledictumalabiis
907 691 989 758 suis.
1006 687 1078 758 Hec
1092 691 1169 758 milri

41 791 147 858 retulit
170 793 266 860 miles
285 789 433 880 quddam,
459 790 514 878 qui
539 790 600 858 has
626 787 765 858 Arnoldi
787 789 1013 879 blasphemias
1033 789 1168 880 audivit,

41 908 100 957 nac
117 897 455 978 tamanoompesoere
466 888 871 978 potuitblasphemantem.
889 889 931 957 lit
944 891 1000 956 vix
1012 891 1168 977 estquis-

43 1007 136 1076 quom
152 991 189 1057 in
204 990 326 1056 vicinia
348 1007 446 1076 mem
460 994 585 1056 tantum
601 989 706 1057 lateat
722 989 923 1056 miraculum.
949 985 1097 1056 Audiam
1114 1007 1169 1057 ro-

43 1097 170 1156 oantem
189 1089 300 1156 militis
317 1087 414 1156 huius
431 1105 562 1177 penam,
577 1094 676 1176 atoue
690 1089 814 1156 utinam
824 1106 892 1156 uou
908 1089 1004 1156 etiam
1021 1094 1168 1156 eternam

42 1186 303 1277 damnationem,
328 1188 384 1274 qui
402 1205 601 1274 quacunque
626 1205 786 1256 excausa
805 1189 936 1275 martyri
954 1186 1169 1256 detrahentes

42 1294 72 1353 et
87 1287 198 1372 glorie
217 1289 289 1356 cius
307 1286 496 1354 invidentes
513 1286 627 1354 dicere
646 1287 773 1355 solent:
798 1286 1015 1372 Nequaquam
1033 1286 1169 1354 medere

39 1403 213 1470 poscemus
230 1387 335 1453 mnam
350 1384 524 1471 superbum
537 1403 676 1453 cccrum
689 1391 722 1452 et
733 1404 877 1472 prorsus
891 1386 1011 1452 muodo
1028 1385 1169 1453 deditum

43 1485 206 1553 mirmulo
214 1503 315 1572 posse
328 1485 433 1552 edere.
452 1484 672 1554 Conciderant
684 1485 731 1553 illi
741 1484 820 1572 quid
830 1484 1009 1572 aliquando
1024 1484 1167 1554 tortasse

43 1582 144 1673 luerit,
166 1584 228 1652 sed
244 1583 324 1672 qrrid
337 1602 397 1672 per
410 1585 597 1672 mmtyrium
612 1584 720 1652 laetus
741 1586 866 1653 sitnon
882 1583 1066 1652 attendunt.
1086 1582 1168 1652 Cre-

44 1681 117 1750 dant
141 1684 261 1752 saltem
282 1683 444 1752 salvatum
463 1701 560 1771 quom
581 1683 743 1752 demones
764 1690 940 1772 mortymm
959 1683 1167 1752 cantitantur.

112 1784 225 1868 Caput
248 1783 556 1868 meinumpcinlrrm.
582 1783 643 1851 Est
667 1784 701 1850 in
725 1784 858 1850 civitate
880 1781 1167 1868 Magdeburgensi

45 1881 174 1967 quidam
203 1881 367 1951 obsessus
386 1901 405 1949 a
423 1881 566 1950 demone
590 1885 757 1971 pessimo,
782 1883 838 1969 qui
858 1882 977 1950 nullius
996 1883 1089 1949 timet
1106 1900 1167 1948 ex-

44 1982 216 2071 orcismos
234 1999 298 2050 nec
314 1981 386 2048 vult
399 1981 613 2071 respondere,
628 1983 693 2049 uisi
708 1983 765 2048 uui
780 1980 946 2050 sacerdoti
962 1982 1019 2068 qui
1032 1982 1166 2068 specia-

43 2078 101 2146 lem
127 2083 270 2166 gratiam
295 2087 410 2148 contra
426 2080 515 2148 illum
533 2082 701 2169 accepite
719 2080 853 2149 domino
863 2131 873 2167 ‚
898 2080 951 2146 oui
969 2081 1066 2147 etiam
1085 2097 1168 2166 sepo

45 2196 128 2246 nova
156 2187 190 2247 et
216 2179 348 2248 occulta
371 2179 482 2248 dicere
505 2181 691 2250 consuevit.
722 2178 885 2248 Postridie
912 2180 985 2246 eius
1011 2178 1075 2246 diei
1100 2195 1168 2264 quo

45 2280 176 2346 occisus
195 2286 249 2348 est
270 2279 470 2367 episcopus,
488 2281 637 2367 precepit
652 2279 699 2347 illi
716 2277 876 2347 sacerdos
896 2285 930 2345 ut
946 2277 1071 2365 aliquid
1088 2279 1168 2346 noui

44 2377 103 2463 ipsi
128 2377 266 2447 diceret.
292 2377 352 2446 lllo
379 2377 502 2446 diutius
528 2377 713 2446 reluctante
740 2385 774 2446 ot
794 2376 993 2465 presbytero
1011 2379 1168 2460 instante,

46 2477 120 2544 miro
139 2475 240 2545 modo
259 2478 347 2565 oepit
360 2476 481 2545 demon
490 2476 597 2545 ridere
607 2477 797 2545 cachinnari
811 2494 928 2544 uranus
946 2475 1168 2564 complodere.

47 2573 191 2663 Cumque
209 2575 369 2644 sacerdos
387 2576 526 2646 dicaret:
554 2576 643 2664 Quid
653 2575 755 2644 lobes
771 2581 804 2643 et
820 2593 882 2661 pue
900 2593 1006 2642 corno
1019 2580 1070 2642 est
1085 2577 1169 2642 tenti

45 2675 177 2758 tripedii
198 2677 271 2743 ici?
296 2675 480 2764 respondet
502 2676 575 2742 illa:
600 2675 681 2759 Eia,
706 2676 785 2742 eia!
804 2674 888 2742 Sero
910 2674 967 2741 ille
987 2673 1167 2759 Eopciber·

45 2776 92 2839 tos
115 2775 173 2859 qui
191 2775 325 2842 Coloaie
344 2777 517 2860 episeopus
537 2780 614 2842 erat
634 2777 764 2842 occisos
782 2778 840 2841 est.
867 2773 1029 2860 Stupente
1048 2791 1167 2840 sacer-

47 2869 121 2940 dote
140 2872 344 2942 addicente:
370 2873 545 2942 Mentiris!
559 2874 615 2942 ille
634 2873 824 2962 respondit:
848 2874 920 2940 Cito
934 2873 1109 2958 percipies.
1131 2872 1168 2938 Et

49 2969 227 3040 sacerdos:
254 2973 357 3040 Fuisti
377 2974 411 3040 in
431 2978 536 3040 morte
560 2975 656 3042 eius?
686 2973 762 3058 lui,
786 2973 894 3060 inquit
915 2971 989 3061 ille,
1014 2973 1079 3038 imo
1104 2989 1169 3038 noo

47 3075 118 3136 sunt
141 3075 189 3137 tot
211 3073 371 3157 mominis
390 3069 523 3144 tardato
547 3077 627 3156 quot
640 3071 683 3139 idi
699 3073 893 3158 conprepoti
905 3070 1037 3154 fuimus.
1064 3069 1168 3139 Cum-

49 3185 107 3254 que
126 3170 289 3239 sacerdos
307 3170 448 3239 diceret:
477 3171 566 3259 (leid
580 3171 708 3254 focium
726 3175 777 3239 cst
796 3171 836 3238 de
859 3172 971 3237 emmo
993 3172 1090 3238 eius?
1114 3170 1169 3237 lu·

49 3268 140 3352 gubri
157 3285 242 3338 voce
261 3269 451 3358 respoudit:
479 3269 620 3358 Quando
635 3270 722 3338 oculi
741 3273 811 3338 eines
824 3271 981 3356 sosprises
994 3267 1124 3338 obdstcti
1138 3273 1171 3336 et

48 3369 193 3452 oppressi
214 3368 326 3452 some,
359 3371 472 3437 omme
496 3367 589 3438 nodis
615 3374 731 3456 erepto
753 3375 818 3452 eet,
849 3373 881 3435 st
900 3386 964 3454 pao
983 3370 1171 3453 pervenerit

47 3465 167 3550 iprmro.
184 3467 266 3536 Post
282 3467 424 3536 triduom
443 3467 618 3536 audientes
637 3468 680 3537 de
697 3476 802 3538 morte
820 3467 986 3556 pontilicis
1006 3471 1088 3533 satis
1104 3465 1169 3533 ad-

50 3565 146 3634 mirati
165 3571 261 3652 sunt,
281 3567 401 3654 quibus
419 3568 512 3656 prius
529 3567 633 3635 verba
650 3566 804 3636 demonis
826 3567 1048 3634 innotuerant
1075 3565 1169 3632 Civi-

51 3667 96 3730 tas
122 3665 208 3732 enim
231 3664 538 3753 Magdeburgcnsis
556 3684 576 3733 a
593 3667 669 3736 loco
692 3665 784 3736 cedis
810 3683 897 3754 pene
917 3671 1057 3752 quatuor
1073 3663 1170 3732 obest

51 3763 283 3834 mansionibus.
317 3765 390 3834 Etsi
413 3771 524 3834 autem
548 3764 703 3834 diabolus
730 3766 872 3836 mendax
897 3771 949 3831 est
966 3763 1008 3831 alr
1025 3764 1118 3832 initio
1137 3771 1171 3832 et

50 3867 136 3946 pater
153 3864 243 3946 eius,
270 3870 402 3933 constat
423 3871 534 3932 tamen
559 3882 601 3933 ex
618 3867 869 3951 evangeliorum
887 3864 1076 3932 testimonio
1095 3881 1169 3930 aum

52 3960 222 4047 aliquando
241 3980 319 4030 vera
337 3963 449 4032 dicere
467 3970 581 4032 contra
600 3966 925 4050 suamvoluntatem,
944 3963 1084 4030 maxime
1098 3979 1170 4030 oum

54 4061 265 4151 exoreizatur,
285 4064 330 4129 uti
350 4062 414 4130 lroo
433 4081 605 4150 speramus
624 4062 715 4150 quod
734 4063 976 4148 subiungimus,

119 4159 224 4245 Caput
240 4160 394 4230 mamam
412 4166 548 4230 sectum.
576 4163 613 4230 ln
639 4161 975 4232 diocesi-Trevirensi
994 4167 1047 4230 est
1065 4177 1169 4228 oeno-

54 4251 129 4324 bium
144 4261 442 4330 sanctimonialium
456 4260 583 4330 ordinis
602 4261 832 4332 eisteroiensts
845 4257 939 4349 ¹quod
960 4259 1001 4326 ad
1020 4265 1169 4328 sauctmn

919 4369 972 4420 ar*
