2890 4832
287 241 357 311 308
612 271 748 318 crusnam
768 269 838 316 rrrn
860 271 884 317 s.
905 271 1092 318 rneraamrr.

280 427 358 479 nov.
379 408 418 502 l]
446 409 511 478 deo
541 407 684 479 dilectus
709 408 861 502 pontifex
885 417 1022 499 propter
1045 410 1167 479 bonum
1190 411 1283 499 pacis
1301 410 1394 480 Susa-

279 519 347 578 lum
364 511 465 578 vonit.
493 508 591 576 Venit
608 515 642 576 et
658 507 845 578 Fridericus
865 528 937 578 cum
957 510 1110 579 iratribus
1138 511 1208 578 suis
1227 511 1393 600 episcopis,

280 610 421 696 aliisque
436 609 591 696 cognatis
607 609 679 676 suis
695 613 795 695 atque
815 609 1024 677 consiliariis.
1050 609 1113 678 Ubi
1132 626 1207 677 curn
1226 608 1331 678 triduo
1345 627 1393 698 pro

279 709 521 796 compositione
539 708 633 795 pacis
655 706 839 775 laboratum
857 714 959 797 esset,
979 708 1069 776 nulla
1088 709 1141 776 uia
1158 726 1226 796 que
1242 707 1392 776 Friderico

279 808 427 896 placeret
445 807 585 875 inveniri
604 807 721 895 potuit.
748 806 964 874 lnduraverat
983 809 1067 875 enim
1090 807 1246 876 diabolus
1265 825 1322 875 cor
1335 809 1393 876 eius

280 907 376 994 quasi
402 905 563 994 lapidem,
590 913 623 973 et
645 907 820 974 strinxerat
840 905 873 973 id
896 908 991 994 quasi
1015 906 1217 975 malleatoris
1244 906 1392 974 incudem

277 1006 358 1074 Eius
377 1005 576 1072 consiliariis
594 1011 672 1072 tuuc
690 1007 847 1093 temporis
861 1007 1078 1095 congruebat,
1095 1005 1186 1094 quod
1202 1005 1245 1074 de
1263 1005 1392 1094 diabole,

279 1106 373 1172 ouius
391 1103 535 1171 membra
552 1121 612 1192 per
632 1106 912 1192 conspirationem
931 1104 1039 1173 allecti
1066 1111 1161 1193 sunt,
1180 1105 1283 1192 paulo
1302 1121 1393 1192 sope-

278 1205 347 1272 rius
364 1202 406 1271 ad
425 1201 490 1270 lob
512 1201 635 1271 dictum
657 1211 710 1270 est
727 1222 746 1272 a
763 1203 924 1272 Domino:
940 1205 1082 1289 Corpus
1100 1203 1188 1271 illias
1204 1205 1303 1290 quast
1314 1207 1394 1270 scala

275 1302 392 1386 fitutia
407 1306 613 1387 compactam
626 1304 773 1387 equando
790 1321 828 1370 re
846 1302 1076 1388 prementibus.
1106 1302 1179 1370 Una
1195 1304 1254 1370 uni
1271 1303 1391 1369 eomun-

276 1403 366 1488 pitcr
385 1405 419 1467 et
435 1419 476 1468 ae
500 1402 703 1487 spiraculum
729 1401 858 1487 quidem
879 1401 1000 1469 incedit
1018 1419 1082 1488 per
1099 1419 1167 1468 ear.
1214 1401 1291 1470 Una
1311 1399 1394 1469 alteri

278 1499 449 1567 adherebit
469 1503 503 1567 ct
519 1503 662 1568 daentee
682 1518 719 1568 se
731 1518 937 1586 nequaquam
953 1499 1208 1586 seperabuntur.
1235 1501 1287 1569 lta
1305 1507 1393 1589 erant,

278 1598 437 1687 quicquid
454 1598 693 1689 eradicarent,
712 1601 963 1689 conspiratores
988 1600 1035 1667 illi
1052 1601 1085 1668 in
1097 1605 1272 1688 ‘concepta
1288 1599 1393 1667 malitia

278 1699 468 1786 pertinaces
485 1703 518 1767 ct
534 1697 687 1789 indurati,
705 1701 751 1767 ita
768 1699 967 1768 coherentes
985 1705 1019 1767 et
1038 1697 1266 1789 confederati,
1285 1704 1320 1766 ut
1331 1697 1392 1765 nul·
1427 1744 1431 1765 ,

278 1797 345 1865 lum
364 1798 458 1885 pacis
477 1799 650 1866 consilium
669 1797 770 1866 corde
789 1804 932 1887 possent
952 1797 1133 1866 admittere.
1429 1850 1430 1854 ,

353 1897 462 1982 Caput
481 1899 618 1964 tertiam.
644 1897 771 1966 Placuit
788 1899 875 1966 circa
889 1896 975 1965 idem
991 1903 1123 1986 tempus
1140 1897 1271 1985 spiritui
1289 1901 1391 1964 saneto
1429 1905 1430 1952 1

277 1997 429 2083 martyris
448 1997 499 2064 sui
520 1995 617 2064 linem
639 1996 836 2083 quibusdam
860 1997 940 2064 viris
965 1996 1152 2085 religiosis,
1170 1993 1274 2084 idque
1293 1995 1391 2064 diver·
1425 2054 1429 2088 z

278 2095 325 2163 sis
343 2096 376 2162 in
392 2095 489 2184 locis,
508 2095 665 2164 revelare.
691 2095 879 2165 Monachus
898 2094 1030 2184 quidam
1046 2096 1323 2181 congregationis
1338 2111 1391 2161 no·

277 2200 363 2282 stre,
382 2195 513 2261 iuvenis
535 2193 672 2282 probate
693 2194 905 2278 viceabbati
926 2201 1043 2263 nostro
1069 2195 1232 2263 seoretius
1257 2192 1390 2261 dicebat:

276 2292 432 2375 Dandae,
458 2295 487 2360 st
512 2310 579 2377 qua
601 2292 704 2361 daces
727 2294 906 2361 tractanda
920 2311 994 2360 eam
1010 2291 1262 2378 archiepiscopo
1279 2309 1318 2362 ne
1336 2289 1390 2373 ds-

273 2390 387 2474 seror,
404 2394 463 2476 ¹qui
481 2391 571 2460 drcoi
586 2394 752 2460 morietur.
779 2393 859 2461 Post
877 2391 949 2460 dies
965 2409 1093 2480 paucos
1117 2391 1315 2460 inlirnrarius
1336 2407 1390 2458 ne·
1425 2390 1427 2478 ἦ

277 2495 364 2579 ster,
382 2490 569 2559 Winandus
588 2493 737 2580 nomine,
756 2509 817 2582 pro
833 2493 981 2578 negocio
999 2489 1144 2578 quodam
1159 2490 1203 2558 ad
1223 2491 1315 2559 illum
1333 2489 1389 2556 Su·

277 2597 385 2658 satum
406 2589 550 2659 directus
571 2598 632 2658 est.
659 2590 722 2672 Qui
746 2610 819 2659 cum
837 2592 871 2658 in
886 2591 999 2658 Veteri
1015 2584 1150 2658 Monte¹
1162 2643 1171 2678 ‚
1191 2589 1293 2658 domo
1311 2587 1388 2657 enli-
1431 2617 1432 2645 1

277 2690 330 2755 nis
351 2691 472 2778 nostri,
499 2695 729 2780 pernoctaret,
756 2697 790 2758 et
809 2709 905 2758 mano
931 2690 1033 2758 vellet
1052 2687 1227 2767 recedere,
1255 2688 1388 2776 supprior

174 2816 178 2823 ·
278 2787 480 2856 subsecutus
508 2790 554 2856 alt
581 2787 742 2858 adeum:
773 2789 833 2856 Est
856 2789 948 2875 apud
972 2807 1033 2856 reos
1060 2804 1240 2855 conversas
1264 2786 1386 2874 quidam,

274 2889 426 2972 spiritam
452 2886 576 2955 dedens
595 2887 824 2974 propheticam
847 2889 942 2955 sicuti
964 2905 1041 2973 sepe
1068 2889 1198 2972 caperit
1222 2884 1387 2966 almucia
1430 2898 1431 2940 1

275 2985 517 3053 tribulationem
541 2988 703 3072 tepentem
731 2987 818 3055 breui
852 2987 982 3054 domino
1011 2990 1125 3054 nostro
1156 2984 1385 3072 arcntcpisccpc

275 3088 464 3151 coactarum
477 3085 664 3171 prophetat.
692 3087 905 3174 Quapropter
922 3105 1006 3172 repo
1022 3102 1081 3152 ooo
1097 3089 1134 3152 at
1152 3085 1312 3152 moneatis
1328 3097 1385 3148 euru

275 3186 312 3249 at
328 3187 446 3250 coatus
471 3186 516 3250 eit
535 3203 634 3270 aeque
651 3186 823 3252 custodiat.
851 3185 910 3253 Cui
928 3186 983 3254 ille
1003 3183 1195 3273 respondit:
1224 3183 1334 3252 Saliae
1348 3180 1386 3246 ert
1429 3207 1430 3236 r

275 3299 326 3348 me
340 3282 376 3348 id
388 3287 502 3350 tacere
516 3299 594 3350 nam
605 3302 670 3370 pro
687 3285 812 3368 friuolo
827 3282 1002 3351 temlerus
1018 3288 1076 3350 eet.
1103 3282 1254 3350 Veniens
1268 3279 1339 3348 inde
1352 3274 1383 3344 al
1427 3297 1428 3310 2

275 3383 469 3470 episcopum
492 3381 639 3469 benigne
662 3391 842 3472 susceptus
866 3389 973 3451 estet
997 3381 1193 3470 expediluS,
1217 3398 1282 3448 nec
1303 3379 1383 3466 quie-

276 3499 372 3568 quam
391 3487 501 3550 tamen
517 3481 565 3549 illi
583 3482 644 3550 lrac
662 3482 704 3550 de
723 3501 757 3550 re
775 3482 920 3550 indicare
938 3499 1041 3549 ausus
1061 3480 1129 3548 luit.

350 3582 459 3666 Caput
477 3585 639 3666 quartam.
665 3581 727 3648 Die
746 3582 899 3668 sequenti
917 3579 1070 3648 dominus
1089 3580 1272 3668 episcopus
1288 3577 1380 3644 literas

274 3678 402 3748 indices
420 3681 534 3748 mortis
553 3697 614 3748 sue
632 3683 771 3768 aceepit.
789 3678 879 3761 Quas
899 3697 971 3746 oum
989 3679 1132 3766 legisset
1149 3679 1182 3744 in
1201 3678 1310 3764 ignem
1322 3673 1380 3740 nit·

275 3783 350 3844 tons
377 3778 519 3866 pedibus
544 3779 769 3868 conculcavit,
797 3797 839 3846 ne
863 3777 1029 3848 discordie
1054 3777 1265 3844 seminarium
1286 3773 1380 3842 tierent

275 3876 361 3943 inter
385 3877 493 3964 ipsum
521 3885 553 3946 et
576 3885 755 3964 cognatum
780 3897 876 3946 suum
894 3878 1045 3966 comitem
1063 3875 1273 3944 Fridericum.
1296 3869 1379 3940 llcri·

275 3975 358 4040 tavit
371 3980 480 4043 tamen
495 3993 554 4044 eas
568 3979 732 4066 episcopo
742 3976 911 4044 lllindensl
930 3978 985 4064 qni
999 3993 1141 4064 presens
1157 3981 1236 4042 erat.
1253 3973 1309 4040 Cui
1321 3983 1377 4035 cun

276 4071 403 4140 diceret
420 4073 492 4141 ille:
520 4077 608 4143 Cave
629 4075 686 4144 tili
708 4076 836 4144 domine
849 4079 989 4162 propter
1014 4075 1118 4157 deam,
1135 4090 1202 4140 coa
1219 4069 1317 4138 solam
1334 4070 1378 4132 leo

275 4189 397 4255 canoa,
417 4172 477 4238 aed
499 4175 599 4240 etiam
612 4193 677 4259 pro
692 4175 833 4242 utilitate
853 4174 989 4242 ecclesie
1006 4177 1119 4241 nostre
1142 4176 1177 4240 et
1196 4172 1291 4239 letias
1309 4171 1378 4234 terre

312 4281 342 4345 l)
361 4277 510 4348 Alterrberg
527 4280 586 4336 rior
603 4281 717 4338 stuadeu
735 4282 902 4339 nordostliclr
921 4299 975 4338 von
992 4281 1069 4338 coln.
