2888 4824
268 223 339 293 376
651 253 688 296 ux
711 253 836 298 nrrueno
859 221 1019 299 ruonrunsr.

188 401 253 456 reos
271 411 347 482 pum
363 371 650 460 Colonicuscm'et
666 388 853 459 Heinrioum
871 391 987 458 duccm
1005 390 1316 476 Letharingiensem
1332 391 1393 458 sibi

266 490 472 581 pacificavit,
498 496 533 556 ct
554 488 657 557 iretus
684 491 826 557 consilio
855 507 967 558 corum
993 496 1026 557 et
1047 489 1171 558 auxilio
1193 486 1391 576 Auuisgrani
1437 482 1441 491 '

269 609 341 660 oum
358 589 463 657 multo
482 589 629 656 exercitu
648 583 717 679 [et]
735 606 807 656 eum
825 606 929 657 uxore
950 607 1011 655 sua
1035 590 1133 656 renil.
1160 586 1233 668 Quo
1251 586 1310 655 luit
1331 589 1392 655 lilia
1441 633 1442 636 ,

266 689 474 778 imperatoris
499 685 879 778 constantinopolitani,
898 689 951 756 oui
973 687 1073 756 irater
1091 689 1163 756 cius
1179 688 1298 754 oculos
1314 691 1394 756 emit

269 795 303 857 ct
322 805 383 876 pro
404 805 446 856 eo
467 787 638 876 regnavit,
659 789 754 854 cuius
773 785 903 854 fratrem
926 804 1039 855 comes
1058 784 1274 874 Flandrensis
1296 789 1390 854 resti-

268 889 329 956 tuit
345 903 450 973 regno
460 937 470 976 ,
490 893 523 952 et
543 903 615 953 uum
632 903 652 952 a
669 887 739 953 suis
759 884 952 954 domesticis
972 885 1156 954 sullocatus
1175 892 1288 974 esset,
1307 886 1392 954 elco-

268 989 359 1055 tione
376 985 489 1074 populi
515 992 594 1072 post
620 1003 694 1052 eum
725 986 896 1075 regnavit,
922 987 1007 1053 sicul
1030 987 1183 1075 superius
1208 987 1393 1052 memoriam

269 1085 342 1154 leci.
371 1083 465 1153 Sedit
480 1085 593 1171 itaque
612 1101 670 1150 rex
687 1084 856 1173 Philippus
870 1084 905 1151 in
924 1087 1018 1171 regia
1035 1083 1117 1153 sede
1134 1086 1167 1151 in
1185 1081 1241 1151 dio
1258 1084 1394 1172 epipha-

269 1186 323 1252 nie
336 1179 417 1275 [ian.
432 1181 471 1274 6]
495 1189 528 1250 ct
541 1191 720 1250 coronatus
738 1191 789 1252 est
806 1201 879 1250 oum
893 1201 998 1252 uxore
1013 1201 1085 1273 sua,
1101 1185 1260 1251 universo
1275 1183 1395 1271 populo

270 1281 503 1372 applaudente.
530 1279 608 1349 Otto
626 1281 858 1372 PictavicnsiS,
884 1281 988 1351 fretus
1006 1284 1131 1352 auxilio
1149 1282 1395 1350 coloniensium

270 1389 304 1450 et
320 1381 416 1451 ducis
434 1378 591 1458 Ardeune
610 1388 644 1449 et
656 1381 795 1449 filiorum
808 1397 953 1470 sucrum,
969 1383 1090 1449 curiam
1108 1399 1201 1450 suam
1222 1387 1255 1448 ct
1273 1381 1398 1449 adren—
1437 1459 1438 1473 ,

270 1489 336 1550 tum
356 1497 490 1548 suorum
508 1480 665 1568 impedire
683 1482 807 1569 voluit,
834 1480 896 1548 sed
914 1499 982 1550 non
999 1480 1139 1570 profecit
1157 1481 1236 1567 qrria
1255 1477 1397 1570 [Philip-

270 1577 352 1670 pus]
380 1579 587 1647 mullitudine
611 1581 792 1668 principum
817 1581 958 1668 stipatus
983 1582 1074 1647 venit
1091 1635 1098 1647 .
1117 1634 1150 1648 ..
1177 1579 1398 1647 Colonienses
1434 1572 1438 1583 '

272 1698 315 1748 ex
332 1677 488 1746 mandato
514 1680 631 1746 summi
658 1679 825 1766 pontilicis
852 1685 886 1746 ct
909 1681 1130 1766 suggestione
1150 1679 1398 1747 Cameracensis

272 1778 432 1868 episcopi,
452 1779 507 1866 qui
525 1779 648 1846 missus
666 1785 733 1846 erat
749 1779 884 1846 alatcre
898 1778 1022 1846 domini
1040 1797 1138 1867 pape,
1152 1795 1278 1846 novum
1293 1783 1400 1845 creant

270 1876 557 1966 archiepiscopum
581 1877 769 1946 brunonem
795 1877 1008 1946 Bonnensem
1033 1879 1257 1966 prepositum,
1285 1883 1321 1944 ct
1344 1876 1399 1944 Ai-
1434 1886 1439 1962 l

271 1975 398 2064 guisum
416 1977 471 2064 qui
490 1995 509 2044 a
527 1993 609 2062 rege
627 1973 750 2046 Ottonc
768 1983 957 2044 recesserat
974 1977 1150 2066 abiiciunt,
1170 1977 1318 2043 civitatis
1332 1993 1398 2044 me·
1434 1965 1439 2035 J

270 2077 326 2143 nia
343 2076 503 2164 muniunt,
521 2075 678 2144 victualia
694 2082 913 2166 congregant,
928 2075 1137 2145 obsidionem
1151 2076 1295 2163 Philippi
1305 2075 1399 2143 Suevi
1435 2122 1439 2135 .

272 2179 479 2265 exspectant,
495 2172 618 2242 Ottonc
632 2191 713 2260 rege
732 2193 793 2242 sno
810 2175 952 2244 honeste
961 2177 995 2242 in
1005 2177 1136 2244 civitate
1150 2173 1399 2244 retento-Circa
1434 2208 1439 2249 ,

271 2273 391 2342 iustum
411 2273 695 2342 sanctiLamberti
714 2270 815 2364 [sept.
829 2271 892 2365 17]
913 2275 1045 2359 Sucvus
1063 2275 1164 2362 venit,
1185 2273 1292 2341 fretus
1311 2275 1399 2340 auri·
1434 2286 1443 2363 l

271 2373 316 2440 lio
334 2373 506 2440 multorum
525 2371 696 2441 Coloniam
715 2371 864 2462 obsedit,
883 2373 1037 2442 Nussiem
1057 2375 1156 2464 cepit,
1175 2379 1209 2442 et
1227 2373 1260 2440 in
1282 2391 1325 2440 ea
1342 2374 1399 2439 mi·
1437 2443 1438 2447 ,

271 2471 349 2539 lites
372 2489 453 2540 suos
479 2472 619 2561 locarit,
646 2489 710 2539 nec
736 2471 836 2540 multo
861 2477 940 2561 post
964 2473 1121 2541 inefficax
1139 2473 1293 2540 recessit.
1332 2472 1399 2539 Dur

271 2570 504 2661 BrabantinnS,
524 2571 580 2658 qui
597 2569 640 2638 ad
658 2571 814 2639 auxilium
831 2573 904 2639 cius
919 2574 1079 2660 copiosus
1092 2577 1242 2658 venerat,
1261 2569 1397 2640 iruslra-

272 2675 326 2736 tus
345 2669 517 2738 desiderio
532 2687 594 2738 sno
613 2675 646 2738 et
664 2668 757 2738 salsis
774 2672 948 2758 promissis
966 2673 1062 2758 quasi
1082 2671 1256 2761 coniusus,
1277 2670 1323 2738 ad
1345 2687 1397 2737 sna
1441 2725 1442 2730 ,

272 2785 345 2836 cnm
364 2770 435 2836 suis
453 2768 557 2836 rediit.
584 2769 773 2857 Episcopus
791 2769 992 2838 Leodiensis
1009 2771 1170 2859 petitione
1190 2770 1323 2838 comitis
1335 2768 1397 2836 Na·
1441 2797 1442 2832 ;

272 2870 441 2936 mucensis
468 2874 501 2935 et
526 2870 655 2935 comitis
677 2867 859 2936 Lossonsis
886 2867 1039 2937 inducias
1065 2869 1174 2937 adhue
1198 2865 1397 2936 deliberandi

273 2974 378 3034 utrum
406 2967 441 3034 in
466 2985 540 3034 cum
567 2969 773 3036 censentiret
798 2968 961 3056 usquein
987 2969 1096 3057 capite
1119 2969 1236 3036 ieiunii
1254 2967 1396 3036 obtinuit.

273 3065 445 3154 Philippus
470 3067 626 3155 recessit,
652 3067 770 3133 curiam
794 3065 1026 3135 celebrandam
1054 3067 1267 3136 Conllucntic
1293 3069 1327 3133 in
1345 3085 1396 3133 ca·
1440 3113 1441 3118 ,

274 3164 342 3251 pile
366 3165 478 3232 ieiunii
506 3160 619 3254 [1206
646 3165 709 3233 leb.
731 3163 794 3256 15]
820 3167 1000 3234 constituit.
1025 3165 1211 3234 Balduinus
1239 3163 1396 3253 qnondam

275 3280 389 3331 comes
407 3261 638 3355 FlandrcnsiS,
656 3281 745 3332 nune
762 3270 872 3334 autem
891 3267 1066 3353 imperator
1084 3265 1267 3332 Grecorum
1285 3317 1293 3331 .
1312 3318 1319 3331 .
1338 3317 1344 3330 .

348 3357 448 3430 Anno
467 3361 590 3431 domini
608 3365 743 3431 mccvi.
762 3415 769 3430 .
788 3417 795 3430 .
818 3363 1038 3432 Colonienscs
1061 3365 1177 3432 iterum
1196 3362 1397 3432 concorditer

251 3452 254 3459 ‘
274 3459 347 3547 regi
364 3459 478 3530 Ottoni
497 3461 760 3530 confederantur.
786 3464 901 3532 Novus
919 3463 1205 3553 archiepiscopus
1224 3464 1337 3530 Brunc
1354 3462 1397 3526 ri-

275 3560 410 3650 deliccl,
438 3579 458 3629 a
483 3579 611 3628 summo
638 3561 795 3650 pontifice
818 3562 952 3651 pallium
979 3561 1041 3629 sibi
1066 3563 1206 3630 missum
1231 3563 1396 3649 accipitet

275 3660 487 3728 confirmatur
504 3713 511 3726 .
531 3714 538 3728 .
556 3715 563 3728 .
581 3660 749 3749 Phiiippus
777 3660 909 3730 Suevus
936 3667 1142 3747 congregato
1170 3663 1319 3730 exercitu
1344 3677 1394 3726 suo

275 3759 309 3824 in
328 3759 446 3827 virtute
464 3761 632 3846 magnoin
650 3765 763 3848 parles
783 3760 922 3829 Colonie
939 3761 1120 3828 revertitur.
1149 3759 1210 3828 Cui
1225 3759 1395 3828 Colonien-

277 3874 333 3924 ses
352 3865 542 3946 occurrunt,
570 3857 631 3926 scd
657 3860 689 3926 in
708 3860 812 3947 primo
830 3877 1016 3946 congressu
1034 3860 1163 3948 plurimi
1183 3861 1354 3947 capiuntur
1369 3861 1395 3922 et

278 3954 408 4023 cadunt.
436 3956 659 4025 Colonienses
685 3958 807 4026 rabiem
832 3959 1020 4028 certaminis
1044 3957 1129 4026 ierre
1153 3977 1224 4026 non
1244 3957 1393 4042 valentes,

277 4072 345 4122 non
363 4057 435 4124 sine
454 4056 597 4144 dampno
617 4073 749 4125 suorum
767 4057 852 4125 inira
870 4073 979 4126 muros
998 4075 1080 4126 suos
1092 4075 1129 4126 sc
1143 4058 1315 4145 rccipiunt.
1333 4053 1394 4122 No·

277 4154 340 4220 vns
359 4153 633 4242 archiepiscopus
651 4157 762 4223 Bruno
780 4157 813 4224 in
833 4164 943 4226 castro
956 4156 1054 4244 ,quod
1072 4156 1300 4224 Wasscnbcro
1318 4153 1394 4220 diei-

280 4258 330 4317 tur
348 4251 529 4340 obsessus‚
547 4255 665 4322 virtute
691 4273 852 4324 armorum
877 4259 1003 4346 capitur
1028 4261 1061 4323 et
1079 4274 1098 4324 a
1117 4255 1231 4324 Sucvo
1249 4257 1394 4322 oneratus
