2878 4834
270 231 342 302 288
632 259 755 306 raucum
778 258 840 307 cnr.
861 259 924 306 rar.
945 259 1045 306 conon.

271 397 498 488 BrunoniS,de
516 413 584 485 quo
602 415 703 486 supra
721 396 844 466 dictum
862 402 923 487 est,
944 398 1000 485 qui
1017 397 1124 484 magis
1142 398 1392 487 propinquomm

269 497 416 566 factione
435 504 469 566 et
485 497 650 565 iuniorum
668 497 860 565 clericorum
875 495 987 564 lavore
1009 498 1236 585 episcopatum
1253 498 1390 587 adeptus
1426 517 1427 528 ³

271 603 340 687 est,
368 601 503 664 cassata
529 597 692 664 canonica
719 596 883 664 electione
908 593 996 663 lacta
1013 613 1123 662 coram
1140 595 1314 665 Frederico
1331 599 1391 663 im-

270 701 423 784 peratore
441 696 474 762 in
492 695 703 762 Bunuensem
721 695 926 783 prepositum
945 693 1154 763 Gerbardum.
1181 694 1233 764 nb
1251 695 1391 764 Adriano

270 813 359 883 papa
377 800 593 862 consecratus
613 799 673 861 est.
701 793 828 861 Dicitur
850 793 947 860 etiam
966 791 1056 880 quod
1073 793 1322 880 parsimoniam
1339 797 1391 861 in·

271 895 377 962 travit.
402 891 455 962 Ab
480 894 678 980 imperatore
703 909 806 960 causa
830 891 919 980 apud
936 891 1132 976 Nurenberg
1150 900 1203 961 est
1219 895 1391 978 ventilata,

272 991 394 1062 deinde
426 989 575 1060 secundo
599 989 783 1059 Ratisbone
818 991 960 1078 agitata,
985 989 1108 1059 ibidem
1133 990 1328 1060 Fredericus
1353 991 1392 1058 ab

270 1092 468 1180 imperatore
496 1091 726 1179 episcopatum
751 1091 908 1177 suscepit.
941 1090 1023 1157 Post
1048 1089 1218 1160 biennium
1241 1109 1313 1159 cum
1336 1092 1393 1157 im·

271 1195 424 1278 peratore
443 1188 669 1258 Mediolanum
687 1188 874 1278 proiectus,
893 1187 980 1276 apud
999 1188 1147 1258 Ticinum
1165 1207 1231 1278 que
1250 1196 1283 1258 et
1299 1189 1392 1276 Papia

273 1288 390 1358 dicitur
407 1288 503 1377 obiit,
526 1289 583 1355 vix
607 1286 739 1356 duobus
763 1288 860 1356 anuis
884 1287 1066 1376 pontificali
1085 1289 1247 1377 dignitate
1264 1290 1392 1376 potitus.
1428 1331 1429 1380 3

274 1384 363 1456 Ossa
387 1388 461 1455 eins
486 1385 658 1454 Coloniam
684 1385 811 1476 delata,
843 1386 878 1453 in
895 1393 1008 1454 monte
1025 1396 1142 1457 sancte
1158 1388 1281 1477 Mario,
1301 1403 1392 1474 quem

272 1492 411 1575 patruus
438 1501 519 1553 suus
545 1483 760 1576 laudaverat,
785 1485 841 1573 qui
864 1485 973 1572 Berge
997 1484 1132 1578 dicitur,
1152 1485 1288 1556 condita
1306 1491 1393 1570 sunt3

276 1601 352 1654 caro
371 1585 444 1652 eius
464 1589 497 1652 et
513 1585 644 1652 viscera
661 1589 853 1652 manserunt
869 1585 903 1651 in
921 1583 1127 1654 lombardia.

348 1683 414 1752 xlii.
429 1681 631 1774 Reinotdus‚
656 1681 943 1753 Hildesbcmensis
967 1689 1175 1775 prepositus,
1200 1684 1297 1770 regni
1317 1701 1394 1751 can-

276 1782 448 1872 cellarius,
467 1782 515 1848 vir
532 1783 620 1850 omni
636 1781 801 1872 probitate
826 1783 1044 1872 conspicuus,
1068 1784 1148 1853 nulli
1167 1785 1393 1872 episcoporum
1429 1765 1430 1814 ³

276 1879 525 1950 Coloniensium
553 1881 717 1968 probitate
744 1881 1011 1971 postponendus.
1042 1884 1080 1951 ln
1097 1881 1294 1951 Hildensem
1311 1899 1394 1970 pon-

275 1986 342 2050 tem
359 1979 459 2049 laude
486 1979 621 2066 dignum
646 1986 679 2049 et
695 1979 793 2049 valde
811 1982 1038 2049 necessarium
1056 1983 1089 2048 in
1107 1982 1245 2070 palustri
1263 1981 1393 2048 transitu

275 2080 468 2148 construxit.
508 2080 649 2169 lnsuper
672 2079 838 2168 hospitale
863 2097 923 2167 pro
950 2083 1196 2165 sustentatione
1220 2097 1395 2168 pauperum

274 2177 395 2248 ibidem
421 2179 569 2246 instituit.
607 2177 738 2247 Deinde
770 2178 989 2248 cancellarius
1016 2181 1223 2268 imperatoris
1249 2177 1395 2246 Friderici

275 2276 401 2366 lactus,
428 2295 501 2344 cum
525 2278 560 2344 in
584 2277 760 2346 obsidione
786 2275 968 2346 Mediolani
992 2296 1064 2346 cum
1082 2280 1281 2366 imperatore
1301 2283 1394 2363 esset,

275 2375 309 2444 in
327 2375 516 2464 pontificem
535 2393 555 2442 a
573 2377 662 2445 clero
682 2381 716 2444 et
731 2376 857 2466 populo
877 2373 1069 2445 Coloniensi
1088 2377 1216 2445 electus
1236 2381 1298 2444 est.
1326 2377 1395 2444 Post

276 2473 441 2543 devictum
459 2480 567 2542 autem
584 2474 811 2544 Mediolanum
829 2481 897 2543 tres
915 2475 1055 2565 Magos,
1074 2477 1130 2564 qui
1147 2475 1319 2543 iniantiarn
1335 2475 1395 2541 llo·

151 2586 154 2590 ’
276 2575 353 2640 mini
370 2574 519 2660 mysticis
537 2574 726 2642 muneribus
744 2575 895 2642 venerati
913 2581 999 2661 sunt,
1019 2592 1142 2661 magno
1158 2574 1273 2642 labore
1293 2579 1327 2640 et
1342 2591 1395 2660 pe-

276 2672 379 2741 riculo
397 2672 710 2742 Mediolanensibus
729 2674 880 2762 abstulit,
906 2681 939 2741 et
957 2673 999 2741 ad
1017 2681 1210 2762 perpetuam
1229 2673 1393 2740 Germanic
1431 2685 1432 2694 ¹

276 2771 416 2858 gloriam
448 2769 619 2840 Coloniam
647 2774 728 2840 mira
753 2773 912 2841 instantia
943 2789 1016 2840 cum
1044 2771 1174 2840 duobos
1207 2771 1394 2858 martyribus

276 2869 410 2938 Nabore
435 2876 467 2938 et
489 2871 599 2939 Felice
627 2872 818 2940 transvexit.
851 2871 923 2939 Nec
939 2871 1004 2940 boc
1022 2872 1094 2938 sine
1114 2872 1186 2939 eius
1203 2869 1305 2939 laude
1322 2887 1394 2958 pro-

277 2967 396 3058 iertur,
420 2970 511 3056 quod
535 2987 609 3037 oum
634 2968 742 3038 adbuc
766 2970 800 3038 in
824 2969 918 3038 ltalia
937 2975 1029 3038 esset
1046 2987 1118 3038 oum
1136 2971 1353 3059 imperatore,
1370 2973 1395 3034 et

277 3067 470 3136 Palantinus
503 3086 616 3136 comes
644 3067 835 3158 Conradus,
878 3068 979 3136 irater
1002 3070 1211 3152 imperatoris
1237 3067 1394 3152 Midenoi,

279 3182 353 3232 cum
370 3164 541 3235 Ludevioo
558 3167 757 3254 landgravio
776 3174 810 3236 et
826 3167 989 3236 Friderioo
1009 3167 1092 3235 duce
1112 3167 1280 3255 saxonie,
1314 3167 1393 3254 epis-

278 3269 435 3352 copatum
461 3264 695 3334 coloniensem
720 3266 762 3334 ad
788 3265 912 3334 libitum
938 3285 1032 3335 suum
1050 3266 1214 3334 violenter
1232 3263 1394 3354 depredari

278 3365 423 3454 vellent,
446 3364 520 3452 ipse
536 3363 718 3434 Reinotdus
737 3365 801 3434 boc
817 3384 877 3453 per
894 3367 1028 3433 nuntios
1048 3363 1307 3433 coloniensibus
1325 3363 1394 3429 inti-

279 3463 398 3554 mavit,
424 3469 457 3532 et
481 3470 605 3532 tantam
630 3482 693 3533 suo
711 3466 845 3532 nomine
864 3462 1104 3532 multitudinem
1122 3462 1211 3551 apud
1229 3460 1394 3530 Andema-

284 3580 374 3652 cum,
392 3568 440 3630 tot
458 3561 560 3632 lortes
580 3568 630 3631 tot
645 3563 814 3652 preclaros
833 3568 867 3631 et
884 3563 1015 3631 nobiles
1033 3563 1141 3653 viros,
1159 3569 1329 3650 postremo
1351 3567 1394 3626 ta-

280 3661 344 3728 lem
363 3663 543 3731 exercitum
557 3661 694 3730 adunari
710 3661 798 3752 lecit,
818 3662 948 3748 qualem
958 3666 1072 3729 nostra
1090 3661 1248 3728 memoria
1262 3677 1303 3728 ex
1318 3660 1393 3726 Teu-

281 3761 401 3829 tonicis
420 3779 587 3848 nunquam
605 3762 638 3828 in
656 3761 730 3829 acie
748 3762 942 3828 constitisse
961 3761 1192 3846 cognovimus.
1218 3758 1315 3827 Unde
1328 3773 1393 3845 pre-

282 3856 341 3924 lati
366 3861 494 3946 tyranni
519 3861 679 3948 perterriti
705 3866 792 3928 retro
818 3858 909 3927 unde
932 3863 1093 3926 venerant
1110 3857 1264 3924 abierunt
1300 3855 1394 3924 Tertia

282 3957 346 4023 iam
365 3957 577 4045 expeditione
596 3977 670 4027 cum
687 3960 884 4046 imperatore
902 3957 1071 4045 proiectus
1088 3957 1123 4023 in
1143 3956 1288 4045 ltaliam,
1307 3969 1393 4044 parva

283 4073 383 4122 manu
416 4056 551 4124 militum
577 4061 735 4125 maximas
762 4057 929 4126 Romanas
960 4057 1092 4145 copias,
1119 4055 1163 4123 ad
1189 4053 1393 4142 quadraginta

283 4153 403 4243 millia,
431 4154 519 4242 apud
546 4157 768 4224 Tusculanum
791 4157 971 4244 prostravit
987 4153 1074 4223 cedit
1092 4159 1125 4221 et
1142 4153 1280 4240 fugavit.
1305 4150 1392 4219 Multa

285 4254 383 4319 etiam
402 4253 539 4338 egregie
556 4254 734 4324 inserenda
747 4253 941 4346 dignissime
955 4271 1015 4344 per
1032 4271 1162 4322 omnem
1179 4251 1304 4320 ltaliam
1322 4265 1390 4337 ope·
