2890 4832
283 225 353 294 336
638 253 676 298 rx
697 251 862 300 conarmoo
885 252 1061 300 caturcensi.

201 407 268 464 tado
285 391 499 462 Pantalconis
530 391 675 482 abbate,
709 391 863 460 iratribus
888 389 1169 480 discordantibus,
1195 407 1238 460 ex
1268 392 1407 461 consriio
1437 424 1443 487 ς

282 491 395 561 domni
420 489 664 580 archiepiscopi
689 497 721 558 et
746 492 889 578 priorum
908 497 1136 559 convenerunt
1152 493 1186 558 in
1204 494 1405 580 prepositum
1438 516 1442 525 ·

280 590 472 660 Heinricum
491 590 635 658 ecclesie
654 592 762 658 sancti
779 589 939 676 Luthgeri
958 589 1000 658 dc
1020 590 1199 658 Werdene.

354 686 454 758 Anno
480 689 645 758 dominice
671 690 908 758 incarnationis
933 691 1045 758 mcci.
1069 689 1112 757 ad
1131 688 1320 758 dilatandas
1339 697 1406 758 ter·

280 791 390 858 minos
414 806 496 856 suos
519 808 577 856 rex
604 786 681 857 Otto
706 794 875 856 contracta
897 807 996 856 manu
1019 789 1131 857 valida
1154 787 1198 857 ad
1224 791 1407 878 superiores

280 896 394 977 partes
413 905 450 956 sc
469 889 651 977 transtulit,
671 895 705 956 et
719 905 829 975 usque
847 888 1046 972 Wicinburg
1062 889 1232 978 pervenit,
1253 889 1407 976 episcopo

282 987 486 1058 Coloniense
511 995 545 1055 et
570 987 720 1055 Palatino
747 989 867 1056 comite
892 982 1035 1056 Silrido¹
1060 1007 1133 1057 cum
1151 989 1225 1057 suis
1243 987 1408 1077 complici-

282 1087 346 1156 bus
365 1087 488 1154 auxilia
505 1086 732 1175 prebentibus.

346 1185 456 1277 ¹Venit
486 1187 591 1253 eciam
622 1184 791 1253 Coloniam
818 1187 904 1253 circa
928 1185 1048 1254 testum
1075 1186 1308 1274 apostolurum
1330 1187 1409 1254 Petri

283 1293 317 1354 et
334 1285 425 1352 Pauli
445 1280 531 1374 [iuni
550 1282 614 1376 29]
636 1283 742 1353 Guido
761 1283 939 1353 cardinalis
957 1286 1171 1354 Prenestinus
1196 1287 1409 1374 episeopusu

283 1384 367 1454 sede
394 1386 515 1452 missus
542 1383 746 1473 apostolica,
773 1384 957 1473 Philippum
975 1391 1008 1452 ct
1026 1384 1194 1472 quoslibet
1213 1387 1289 1453 cius
1307 1383 1410 1452 lauto·

282 1502 338 1552 res
357 1484 663 1551 excommunicatos
681 1485 926 1573 pronuncians,
945 1483 1039 1552 etad
1056 1484 1312 1552 determinatum
1329 1483 1409 1551 dien

283 1582 327 1660 ad
351 1581 553 1669 colloquium
580 1599 697 1650 ornnes
720 1584 901 1670 episcopos
928 1585 1071 1652 invitans
1090 1584 1185 1669 regni
1205 1583 1408 1669 Theutonici,

283 1682 457 1749 venientes
481 1687 517 1748 ut
542 1680 717 1749 obedirent
734 1679 848 1749 Ottoni
866 1683 937 1768 regi
956 1700 998 1749 ex
1015 1684 1210 1751 auctoritate
1229 1684 1409 1771 precipiens

284 1779 472 1870 apostolici,
486 1779 640 1848 nolentes
653 1798 734 1863 vcro
749 1779 886 1848 obedire
900 1782 1201 1849 excommunicans.
1217 1781 1322 1849 Cuius
1337 1798 1410 1870 pre-

284 1880 392 1949 sentie
411 1897 449 1947 se
468 1877 610 1947 Silridus
629 1878 802 1969 exhibens,
828 1880 870 1947 ab
886 1897 927 1948 eo
947 1881 981 1947 in
999 1880 1210 1949 sacerdotem
1229 1888 1264 1948 et
1283 1882 1410 1968 episcc

283 1998 362 2069 pum
388 1985 619 2066 consecratur,
645 1984 678 2046 et
705 1996 778 2046 curn
801 1980 906 2067 ipsius
932 1987 965 2046 et
983 1976 1116 2048 Ottonis
1135 1980 1227 2065 regis
1246 1997 1410 2048 commen-

284 2078 408 2147 datitiis
433 2079 537 2146 literis
563 2076 700 2146 Romam
725 2095 929 2166 progressus
955 2078 997 2146 ab
1020 2079 1218 2148 innocentio
1245 2097 1336 2167 papa
1359 2095 1410 2144 ac·

284 2183 382 2267 cepto
401 2177 501 2265 pallio
520 2176 739 2244 confirmatur.
1443 2217 1444 2220 =

358 2276 419 2344 Per
436 2275 522 2344 idern
541 2281 671 2364 tempus
689 2273 847 2364 Alexius,
871 2283 963 2364 patre
990 2293 1052 2345 suo
1077 2278 1186 2346 eiecto
1213 2283 1247 2344 et
1263 2278 1410 2343 incarco·
1443 2309 1444 2316 κ

284 2379 354 2444 rato
380 2374 422 2443 dc
451 2375 567 2442 Grecia
595 2373 746 2465 lugiens,
765 2377 856 2444 venit
873 2376 907 2443 in
924 2374 1153 2444 Alemanniam
1172 2375 1214 2444 ad
1233 2375 1410 2464 Philippum

284 2492 399 2561 regem
425 2475 587 2542 sororium
612 2491 722 2565 suurn,
742 2481 776 2542 et
791 2474 836 2541 ibi
859 2491 918 2563 per
935 2475 1062 2562 aliquot
1079 2483 1209 2564 tempus
1229 2474 1411 2542 demoratur

285 2581 318 2644 et
334 2572 516 2642 honorifice
534 2581 698 2642 tractatur.

357 2671 483 2742 Eodem
498 2691 586 2741 annc
602 2672 817 2741 Buldcwinus
836 2690 949 2741 comes
968 2671 1120 2740 Flandrie
1139 2690 1212 2739 cum
1232 2673 1334 2741 multo
1355 2691 1408 2759 ap-

282 2780 402 2861 paratu
424 2771 678 2840 lherosolimam
705 2771 819 2840 tendit.
846 2772 1060 2857 Veniensquc
1082 2771 1125 2839 ad
1146 2789 1236 2839 mare
1254 2789 1328 2839 curn
1350 2774 1407 2838 Bu·
1442 2803 1443 2836 ι

283 2870 406 2940 nilacio
432 2871 621 2939 marchione
646 2871 688 2939 de
719 2870 964 2960 Montelemeo,
991 2871 1047 2957 qui
1072 2872 1102 2938 ei
1125 2872 1158 2937 in
1185 2872 1241 2938 via
1266 2872 1407 2938 sociatus

283 2969 581 3059 lucr·at,maximam
599 2971 818 3058 pecuniamin
837 2971 1060 3040 exstructione
1074 2971 1207 3036 navium
1220 2969 1406 3037 ibidcmcx·
1441 3031 1442 3034 ,

284 3068 409 3157 pendit.
428 3069 509 3137 Cum
527 3077 635 3136 autern
655 3068 710 3136 diu
727 3069 771 3136 ibi
791 3077 993 3138 morarentur
1009 3076 1144 3157 propter
1162 3068 1406 3136 adventantium

284 3169 535 3256 peregrinomm
562 3169 847 3256 exspectationem
874 3175 907 3236 et
931 3175 1068 3256 propter
1097 3167 1206 3236 datam
1240 3186 1360 3256 pacem
1381 3167 1407 3231 in

285 3267 511 3335 transmarinis
537 3267 685 3354 partibus
711 3269 797 3335 inter
813 3268 1012 3336 christianos
1031 3275 1064 3335 et
1081 3267 1251 3355 ethnicos,
1270 3265 1407 3334 cotidie·

286 3384 351 3454 que
377 3367 517 3454 pecunia
544 3365 719 3435 deliciante
752 3383 853 3453 egere
879 3368 1079 3455 inciperent,
1107 3365 1174 3433 dux
1203 3365 1405 3433 venetiarum

285 3465 423 3534 eosdem
449 3465 546 3554 adiit,
571 3466 709 3552 plurima
733 3483 869 3534 munera
891 3465 1025 3554 obtulit,
1045 3472 1079 3532 et
1096 3464 1137 3532 ad
1157 3463 1405 3554 expugnandam

286 3564 451 3652 quandam
470 3565 639 3650 civitatem
656 3566 746 3650 regis
765 3565 910 3652 Ungarie
928 3565 1061 3632 nomine
1081 3563 1236 3651 Sadram,
1256 3563 1312 3630 ubi
1329 3562 1404 3630 iden

286 3672 423 3732 cecatus
448 3663 572 3753 luerat,
596 3665 758 3732 invitarit.
797 3662 860 3744 Qui
885 3664 1089 3732 necessitate
1114 3665 1228 3751 inopie
1252 3659 1404 3750 compulsi

286 3781 363 3840 mox
380 3781 454 3831 cum
471 3764 528 3830 illo
546 3761 698 3851 proiecti,
718 3765 884 3832 civitatem
903 3761 1141 3849 aggrediuntur
1159 3771 1193 3830 et
1210 3763 1403 3849 expugnant,

286 3861 455 3946 ingentem
473 3861 609 3951 predam
631 3863 712 3928 inibi
732 3869 893 3951 repertam
918 3863 1003 3930 inter
1025 3879 1063 3928 sc
1090 3860 1259 3950 dividunt,
1285 3867 1319 3926 et
1342 3873 1403 3925 enm
1440 3909 1441 3930 2

286 3961 435 4026 maximis
460 3961 578 4048 spoliis
604 3963 738 4028 nimium
763 3962 956 4050 locupletati
974 3959 1142 4029 recedunt.
1170 3958 1401 4047 Quapropteru

287 4075 373 4145 papa
399 4062 732 4128 excommunicantur.
767 4059 833 4128 Sed
865 4067 984 4148 postea
1009 4060 1199 4126 interventu
1226 4056 1333 4126 Alexii
1359 4052 1403 4122 tilii

325 4203 352 4264 tt
372 4199 398 4252 d.
418 4199 443 4250 h.
465 4199 504 4253 als
528 4199 576 4253 der
594 4201 704 4256 bischos
717 4202 806 4256 nunti
826 4221 880 4256 von
900 4203 965 4258 coto
992 4201 1044 4254 und
1070 4201 1119 4255 der
1144 4199 1279 4274 psalzgraf
1291 4193 1405 4252 Heinrich

287 4267 348 4321 dem
367 4267 514 4322 erwbhltcn
533 4285 586 4322 uun
605 4270 692 4324 blaiuz
710 4269 793 4326 Sitrid
812 4269 887 4326 tutte
906 4271 1036 4326 heisteten.
1166 4305 1170 4314 ι
