<?xml version="1.0" encoding="UTF-8"?>
<!DOCTYPE html PUBLIC "-//W3C//DTD XHTML 1.0 Transitional//EN"
    "http://www.w3.org/TR/xhtml1/DTD/xhtml1-transitional.dtd">
<html xmlns="http://www.w3.org/1999/xhtml" xml:lang="en" lang="en">
 <head>
  <title>
</title>
<meta http-equiv="Content-Type" content="text/html;charset=utf-8" />
  <meta name='ocr-system' content='tesseract 3.04.00' />
  <meta name='ocr-capabilities' content='ocr_page ocr_carea ocr_par ocr_line ocrx_word'/>
</head>
<body>
  <div class='ocr_page' id='page_1' title='image "./fontesrerumgerm00hubegoog_0115.png"; bbox 0 0 2886 4834; ppageno 0'>
   <div class='ocr_carea' id='block_1_1' title="bbox 268 170 1035 242">
    <p class='ocr_par' dir='ltr' id='par_1_1' title="bbox 268 170 1035 242">
     <span class='ocr_line' id='line_1_1' title="bbox 268 170 1035 242; baseline 0.007 -7"><span class='ocrx_word' id='word_1_1' title='bbox 268 170 316 236; x_wconf 43' lang='lat'>52*</span> <span class='ocrx_word' id='word_1_2' title='bbox 632 194 794 242; x_wconf 78' lang='lat' dir='ltr'>canonicor</span> <span class='ocrx_word' id='word_1_3' title='bbox 816 191 1035 242; x_wconf 72' lang='lat' dir='ltr'>occuramusu.</span> 
     </span>
    </p>
   </div>
   <div class='ocr_carea' id='block_1_2' title="bbox 261 315 1390 518">
    <p class='ocr_par' dir='ltr' id='par_1_2' title="bbox 261 315 1390 518">
     <span class='ocr_line' id='line_1_2' title="bbox 267 315 1390 422; baseline 0.004 -22"><span class='ocrx_word' id='word_1_4' title='bbox 267 333 366 401; x_wconf 84' lang='lat' dir='ltr'>Ortus</span> <span class='ocrx_word' id='word_1_5' title='bbox 392 339 425 401; x_wconf 88' lang='lat' dir='ltr'>et</span> <span class='ocrx_word' id='word_1_6' title='bbox 445 315 645 422; x_wconf 78' lang='lat' dir='ltr'>propreraur</span> <span class='ocrx_word' id='word_1_7' title='bbox 671 333 843 421; x_wconf 71' lang='lat' dir='ltr'>delituerit</span> <span class='ocrx_word' id='word_1_8' title='bbox 865 352 893 401; x_wconf 87' lang='lat' dir='ltr'>a.</span> <span class='ocrx_word' id='word_1_9' title='bbox 909 333 1053 418; x_wconf 81' lang='lat' dir='ltr'>liudolfo</span> <span class='ocrx_word' id='word_1_10' title='bbox 1076 333 1296 402; x_wconf 82' lang='lat' dir='ltr'>Romanorum</span> <span class='ocrx_word' id='word_1_11' title='bbox 1319 353 1390 421; x_wconf 76' lang='lat' dir='ltr'>repe</span> 
     </span>
     <span class='ocr_line' id='line_1_3' title="bbox 261 431 1022 518; baseline 0.003 -18"><span class='ocrx_word' id='word_1_12' title='bbox 261 449 263 454; x_wconf 76' lang='grc'>’</span> <span class='ocrx_word' id='word_1_13' title='bbox 363 438 481 500; x_wconf 84' lang='lat' dir='ltr'>eontra</span> <span class='ocrx_word' id='word_1_14' title='bbox 507 432 698 501; x_wconf 87' lang='lat' dir='ltr'>Ottccurum</span> <span class='ocrx_word' id='word_1_15' title='bbox 724 431 876 501; x_wconf 85' lang='lat' dir='ltr'>Boiemie</span> <span class='ocrx_word' id='word_1_16' title='bbox 901 450 1022 518; x_wconf 73' lang='lat' dir='ltr'>repere.</span> 
     </span>
    </p>
   </div>
   <div class='ocr_carea' id='block_1_3' title="bbox 266 588 1397 1468">
    <p class='ocr_par' dir='ltr' id='par_1_3' title="bbox 266 588 1397 1468">
     <span class='ocr_line' id='line_1_4' title="bbox 338 588 1391 676; baseline -0.001 -18"><span class='ocrx_word' id='word_1_17' title='bbox 338 589 586 658; x_wconf 64' lang='lat' dir='ltr'>Rex‘Rudolius</span> <span class='ocrx_word' id='word_1_18' title='bbox 603 590 710 659; x_wconf 85' lang='lat' dir='ltr'>dictus</span> <span class='ocrx_word' id='word_1_19' title='bbox 726 590 767 659; x_wconf 92' lang='lat' dir='ltr'>de</span> <span class='ocrx_word' id='word_1_20' title='bbox 786 589 972 659; x_wconf 88' lang='lat' dir='ltr'>Habisburc</span> <span class='ocrx_word' id='word_1_21' title='bbox 995 592 1027 659; x_wconf 93' lang='lat' dir='ltr'>in</span> <span class='ocrx_word' id='word_1_22' title='bbox 1043 607 1155 676; x_wconf 85' lang='lat' dir='ltr'>regem</span> <span class='ocrx_word' id='word_1_23' title='bbox 1177 591 1309 676; x_wconf 87' lang='lat' dir='ltr'>eligitur</span> <span class='ocrx_word' id='word_1_24' title='bbox 1324 588 1391 657; x_wconf 88' lang='lat' dir='ltr'>Ro-</span> 
     </span>
     <span class='ocr_line' id='line_1_5' title="bbox 266 689 1392 778; baseline -0.002 -22"><span class='ocrx_word' id='word_1_25' title='bbox 266 707 444 758; x_wconf 91' lang='lat' dir='ltr'>manorum.</span> <span class='ocrx_word' id='word_1_26' title='bbox 492 689 573 758; x_wconf 86' lang='lat' dir='ltr'>ltlox</span> <span class='ocrx_word' id='word_1_27' title='bbox 601 691 754 758; x_wconf 89' lang='lat' dir='ltr'>civitates</span> <span class='ocrx_word' id='word_1_28' title='bbox 777 691 885 778; x_wconf 92' lang='lat' dir='ltr'>ipsum</span> <span class='ocrx_word' id='word_1_29' title='bbox 917 691 1104 777; x_wconf 89' lang='lat' dir='ltr'>suscipiunt</span> <span class='ocrx_word' id='word_1_30' title='bbox 1129 695 1162 756; x_wconf 90' lang='lat' dir='ltr'>et</span> <span class='ocrx_word' id='word_1_31' title='bbox 1184 689 1220 756; x_wconf 87' lang='lat' dir='ltr'>irt</span> <span class='ocrx_word' id='word_1_32' title='bbox 1243 707 1308 778; x_wconf 85' lang='lat' dir='ltr'>pax</span> <span class='ocrx_word' id='word_1_33' title='bbox 1337 706 1392 776; x_wconf 90' lang='lat' dir='ltr'>per</span> 
     </span>
     <span class='ocr_line' id='line_1_6' title="bbox 268 785 1394 874; baseline -0.002 -19"><span class='ocrx_word' id='word_1_34' title='bbox 268 788 432 856; x_wconf 85' lang='lat' dir='ltr'>Teutonie</span> <span class='ocrx_word' id='word_1_35' title='bbox 466 791 624 856; x_wconf 91' lang='lat' dir='ltr'>terminos</span> <span class='ocrx_word' id='word_1_36' title='bbox 643 790 830 857; x_wconf 86' lang='lat' dir='ltr'>universos.</span> <span class='ocrx_word' id='word_1_37' title='bbox 856 785 1041 864; x_wconf 89' lang='lat' dir='ltr'>Audientes</span> <span class='ocrx_word' id='word_1_38' title='bbox 1062 795 1171 856; x_wconf 90' lang='lat' dir='ltr'>autem</span> <span class='ocrx_word' id='word_1_39' title='bbox 1194 788 1324 856; x_wconf 90' lang='lat' dir='ltr'>nobiles</span> <span class='ocrx_word' id='word_1_40' title='bbox 1343 789 1394 874; x_wconf 86' lang='lat' dir='ltr'>qui</span> 
     </span>
     <span class='ocr_line' id='line_1_7' title="bbox 268 886 1393 976; baseline -0.002 -22"><span class='ocrx_word' id='word_1_41' title='bbox 268 893 361 954; x_wconf 91' lang='lat' dir='ltr'>erant</span> <span class='ocrx_word' id='word_1_42' title='bbox 383 886 425 954; x_wconf 91' lang='lat' dir='ltr'>de</span> <span class='ocrx_word' id='word_1_43' title='bbox 453 889 543 973; x_wconf 84' lang='lat' dir='ltr'>regis</span> <span class='ocrx_word' id='word_1_44' title='bbox 567 887 725 956; x_wconf 88' lang='lat' dir='ltr'>Bohemie</span> <span class='ocrx_word' id='word_1_45' title='bbox 750 887 875 955; x_wconf 76' lang='lat' dir='ltr'>ditione</span> <span class='ocrx_word' id='word_1_46' title='bbox 899 888 1009 972; x_wconf 80' lang='lat' dir='ltr'>gavisi</span> <span class='ocrx_word' id='word_1_47' title='bbox 1037 894 1114 954; x_wconf 94' lang='lat' dir='ltr'>sunt</span> <span class='ocrx_word' id='word_1_48' title='bbox 1134 887 1284 976; x_wconf 88' lang='lat' dir='ltr'>multum,</span> <span class='ocrx_word' id='word_1_49' title='bbox 1315 903 1393 973; x_wconf 93' lang='lat' dir='ltr'>spe-</span> 
     </span>
     <span class='ocr_line' id='line_1_8' title="bbox 266 985 1397 1073; baseline -0.002 -21"><span class='ocrx_word' id='word_1_50' title='bbox 266 991 378 1054; x_wconf 77' lang='lat' dir='ltr'><strong>rantes</strong></span> <span class='ocrx_word' id='word_1_51' title='bbox 399 985 440 1053; x_wconf 91' lang='lat' dir='ltr'>de</span> <span class='ocrx_word' id='word_1_52' title='bbox 458 988 548 1073; x_wconf 84' lang='lat' dir='ltr'>regis</span> <span class='ocrx_word' id='word_1_53' title='bbox 565 986 722 1054; x_wconf 90' lang='lat' dir='ltr'>Bohemie</span> <span class='ocrx_word' id='word_1_54' title='bbox 739 985 885 1054; x_wconf 93' lang='lat' dir='ltr'>dominio</span> <span class='ocrx_word' id='word_1_55' title='bbox 903 986 1044 1054; x_wconf 89' lang='lat' dir='ltr'>liberari.</span> <span class='ocrx_word' id='word_1_56' title='bbox 1069 987 1120 1054; x_wconf 80' lang='lat' dir='ltr'>lix</span> <span class='ocrx_word' id='word_1_57' title='bbox 1135 991 1214 1054; x_wconf 92' lang='lat' dir='ltr'>tunc</span> <span class='ocrx_word' id='word_1_58' title='bbox 1236 985 1349 1052; x_wconf 91' lang='lat' dir='ltr'>literas</span> <span class='ocrx_word' id='word_1_59' title='bbox 1365 991 1397 1051; x_wconf 88' lang='lat' dir='ltr'>et</span> 
     </span>
     <span class='ocr_line' id='line_1_9' title="bbox 266 1084 1397 1174; baseline -0.003 -23"><span class='ocrx_word' id='word_1_60' title='bbox 266 1085 401 1153; x_wconf 92' lang='lat' dir='ltr'>nuutios</span> <span class='ocrx_word' id='word_1_61' title='bbox 427 1086 586 1152; x_wconf 91' lang='lat' dir='ltr'>miserunt</span> <span class='ocrx_word' id='word_1_62' title='bbox 602 1087 691 1172; x_wconf 83' lang='lat' dir='ltr'>regis</span> <span class='ocrx_word' id='word_1_63' title='bbox 707 1084 929 1153; x_wconf 87' lang='lat' dir='ltr'>Romanorum</span> <span class='ocrx_word' id='word_1_64' title='bbox 939 1138 949 1174; x_wconf 82' lang='grc'>,</span> <span class='ocrx_word' id='word_1_65' title='bbox 972 1091 1131 1171; x_wconf 75' lang='lat' dir='ltr'><strong>rogantes</strong></span> <span class='ocrx_word' id='word_1_66' title='bbox 1154 1085 1346 1172; x_wconf 77' lang='lat' dir='ltr'>suppliciter</span> <span class='ocrx_word' id='word_1_67' title='bbox 1361 1090 1397 1150; x_wconf 93' lang='lat' dir='ltr'>ut</span> 
     </span>
     <span class='ocr_line' id='line_1_10' title="bbox 267 1181 1396 1274; baseline -0.003 -23"><span class='ocrx_word' id='word_1_68' title='bbox 267 1181 310 1251; x_wconf 90' lang='lat' dir='ltr'>ad</span> <span class='ocrx_word' id='word_1_69' title='bbox 326 1201 444 1272; x_wconf 90' lang='lat' dir='ltr'>preces</span> <span class='ocrx_word' id='word_1_70' title='bbox 466 1185 612 1272; x_wconf 91' lang='lat' dir='ltr'>ipsorum</span> <span class='ocrx_word' id='word_1_71' title='bbox 634 1185 756 1274; x_wconf 82' lang='lat' dir='ltr'>veniat,</span> <span class='ocrx_word' id='word_1_72' title='bbox 773 1187 851 1272; x_wconf 86' lang='lat' dir='ltr'>quia</span> <span class='ocrx_word' id='word_1_73' title='bbox 865 1189 969 1251; x_wconf 89' lang='lat' dir='ltr'>terras</span> <span class='ocrx_word' id='word_1_74' title='bbox 992 1183 1034 1251; x_wconf 92' lang='lat' dir='ltr'>ad</span> <span class='ocrx_word' id='word_1_75' title='bbox 1049 1184 1221 1271; x_wconf 89' lang='lat' dir='ltr'>imperium</span> <span class='ocrx_word' id='word_1_76' title='bbox 1237 1189 1396 1270; x_wconf 91' lang='lat' dir='ltr'>spectan-</span> 
     </span>
     <span class='ocr_line' id='line_1_11' title="bbox 266 1281 1396 1372; baseline -0.004 -22"><span class='ocrx_word' id='word_1_77' title='bbox 266 1289 318 1350; x_wconf 92' lang='lat' dir='ltr'>tes</span> <span class='ocrx_word' id='word_1_78' title='bbox 342 1300 425 1370; x_wconf 83' lang='lat' dir='ltr'>qrras</span> <span class='ocrx_word' id='word_1_79' title='bbox 446 1301 504 1350; x_wconf 87' lang='lat' dir='ltr'>rex</span> <span class='ocrx_word' id='word_1_80' title='bbox 529 1282 688 1350; x_wconf 89' lang='lat' dir='ltr'>Bohemie</span> <span class='ocrx_word' id='word_1_81' title='bbox 713 1300 773 1371; x_wconf 92' lang='lat' dir='ltr'>per</span> <span class='ocrx_word' id='word_1_82' title='bbox 793 1283 984 1352; x_wconf 87' lang='lat' dir='ltr'>violentiam</span> <span class='ocrx_word' id='word_1_83' title='bbox 1009 1281 1177 1372; x_wconf 76' lang='lat' dir='ltr'>possedit,</span> <span class='ocrx_word' id='word_1_84' title='bbox 1210 1282 1314 1350; x_wconf 94' lang='lat' dir='ltr'>velint</span> <span class='ocrx_word' id='word_1_85' title='bbox 1335 1298 1396 1348; x_wconf 93' lang='lat' dir='ltr'>suo</span> 
     </span>
     <span class='ocr_line' id='line_1_12' title="bbox 270 1380 622 1468; baseline -0.003 -19"><span class='ocrx_word' id='word_1_86' title='bbox 270 1380 416 1449; x_wconf 90' lang='lat' dir='ltr'>dominio</span> <span class='ocrx_word' id='word_1_87' title='bbox 434 1381 622 1468; x_wconf 87' lang='lat' dir='ltr'>subiugare.</span> 
     </span>
    </p>
   </div>
   <div class='ocr_carea' id='block_1_4' title="bbox 203 1493 1441 3860">
    <p class='ocr_par' dir='ltr' id='par_1_4' title="bbox 264 1493 1441 2872">
     <span class='ocr_line' id='line_1_13' title="bbox 340 1493 1398 1588; baseline -0.002 -24"><span class='ocrx_word' id='word_1_88' title='bbox 340 1493 491 1565; x_wconf 89' lang='lat' dir='ltr'>Audiens</span> <span class='ocrx_word' id='word_1_89' title='bbox 509 1497 570 1564; x_wconf 91' lang='lat' dir='ltr'>hec</span> <span class='ocrx_word' id='word_1_90' title='bbox 587 1496 744 1566; x_wconf 92' lang='lat' dir='ltr'>Bohemie</span> <span class='ocrx_word' id='word_1_91' title='bbox 762 1515 821 1565; x_wconf 86' lang='lat' dir='ltr'>rex</span> <span class='ocrx_word' id='word_1_92' title='bbox 841 1497 947 1564; x_wconf 87' lang='lat' dir='ltr'>timuit</span> <span class='ocrx_word' id='word_1_93' title='bbox 962 1496 1060 1566; x_wconf 88' lang='lat' dir='ltr'>ualde</span> <span class='ocrx_word' id='word_1_94' title='bbox 1070 1551 1079 1588; x_wconf 84' lang='grc'>,</span> <span class='ocrx_word' id='word_1_95' title='bbox 1108 1502 1140 1566; x_wconf 93' lang='lat' dir='ltr'>et</span> <span class='ocrx_word' id='word_1_96' title='bbox 1156 1497 1298 1566; x_wconf 88' lang='lat' dir='ltr'>concilio</span> <span class='ocrx_word' id='word_1_97' title='bbox 1315 1513 1398 1563; x_wconf 83' lang='lat' dir='ltr'>oon-</span> 
     </span>
     <span class='ocr_line' id='line_1_14' title="bbox 268 1596 1400 1684; baseline 0 -22"><span class='ocrx_word' id='word_1_98' title='bbox 268 1601 407 1682; x_wconf 84' lang='lat' dir='ltr'>gregato</span> <span class='ocrx_word' id='word_1_99' title='bbox 430 1596 597 1684; x_wconf 87' lang='lat' dir='ltr'>principes</span> <span class='ocrx_word' id='word_1_100' title='bbox 612 1596 761 1665; x_wconf 84' lang='lat' dir='ltr'>literatos</span> <span class='ocrx_word' id='word_1_101' title='bbox 786 1597 995 1683; x_wconf 86' lang='lat' dir='ltr'>convocavit,</span> <span class='ocrx_word' id='word_1_102' title='bbox 1018 1597 1146 1664; x_wconf 89' lang='lat' dir='ltr'>seilicet</span> <span class='ocrx_word' id='word_1_103' title='bbox 1168 1597 1400 1684; x_wconf 91' lang='lat' dir='ltr'>archiepisco-</span> 
     </span>
     <span class='ocr_line' id='line_1_15' title="bbox 267 1693 1399 1784; baseline -0.002 -22"><span class='ocrx_word' id='word_1_104' title='bbox 267 1713 330 1783; x_wconf 92' lang='lat' dir='ltr'>pos</span> <span class='ocrx_word' id='word_1_105' title='bbox 363 1696 552 1782; x_wconf 92' lang='lat' dir='ltr'>prepositos</span> <span class='ocrx_word' id='word_1_106' title='bbox 581 1694 719 1763; x_wconf 89' lang='lat' dir='ltr'>abbates</span> <span class='ocrx_word' id='word_1_107' title='bbox 741 1696 864 1784; x_wconf 88' lang='lat' dir='ltr'>pariter</span> <span class='ocrx_word' id='word_1_108' title='bbox 886 1700 919 1762; x_wconf 93' lang='lat' dir='ltr'>et</span> <span class='ocrx_word' id='word_1_109' title='bbox 940 1697 1078 1782; x_wconf 92' lang='lat' dir='ltr'>priores.</span> <span class='ocrx_word' id='word_1_110' title='bbox 1132 1695 1212 1764; x_wconf 88' lang='lat' dir='ltr'>Cum</span> <span class='ocrx_word' id='word_1_111' title='bbox 1237 1695 1337 1780; x_wconf 86' lang='lat' dir='ltr'>igitur</span> <span class='ocrx_word' id='word_1_112' title='bbox 1357 1693 1399 1760; x_wconf 93' lang='lat' dir='ltr'>ad</span> 
     </span>
     <span class='ocr_line' id='line_1_16' title="bbox 268 1792 1402 1883; baseline -0.002 -23"><span class='ocrx_word' id='word_1_113' title='bbox 268 1794 468 1882; x_wconf 82' lang='lat' dir='ltr'>presentiam</span> <span class='ocrx_word' id='word_1_114' title='bbox 489 1795 541 1861; x_wconf 93' lang='lat' dir='ltr'>sui</span> <span class='ocrx_word' id='word_1_115' title='bbox 562 1795 800 1862; x_wconf 91' lang='lat' dir='ltr'>convenissent</span> <span class='ocrx_word' id='word_1_116' title='bbox 807 1847 816 1883; x_wconf 90' lang='lat'><em>,</em></span> <span class='ocrx_word' id='word_1_117' title='bbox 834 1792 932 1861; x_wconf 84' lang='lat' dir='ltr'>dixit:</span> <span class='ocrx_word' id='word_1_118' title='bbox 956 1793 1181 1862; x_wconf 84' lang='lat' dir='ltr'>Intelleuimur</span> <span class='ocrx_word' id='word_1_119' title='bbox 1193 1811 1298 1879; x_wconf 82' lang='lat' dir='ltr'>nuper</span> <span class='ocrx_word' id='word_1_120' title='bbox 1313 1793 1402 1878; x_wconf 79' lang='lat' dir='ltr'>quod</span> 
     </span>
     <span class='ocr_line' id='line_1_17' title="bbox 269 1891 1399 1980; baseline 0 -21"><span class='ocrx_word' id='word_1_121' title='bbox 269 1910 378 1960; x_wconf 83' lang='lat' dir='ltr'>eomer</span> <span class='ocrx_word' id='word_1_122' title='bbox 395 1891 555 1976; x_wconf 74' lang='lat' dir='ltr'>liudolfus</span> <span class='ocrx_word' id='word_1_123' title='bbox 580 1893 621 1960; x_wconf 86' lang='lat' dir='ltr'>de</span> <span class='ocrx_word' id='word_1_124' title='bbox 646 1891 935 1960; x_wconf 82' lang='lat' dir='ltr'>Huiirburodieut</span> <span class='ocrx_word' id='word_1_125' title='bbox 948 1911 985 1960; x_wconf 85' lang='lat' dir='ltr'>se</span> <span class='ocrx_word' id='word_1_126' title='bbox 1004 1893 1079 1976; x_wconf 81' lang='lat' dir='ltr'>fore</span> <span class='ocrx_word' id='word_1_127' title='bbox 1101 1911 1211 1980; x_wconf 73' lang='lat' dir='ltr'>repam</span> <span class='ocrx_word' id='word_1_128' title='bbox 1232 1892 1399 1960; x_wconf 80' lang='lat' dir='ltr'>Romarm-</span> 
     </span>
     <span class='ocr_line' id='line_1_18' title="bbox 268 1989 1400 2078; baseline -0.002 -19"><span class='ocrx_word' id='word_1_129' title='bbox 268 2009 355 2074; x_wconf 81' lang='lat' dir='ltr'>rum,</span> <span class='ocrx_word' id='word_1_130' title='bbox 392 1995 425 2058; x_wconf 91' lang='lat' dir='ltr'>et</span> <span class='ocrx_word' id='word_1_131' title='bbox 442 1991 523 2058; x_wconf 87' lang='lat' dir='ltr'>dicit</span> <span class='ocrx_word' id='word_1_132' title='bbox 545 2009 581 2058; x_wconf 82' lang='lat' dir='ltr'>re</span> <span class='ocrx_word' id='word_1_133' title='bbox 605 1991 687 2058; x_wconf 90' lang='lat' dir='ltr'>uelle</span> <span class='ocrx_word' id='word_1_134' title='bbox 712 1996 821 2059; x_wconf 79' lang='lat' dir='ltr'>terras</span> <span class='ocrx_word' id='word_1_135' title='bbox 843 1995 977 2058; x_wconf 80' lang='lat' dir='ltr'>uestras</span> <span class='ocrx_word' id='word_1_136' title='bbox 999 1993 1032 2058; x_wconf 87' lang='lat' dir='ltr'>tu</span> <span class='ocrx_word' id='word_1_137' title='bbox 1041 1993 1216 2078; x_wconf 83' lang='lat' dir='ltr'>propriam</span> <span class='ocrx_word' id='word_1_138' title='bbox 1232 1989 1400 2058; x_wconf 75' lang='lat' dir='ltr'>retrahere</span> 
     </span>
     <span class='ocr_line' id='line_1_19' title="bbox 264 2089 1400 2176; baseline -0.004 -18"><span class='ocrx_word' id='word_1_139' title='bbox 264 2095 468 2176; x_wconf 80' lang='lat' dir='ltr'>potestatem.</span> <span class='ocrx_word' id='word_1_140' title='bbox 502 2091 582 2158; x_wconf 83' lang='lat' dir='ltr'>Cura</span> <span class='ocrx_word' id='word_1_141' title='bbox 601 2091 700 2176; x_wconf 69' lang='lat' dir='ltr'>icitur</span> <span class='ocrx_word' id='word_1_142' title='bbox 714 2089 773 2158; x_wconf 79' lang='lat' dir='ltr'>lrec</span> <span class='ocrx_word' id='word_1_143' title='bbox 796 2092 955 2157; x_wconf 78' lang='lat' dir='ltr'>sustinere</span> <span class='ocrx_word' id='word_1_144' title='bbox 975 2107 1040 2158; x_wconf 86' lang='lat' dir='ltr'>uon</span> <span class='ocrx_word' id='word_1_145' title='bbox 1057 2089 1232 2158; x_wconf 80' lang='lat' dir='ltr'>debeamus</span> <span class='ocrx_word' id='word_1_146' title='bbox 1246 2108 1321 2157; x_wconf 88' lang='lat' dir='ltr'>euru</span> <span class='ocrx_word' id='word_1_147' title='bbox 1344 2106 1400 2156; x_wconf 83' lang='lat' dir='ltr'>eur</span> 
     </span>
     <span class='ocr_line' id='line_1_20' title="bbox 269 2187 1441 2275; baseline -0.003 -19"><span class='ocrx_word' id='word_1_148' title='bbox 269 2189 437 2274; x_wconf 83' lang='lat' dir='ltr'>multiplici</span> <span class='ocrx_word' id='word_1_149' title='bbox 461 2191 531 2256; x_wconf 90' lang='lat' dir='ltr'>iure</span> <span class='ocrx_word' id='word_1_150' title='bbox 556 2193 737 2273; x_wconf 74' lang='lat' dir='ltr'>teceamus,</span> <span class='ocrx_word' id='word_1_151' title='bbox 760 2191 892 2275; x_wconf 78' lang='lat' dir='ltr'>iusuper</span> <span class='ocrx_word' id='word_1_152' title='bbox 907 2187 1000 2256; x_wconf 80' lang='lat' dir='ltr'>uobis</span> <span class='ocrx_word' id='word_1_153' title='bbox 1017 2190 1148 2256; x_wconf 87' lang='lat' dir='ltr'>rederet</span> <span class='ocrx_word' id='word_1_154' title='bbox 1169 2191 1202 2256; x_wconf 89' lang='lat' dir='ltr'>iu</span> <span class='ocrx_word' id='word_1_155' title='bbox 1223 2190 1401 2256; x_wconf 70' lang='lat' dir='ltr'>mammon</span> <span class='ocrx_word' id='word_1_156' title='bbox 1440 2203 1441 2206; x_wconf 68' lang='grc'>’</span> 
     </span>
     <span class='ocr_line' id='line_1_21' title="bbox 271 2286 1401 2374; baseline -0.001 -19"><span class='ocrx_word' id='word_1_157' title='bbox 271 2289 514 2356; x_wconf 85' lang='lat' dir='ltr'>detrimentum:</span> <span class='ocrx_word' id='word_1_158' title='bbox 538 2305 621 2374; x_wconf 70' lang='lat' dir='ltr'>roua</span> <span class='ocrx_word' id='word_1_159' title='bbox 645 2287 847 2355; x_wconf 86' lang='lat' dir='ltr'>ditectionem</span> <span class='ocrx_word' id='word_1_160' title='bbox 863 2291 1020 2368; x_wconf 84' lang='lat' dir='ltr'>uestrum,</span> <span class='ocrx_word' id='word_1_161' title='bbox 1043 2292 1201 2372; x_wconf 84' lang='lat' dir='ltr'>quatenus</span> <span class='ocrx_word' id='word_1_162' title='bbox 1228 2286 1306 2354; x_wconf 81' lang='lat' dir='ltr'>milri</span> <span class='ocrx_word' id='word_1_163' title='bbox 1318 2288 1401 2368; x_wconf 77' lang='lat' dir='ltr'>fide-</span> 
     </span>
     <span class='ocr_line' id='line_1_22' title="bbox 271 2385 1401 2479; baseline -0.002 -27"><span class='ocrx_word' id='word_1_164' title='bbox 271 2385 394 2454; x_wconf 83' lang='lat' dir='ltr'>litatem</span> <span class='ocrx_word' id='word_1_165' title='bbox 416 2389 597 2453; x_wconf 86' lang='lat' dir='ltr'>iuramento</span> <span class='ocrx_word' id='word_1_166' title='bbox 610 2387 763 2479; x_wconf 69' lang='lat' dir='ltr'>timelio,</span> <span class='ocrx_word' id='word_1_167' title='bbox 787 2391 819 2454; x_wconf 92' lang='lat' dir='ltr'>et</span> <span class='ocrx_word' id='word_1_168' title='bbox 836 2390 873 2453; x_wconf 93' lang='lat' dir='ltr'>ut</span> <span class='ocrx_word' id='word_1_169' title='bbox 893 2403 1004 2453; x_wconf 81' lang='lat' dir='ltr'>omues</span> <span class='ocrx_word' id='word_1_170' title='bbox 1019 2405 1109 2454; x_wconf 81' lang='lat' dir='ltr'>meos</span> <span class='ocrx_word' id='word_1_171' title='bbox 1130 2387 1348 2454; x_wconf 81' lang='lat' dir='ltr'>aduersarios</span> <span class='ocrx_word' id='word_1_172' title='bbox 1364 2387 1401 2452; x_wconf 88' lang='lat' dir='ltr'>de</span> 
     </span>
     <span class='ocr_line' id='line_1_23' title="bbox 270 2483 1401 2572; baseline -0.002 -20"><span class='ocrx_word' id='word_1_173' title='bbox 270 2487 392 2553; x_wconf 79' lang='lat' dir='ltr'>nostru</span> <span class='ocrx_word' id='word_1_174' title='bbox 401 2483 519 2566; x_wconf 77' lang='lat' dir='ltr'>finibus</span> <span class='ocrx_word' id='word_1_175' title='bbox 528 2503 594 2570; x_wconf 79' lang='lat' dir='ltr'>pro</span> <span class='ocrx_word' id='word_1_176' title='bbox 611 2483 730 2552; x_wconf 81' lang='lat' dir='ltr'>uiribus</span> <span class='ocrx_word' id='word_1_177' title='bbox 745 2487 861 2552; x_wconf 81' lang='lat' dir='ltr'>uestris</span> <span class='ocrx_word' id='word_1_178' title='bbox 878 2485 1062 2570; x_wconf 68' lang='lat' dir='ltr'>expellatis.</span> <span class='ocrx_word' id='word_1_179' title='bbox 1090 2486 1184 2553; x_wconf 87' lang='lat' dir='ltr'>Tune</span> <span class='ocrx_word' id='word_1_180' title='bbox 1200 2502 1319 2553; x_wconf 90' lang='lat' dir='ltr'>omnes</span> <span class='ocrx_word' id='word_1_181' title='bbox 1338 2503 1401 2572; x_wconf 91' lang='lat' dir='ltr'>pa-</span> 
     </span>
     <span class='ocr_line' id='line_1_24' title="bbox 271 2583 1401 2671; baseline -0.004 -20"><span class='ocrx_word' id='word_1_182' title='bbox 271 2585 348 2652; x_wconf 93' lang='lat' dir='ltr'>riter</span> <span class='ocrx_word' id='word_1_183' title='bbox 376 2583 545 2652; x_wconf 86' lang='lat' dir='ltr'>dixerunt:</span> <span class='ocrx_word' id='word_1_184' title='bbox 594 2583 755 2671; x_wconf 79' lang='lat' dir='ltr'>Quicquid</span> <span class='ocrx_word' id='word_1_185' title='bbox 781 2585 911 2652; x_wconf 85' lang='lat' dir='ltr'>domiuo</span> <span class='ocrx_word' id='word_1_186' title='bbox 940 2585 1011 2670; x_wconf 78' lang='lat' dir='ltr'>rupi</span> <span class='ocrx_word' id='word_1_187' title='bbox 1038 2585 1206 2669; x_wconf 79' lang='lat' dir='ltr'>placuerit</span> <span class='ocrx_word' id='word_1_188' title='bbox 1231 2584 1401 2668; x_wconf 83' lang='lat' dir='ltr'>sueiemrrr.</span> 
     </span>
     <span class='ocr_line' id='line_1_25' title="bbox 271 2681 1400 2772; baseline -0.004 -21"><span class='ocrx_word' id='word_1_189' title='bbox 271 2682 365 2751; x_wconf 85' lang='lat' dir='ltr'>&#39;lunc</span> <span class='ocrx_word' id='word_1_190' title='bbox 385 2701 444 2752; x_wconf 86' lang='lat' dir='ltr'>rex</span> <span class='ocrx_word' id='word_1_191' title='bbox 465 2683 563 2752; x_wconf 88' lang='lat' dir='ltr'>dixit:</span> <span class='ocrx_word' id='word_1_192' title='bbox 586 2683 704 2750; x_wconf 73' lang='lat' dir='ltr'>iterate</span> <span class='ocrx_word' id='word_1_193' title='bbox 726 2700 806 2769; x_wconf 76' lang='lat' dir='ltr'>erpo</span> <span class='ocrx_word' id='word_1_194' title='bbox 828 2681 904 2750; x_wconf 86' lang='lat' dir='ltr'>midi</span> <span class='ocrx_word' id='word_1_195' title='bbox 922 2683 1121 2772; x_wconf 74' lang='lat' dir='ltr'>fidelitatem.</span> <span class='ocrx_word' id='word_1_196' title='bbox 1163 2683 1258 2750; x_wconf 84' lang='lat' dir='ltr'>Tunc</span> <span class='ocrx_word' id='word_1_197' title='bbox 1285 2699 1400 2751; x_wconf 90' lang='lat' dir='ltr'>omnes</span> 
     </span>
     <span class='ocr_line' id='line_1_26' title="bbox 270 2775 1356 2872; baseline -0.002 -22"><span class='ocrx_word' id='word_1_198' title='bbox 270 2783 481 2872; x_wconf 83' lang='lat' dir='ltr'>iuraverunt,</span> <span class='ocrx_word' id='word_1_199' title='bbox 502 2784 638 2869; x_wconf 92' lang='lat' dir='ltr'>insuper</span> <span class='ocrx_word' id='word_1_200' title='bbox 654 2783 684 2848; x_wconf 90' lang='lat' dir='ltr'>ei</span> <span class='ocrx_word' id='word_1_201' title='bbox 705 2799 829 2870; x_wconf 89' lang='lat' dir='ltr'>pueros</span> <span class='ocrx_word' id='word_1_202' title='bbox 847 2799 928 2850; x_wconf 91' lang='lat' dir='ltr'>suos</span> <span class='ocrx_word' id='word_1_203' title='bbox 949 2781 1086 2850; x_wconf 91' lang='lat' dir='ltr'>obsides</span> <span class='ocrx_word' id='word_1_204' title='bbox 1111 2775 1356 2850; x_wconf 74' lang='lat' dir='ltr'>tradiderunt.¹</span> 
     </span>
    </p>

    <p class='ocr_par' dir='ltr' id='par_1_5' title="bbox 203 2872 1402 3564">
     <span class='ocr_line' id='line_1_27' title="bbox 344 2872 1401 2966; baseline -0.003 -18"><span class='ocrx_word' id='word_1_205' title='bbox 344 2879 505 2948; x_wconf 89' lang='lat' dir='ltr'>Rudolius</span> <span class='ocrx_word' id='word_1_206' title='bbox 531 2898 590 2948; x_wconf 90' lang='lat' dir='ltr'>rex</span> <span class='ocrx_word' id='word_1_207' title='bbox 612 2897 686 2947; x_wconf 91' lang='lat' dir='ltr'>curn</span> <span class='ocrx_word' id='word_1_208' title='bbox 709 2881 821 2948; x_wconf 86' lang='lat' dir='ltr'>literas</span> <span class='ocrx_word' id='word_1_209' title='bbox 848 2879 1008 2948; x_wconf 90' lang='lat' dir='ltr'>nobilium</span> <span class='ocrx_word' id='word_1_210' title='bbox 1034 2872 1222 2948; x_wconf 85' lang='lat' dir='ltr'>Bohemie²</span> <span class='ocrx_word' id='word_1_211' title='bbox 1247 2879 1401 2966; x_wconf 89' lang='lat' dir='ltr'>vidisset,</span> 
     </span>
     <span class='ocr_line' id='line_1_28' title="bbox 271 2977 1401 3069; baseline -0.003 -22"><span class='ocrx_word' id='word_1_212' title='bbox 271 2978 382 3047; x_wconf 90' lang='lat' dir='ltr'>subito</span> <span class='ocrx_word' id='word_1_213' title='bbox 407 2981 456 3046; x_wconf 92' lang='lat' dir='ltr'>eis</span> <span class='ocrx_word' id='word_1_214' title='bbox 482 2979 516 3045; x_wconf 95' lang='lat' dir='ltr'>in</span> <span class='ocrx_word' id='word_1_215' title='bbox 538 2977 734 3046; x_wconf 88' lang='lat' dir='ltr'>adiutorium</span> <span class='ocrx_word' id='word_1_216' title='bbox 759 2981 926 3069; x_wconf 83' lang='lat' dir='ltr'>venisset,</span> <span class='ocrx_word' id='word_1_217' title='bbox 950 2981 978 3046; x_wconf 92' lang='lat' dir='ltr'>si</span> <span class='ocrx_word' id='word_1_218' title='bbox 995 2977 1100 3046; x_wconf 86' lang='lat' dir='ltr'>Rheni</span> <span class='ocrx_word' id='word_1_219' title='bbox 1119 2981 1278 3066; x_wconf 80' lang='lat' dir='ltr'>regiones</span> <span class='ocrx_word' id='word_1_220' title='bbox 1298 2980 1401 3046; x_wconf 87' lang='lat' dir='ltr'>relin-</span> 
     </span>
     <span class='ocr_line' id='line_1_29' title="bbox 273 3075 1401 3166; baseline 0 -24"><span class='ocrx_word' id='word_1_221' title='bbox 273 3093 375 3164; x_wconf 82' lang='lat' dir='ltr'>quere</span> <span class='ocrx_word' id='word_1_222' title='bbox 398 3077 573 3164; x_wconf 90' lang='lat' dir='ltr'>potuisset.</span> <span class='ocrx_word' id='word_1_223' title='bbox 606 3075 685 3144; x_wconf 88' lang='lat' dir='ltr'>Cum</span> <span class='ocrx_word' id='word_1_224' title='bbox 708 3083 817 3146; x_wconf 91' lang='lat' dir='ltr'>autem</span> <span class='ocrx_word' id='word_1_225' title='bbox 841 3096 899 3146; x_wconf 89' lang='lat' dir='ltr'>rex</span> <span class='ocrx_word' id='word_1_226' title='bbox 918 3083 1054 3166; x_wconf 92' lang='lat' dir='ltr'>propter</span> <span class='ocrx_word' id='word_1_227' title='bbox 1079 3078 1190 3146; x_wconf 92' lang='lat' dir='ltr'>literas</span> <span class='ocrx_word' id='word_1_228' title='bbox 1214 3077 1258 3146; x_wconf 92' lang='lat' dir='ltr'>ad</span> <span class='ocrx_word' id='word_1_229' title='bbox 1283 3083 1401 3146; x_wconf 91' lang='lat' dir='ltr'>terram</span> 
     </span>
     <span class='ocr_line' id='line_1_30' title="bbox 272 3174 1400 3266; baseline 0 -24"><span class='ocrx_word' id='word_1_230' title='bbox 272 3175 430 3244; x_wconf 90' lang='lat' dir='ltr'>Bohemie</span> <span class='ocrx_word' id='word_1_231' title='bbox 458 3193 495 3243; x_wconf 91' lang='lat' dir='ltr'>se</span> <span class='ocrx_word' id='word_1_232' title='bbox 519 3174 694 3244; x_wconf 81' lang='lat' dir='ltr'>transferre</span> <span class='ocrx_word' id='word_1_233' title='bbox 721 3179 852 3245; x_wconf 88' lang='lat' dir='ltr'>minime</span> <span class='ocrx_word' id='word_1_234' title='bbox 884 3178 1068 3266; x_wconf 85' lang='lat' dir='ltr'>potuisset,</span> <span class='ocrx_word' id='word_1_235' title='bbox 1094 3177 1227 3264; x_wconf 89' lang='lat' dir='ltr'>quidam</span> <span class='ocrx_word' id='word_1_236' title='bbox 1254 3195 1299 3245; x_wconf 90' lang='lat' dir='ltr'>ex</span> <span class='ocrx_word' id='word_1_237' title='bbox 1320 3177 1400 3265; x_wconf 91' lang='lat' dir='ltr'>ipsis</span> 
     </span>
     <span class='ocr_line' id='line_1_31' title="bbox 271 3273 1402 3364; baseline -0.002 -22"><span class='ocrx_word' id='word_1_238' title='bbox 271 3274 494 3363; x_wconf 90' lang='lat' dir='ltr'>personaliter</span> <span class='ocrx_word' id='word_1_239' title='bbox 525 3276 558 3342; x_wconf 93' lang='lat' dir='ltr'>in</span> <span class='ocrx_word' id='word_1_240' title='bbox 593 3273 754 3343; x_wconf 84' lang='lat' dir='ltr'>Alsatiam</span> <span class='ocrx_word' id='word_1_241' title='bbox 782 3282 1021 3364; x_wconf 85' lang='lat' dir='ltr'>pervenerunt,</span> <span class='ocrx_word' id='word_1_242' title='bbox 1062 3293 1174 3362; x_wconf 82' lang='lat' dir='ltr'>regern</span> <span class='ocrx_word' id='word_1_243' title='bbox 1207 3276 1402 3364; x_wconf 89' lang='lat' dir='ltr'>suppliciter</span> 
     </span>
     <span class='ocr_line' id='line_1_32' title="bbox 273 3373 1401 3462; baseline -0.001 -20"><span class='ocrx_word' id='word_1_244' title='bbox 273 3373 510 3462; x_wconf 83' lang='lat' dir='ltr'>deprecantes,</span> <span class='ocrx_word' id='word_1_245' title='bbox 535 3378 572 3441; x_wconf 93' lang='lat' dir='ltr'>ut</span> <span class='ocrx_word' id='word_1_246' title='bbox 596 3373 637 3441; x_wconf 93' lang='lat' dir='ltr'>ad</span> <span class='ocrx_word' id='word_1_247' title='bbox 664 3381 768 3442; x_wconf 92' lang='lat' dir='ltr'>terras</span> <span class='ocrx_word' id='word_1_248' title='bbox 793 3375 882 3460; x_wconf 82' lang='lat' dir='ltr'>regis</span> <span class='ocrx_word' id='word_1_249' title='bbox 908 3374 1065 3442; x_wconf 91' lang='lat' dir='ltr'>Bchemie</span> <span class='ocrx_word' id='word_1_250' title='bbox 1092 3393 1161 3442; x_wconf 93' lang='lat' dir='ltr'>non</span> <span class='ocrx_word' id='word_1_251' title='bbox 1179 3373 1314 3442; x_wconf 88' lang='lat' dir='ltr'>dillerat</span> <span class='ocrx_word' id='word_1_252' title='bbox 1341 3392 1401 3442; x_wconf 90' lang='lat' dir='ltr'>ve-</span> 
     </span>
     <span class='ocr_line' id='line_1_33' title="bbox 203 3471 1306 3564; baseline 0 -24"><span class='ocrx_word' id='word_1_253' title='bbox 203 3514 208 3521; x_wconf 92' lang='lat'>·</span> <span class='ocrx_word' id='word_1_254' title='bbox 272 3475 353 3564; x_wconf 86' lang='lat' dir='ltr'>nire,</span> <span class='ocrx_word' id='word_1_255' title='bbox 375 3491 416 3542; x_wconf 92' lang='lat' dir='ltr'>eo</span> <span class='ocrx_word' id='word_1_256' title='bbox 433 3471 598 3560; x_wconf 89' lang='lat' dir='ltr'>quodsibi</span> <span class='ocrx_word' id='word_1_257' title='bbox 626 3473 784 3558; x_wconf 82' lang='lat' dir='ltr'>regiones</span> <span class='ocrx_word' id='word_1_258' title='bbox 809 3491 889 3541; x_wconf 90' lang='lat' dir='ltr'>suas</span> <span class='ocrx_word' id='word_1_259' title='bbox 917 3474 1093 3540; x_wconf 89' lang='lat' dir='ltr'>restituent</span> <span class='ocrx_word' id='word_1_260' title='bbox 1117 3476 1306 3542; x_wconf 87' lang='lat' dir='ltr'>universas.</span> 
     </span>
    </p>

    <p class='ocr_par' dir='ltr' id='par_1_6' title="bbox 272 3569 1401 3860">
     <span class='ocr_line' id='line_1_34' title="bbox 344 3569 1399 3660; baseline -0.002 -20"><span class='ocrx_word' id='word_1_261' title='bbox 344 3571 506 3642; x_wconf 87' lang='lat' dir='ltr'>Rudolsus</span> <span class='ocrx_word' id='word_1_262' title='bbox 533 3590 591 3640; x_wconf 87' lang='lat' dir='ltr'>rex</span> <span class='ocrx_word' id='word_1_263' title='bbox 614 3569 843 3659; x_wconf 89' lang='lat' dir='ltr'>Romanorum,</span> <span class='ocrx_word' id='word_1_264' title='bbox 861 3571 1037 3640; x_wconf 86' lang='lat' dir='ltr'>inclinatus</span> <span class='ocrx_word' id='word_1_265' title='bbox 1063 3574 1218 3660; x_wconf 87' lang='lat' dir='ltr'>precibus</span> <span class='ocrx_word' id='word_1_266' title='bbox 1242 3571 1399 3640; x_wconf 91' lang='lat' dir='ltr'>domino·</span> 
     </span>
     <span class='ocr_line' id='line_1_35' title="bbox 272 3670 1401 3760; baseline 0 -24"><span class='ocrx_word' id='word_1_267' title='bbox 272 3687 359 3760; x_wconf 81' lang='lat' dir='ltr'>rum,</span> <span class='ocrx_word' id='word_1_268' title='bbox 386 3672 518 3756; x_wconf 81' lang='lat' dir='ltr'>rogavit</span> <span class='ocrx_word' id='word_1_269' title='bbox 535 3688 652 3738; x_wconf 92' lang='lat' dir='ltr'>omnes</span> <span class='ocrx_word' id='word_1_270' title='bbox 668 3671 890 3759; x_wconf 90' lang='lat' dir='ltr'>personaliter</span> <span class='ocrx_word' id='word_1_271' title='bbox 907 3670 1026 3737; x_wconf 89' lang='lat' dir='ltr'>milites</span> <span class='ocrx_word' id='word_1_272' title='bbox 1050 3689 1135 3758; x_wconf 83' lang='lat' dir='ltr'>quos</span> <span class='ocrx_word' id='word_1_273' title='bbox 1153 3689 1275 3758; x_wconf 83' lang='lat' dir='ltr'>rogare</span> <span class='ocrx_word' id='word_1_274' title='bbox 1302 3676 1401 3758; x_wconf 91' lang='lat' dir='ltr'>pote-</span> 
     </span>
     <span class='ocr_line' id='line_1_36' title="bbox 272 3769 1401 3860; baseline -0.003 -25"><span class='ocrx_word' id='word_1_275' title='bbox 272 3777 337 3860; x_wconf 76' lang='lat' dir='ltr'>rat,</span> <span class='ocrx_word' id='word_1_276' title='bbox 363 3771 501 3858; x_wconf 89' lang='lat' dir='ltr'>insuper</span> <span class='ocrx_word' id='word_1_277' title='bbox 514 3769 666 3838; x_wconf 91' lang='lat' dir='ltr'>omnibus</span> <span class='ocrx_word' id='word_1_278' title='bbox 692 3771 763 3838; x_wconf 91' lang='lat' dir='ltr'>suis</span> <span class='ocrx_word' id='word_1_279' title='bbox 781 3770 946 3858; x_wconf 92' lang='lat' dir='ltr'>precepit:</span> <span class='ocrx_word' id='word_1_280' title='bbox 966 3773 1002 3835; x_wconf 94' lang='lat' dir='ltr'>ut</span> <span class='ocrx_word' id='word_1_281' title='bbox 1021 3773 1142 3837; x_wconf 87' lang='lat' dir='ltr'>armati</span> <span class='ocrx_word' id='word_1_282' title='bbox 1162 3788 1272 3837; x_wconf 85' lang='lat' dir='ltr'>recum</span> <span class='ocrx_word' id='word_1_283' title='bbox 1294 3770 1401 3836; x_wconf 86' lang='lat' dir='ltr'>uenire</span> 
     </span>
    </p>
   </div>
   <div class='ocr_carea' id='block_1_5' title="bbox 271 3919 1402 4255">
    <p class='ocr_par' dir='ltr' id='par_1_7' title="bbox 271 3919 1402 4255">
     <span class='ocr_line' id='line_1_37' title="bbox 308 3919 1400 3998; baseline -0.004 -16"><span class='ocrx_word' id='word_1_284' title='bbox 308 3931 338 3991; x_wconf 83' lang='lat' dir='ltr'>tl</span> <span class='ocrx_word' id='word_1_285' title='bbox 356 3927 462 3981; x_wconf 82' lang='lat' dir='ltr'>sowohl</span> <span class='ocrx_word' id='word_1_286' title='bbox 480 3943 528 3981; x_wconf 90' lang='lat' dir='ltr'>aus</span> <span class='ocrx_word' id='word_1_287' title='bbox 551 3927 600 3981; x_wconf 86' lang='lat' dir='ltr'>der</span> <span class='ocrx_word' id='word_1_288' title='bbox 622 3927 687 3982; x_wconf 89' lang='lat' dir='ltr'>rede</span> <span class='ocrx_word' id='word_1_289' title='bbox 711 3927 759 3982; x_wconf 89' lang='lat' dir='ltr'>des</span> <span class='ocrx_word' id='word_1_290' title='bbox 777 3921 871 3998; x_wconf 75' lang='lat' dir='ltr'>konigs</span> <span class='ocrx_word' id='word_1_291' title='bbox 895 3919 935 3983; x_wconf 78' lang='lat' dir='ltr'>als</span> <span class='ocrx_word' id='word_1_292' title='bbox 959 3946 1007 3983; x_wconf 89' lang='lat' dir='ltr'>aus</span> <span class='ocrx_word' id='word_1_293' title='bbox 1029 3929 1130 3984; x_wconf 83' lang='lat' dir='ltr'>diesem</span> <span class='ocrx_word' id='word_1_294' title='bbox 1154 3928 1276 3983; x_wconf 86' lang='lat' dir='ltr'>schlusse</span> <span class='ocrx_word' id='word_1_295' title='bbox 1300 3927 1400 3995; x_wconf 85' lang='lat' dir='ltr'>ergicht</span> 
     </span>
     <span class='ocr_line' id='line_1_38' title="bbox 272 3995 1401 4064; baseline -0.003 -16"><span class='ocrx_word' id='word_1_296' title='bbox 272 3995 338 4058; x_wconf 84' lang='lat' dir='ltr'>airh,</span> <span class='ocrx_word' id='word_1_297' title='bbox 357 3995 418 4049; x_wconf 90' lang='lat' dir='ltr'>dass</span> <span class='ocrx_word' id='word_1_298' title='bbox 435 3995 494 4048; x_wconf 87' lang='lat' dir='ltr'>lrier</span> <span class='ocrx_word' id='word_1_299' title='bbox 511 3995 584 4050; x_wconf 90' lang='lat' dir='ltr'>nicht</span> <span class='ocrx_word' id='word_1_300' title='bbox 601 3997 646 4050; x_wconf 89' lang='lat' dir='ltr'>die</span> <span class='ocrx_word' id='word_1_301' title='bbox 664 3997 831 4064; x_wconf 83' lang='lat' dir='ltr'>geistliclren,</span> <span class='ocrx_word' id='word_1_302' title='bbox 849 3998 966 4052; x_wconf 83' lang='lat' dir='ltr'>sandern</span> <span class='ocrx_word' id='word_1_303' title='bbox 985 3999 1028 4052; x_wconf 91' lang='lat' dir='ltr'>die</span> <span class='ocrx_word' id='word_1_304' title='bbox 1048 3997 1203 4052; x_wconf 88' lang='lat' dir='ltr'>weltlichen</span> <span class='ocrx_word' id='word_1_305' title='bbox 1221 3997 1307 4050; x_wconf 87' lang='lat' dir='ltr'>herrn</span> <span class='ocrx_word' id='word_1_306' title='bbox 1326 4010 1401 4060; x_wconf 83' lang='lat' dir='ltr'>auga-</span> 
     </span>
     <span class='ocr_line' id='line_1_39' title="bbox 272 4063 1400 4135; baseline -0.007 -17"><span class='ocrx_word' id='word_1_307' title='bbox 272 4063 405 4134; x_wconf 85' lang='lat' dir='ltr'>aproclren</span> <span class='ocrx_word' id='word_1_308' title='bbox 424 4063 533 4116; x_wconf 89' lang='lat' dir='ltr'>worden</span> <span class='ocrx_word' id='word_1_309' title='bbox 540 4085 548 4129; x_wconf 85' lang='lat'><em>3</em></span> <span class='ocrx_word' id='word_1_310' title='bbox 575 4080 605 4118; x_wconf 90' lang='lat' dir='ltr'>as</span> <span class='ocrx_word' id='word_1_311' title='bbox 624 4064 712 4118; x_wconf 84' lang='lat' dir='ltr'>dirrite</span> <span class='ocrx_word' id='word_1_312' title='bbox 730 4065 790 4118; x_wconf 84' lang='lat' dir='ltr'>also</span> <span class='ocrx_word' id='word_1_313' title='bbox 814 4064 882 4118; x_wconf 90' lang='lat' dir='ltr'>nach</span> <span class='ocrx_word' id='word_1_314' title='bbox 901 4065 961 4120; x_wconf 89' lang='lat' dir='ltr'>dem</span> <span class='ocrx_word' id='word_1_315' title='bbox 980 4068 1096 4135; x_wconf 75' lang='lat' dir='ltr'>eingang</span> <span class='ocrx_word' id='word_1_316' title='bbox 1114 4066 1162 4119; x_wconf 89' lang='lat' dir='ltr'>des</span> <span class='ocrx_word' id='word_1_317' title='bbox 1179 4065 1304 4119; x_wconf 84' lang='lat' dir='ltr'>absatzea</span> <span class='ocrx_word' id='word_1_318' title='bbox 1321 4074 1400 4117; x_wconf 86' lang='lat' dir='ltr'>etwas</span> 
     </span>
     <span class='ocr_line' id='line_1_40' title="bbox 271 4129 1402 4255; baseline -0.002 -70"><span class='ocrx_word' id='word_1_319' title='bbox 271 4130 544 4255; x_wconf 58' lang='lat' dir='ltr'>auagrpltalltesrcrhppiulie</span> <span class='ocrx_word' id='word_1_320' title='bbox 559 4134 591 4200; x_wconf 87' lang='lat'>2)</span> <span class='ocrx_word' id='word_1_321' title='bbox 610 4131 657 4186; x_wconf 89' lang='lat' dir='ltr'>das</span> <span class='ocrx_word' id='word_1_322' title='bbox 674 4132 758 4188; x_wconf 86' lang='lat' dir='ltr'>heisst</span> <span class='ocrx_word' id='word_1_323' title='bbox 775 4132 834 4187; x_wconf 87' lang='lat' dir='ltr'>hier</span> <span class='ocrx_word' id='word_1_324' title='bbox 851 4133 900 4187; x_wconf 90' lang='lat' dir='ltr'>der</span> <span class='ocrx_word' id='word_1_325' title='bbox 917 4133 977 4188; x_wconf 88' lang='lat' dir='ltr'>dem</span> <span class='ocrx_word' id='word_1_326' title='bbox 996 4134 1201 4202; x_wconf 80' lang='lat' dir='ltr'>Bdhurenlrdnig</span> <span class='ocrx_word' id='word_1_327' title='bbox 1224 4129 1402 4187; x_wconf 85' lang='lat' dir='ltr'>unterworte-</span> 
     </span>
     <span class='ocr_line' id='line_1_41' title="bbox 272 4216 599 4254; baseline -0.015 0"><span class='ocrx_word' id='word_1_328' title='bbox 272 4217 325 4254; x_wconf 86' lang='lat' dir='ltr'>nen</span> <span class='ocrx_word' id='word_1_329' title='bbox 363 4216 396 4253; x_wconf 88' lang='lat' dir='ltr'>eu</span> <span class='ocrx_word' id='word_1_330' title='bbox 474 4216 492 4253; x_wconf 91' lang='lat' dir='ltr'>n</span> <span class='ocrx_word' id='word_1_331' title='bbox 546 4217 599 4254; x_wconf 90' lang='lat' dir='ltr'>rru.</span> 
     </span>
    </p>
   </div>
   <div class='ocr_carea' id='block_1_6' title="bbox 0 0 1448 4834">
    <p class='ocr_par' dir='ltr' id='par_1_8' title="bbox 0 0 1448 4834">
     <span class='ocr_line' id='line_1_42' title="bbox 0 0 1448 4834; baseline 0 0"><span class='ocrx_word' id='word_1_332' title='bbox 0 0 1448 4834; x_wconf 95' lang='lat' dir='ltr'> </span> 
     </span>
    </p>
   </div>
  </div>
 </body>
</html>
