2878 4834
398 256 528 306 nrnnsrs
547 225 782 306 wnnnrnmsrs
1079 231 1152 301 207

16 377 18 444 l
46 397 207 467 institutum
226 405 277 466 est
299 397 471 484 ungeltum
495 397 530 466 in
555 412 691 467 annone
717 401 751 466 et
768 395 847 466 vino
865 413 1037 468 eonsensu
1055 397 1151 490 epis·
1170 405 1236 462 rara

47 497 107 585 ebpi
123 495 394 565 Wermaeiensis.
869 545 874 554 ·

103 592 198 663 Anno
216 594 421 666 meelxxiii.
438 595 473 662 in
491 592 579 663 leste
597 593 704 662 saneti
715 591 808 664 Lupe
823 595 1033 682 evangeliste
1046 593 1156 685 Anne,

16 695 17 716 ¹
47 693 143 778 regine
164 691 295 762 Rudolb
314 693 515 783 Habspurgii
532 694 566 760 in
586 709 734 761 cesarem
761 695 893 762 noviter
910 695 1027 782 electi,
1052 693 1157 762 Wor·

47 793 157 860 nntian
175 794 279 860 venit.
307 791 366 860 Cui
385 793 478 861 eires
496 791 733 860 honestissima
751 792 906 862 clenodia
924 798 957 862 et
974 794 1058 862 alias
1075 811 1158 882 pre-

48 892 238 959 sentationes
263 892 424 978 honestas
444 891 620 980 plusquam
639 889 682 958 ed
699 893 875 978 sexaginta
892 909 1020 962 mareas
1037 893 1156 960 minis-

47 989 166 1057 trabant.
192 989 320 1059 Eedem
347 1008 437 1059 anno
459 992 493 1058 in
517 990 571 1059 die
593 991 701 1058 saneti
725 986 859 1060 Andree
888 987 982 1082 [nov.
1002 987 1066 1082 30]
1086 992 1157 1059 llu-

48 1087 139 1156 lellns
157 1107 219 1157 rex
236 1091 388 1178 pervenit
405 1088 640 1178 wormatiam,
660 1095 693 1157 et
709 1088 754 1157 ibi
772 1107 845 1158 eum
862 1089 1074 1158 inestimabili
1092 1090 1157 1158 bo·

46 1203 110 1255 nore
127 1185 284 1257 debentia
302 1195 336 1258 et
352 1187 477 1276 gaudie
494 1187 623 1274 ingenti
642 1187 684 1254 ab
703 1187 865 1277 episeopo
886 1188 976 1258 elero
1003 1207 1044 1258 ae
1069 1186 1156 1257 eivi-

46 1286 93 1352 bns
108 1293 263 1374 reeeptus
280 1287 351 1378 luit,
370 1294 484 1356 etune
503 1304 576 1356 eum
594 1286 729 1356 domina
745 1289 862 1374 regina
879 1288 1036 1376 palatium
1052 1288 1157 1356 intra-

46 1385 88 1452 vit.
110 1384 262 1456 Proxima
286 1405 406 1475 nempe
433 1385 600 1456 dominice
627 1387 799 1476 sequenti,
823 1403 889 1474 que
913 1386 974 1454 luit
993 1385 1158 1455 dominica

46 1483 132 1570 prime
148 1485 182 1552 in
200 1484 481 1555 adventudominl
493 1482 584 1576 [dee.
595 1481 635 1576 3]
652 1483 801 1553 lenerunt
815 1484 922 1554 eidem
939 1485 1075 1555 domine
1085 1485 1158 1572 regi

50 1581 401 1652 eiresW0rmetienses
419 1585 636 1653 iuramentum
654 1581 822 1653 fidelitatis
839 1585 874 1652 in
893 1587 1002 1674 ouria,
1026 1585 1158 1672 pulsata

47 1697 202 1772 eanpnna,
222 1684 351 1752 civibus
370 1684 586 1770 congregatis
604 1688 681 1752 ente
700 1688 847 1774 stegam,
866 1699 977 1752 eoram
994 1683 1158 1772 prineipi-

47 1778 94 1846 bns
115 1779 256 1850 dominis
283 1788 317 1852 et
340 1781 506 1851 nobilibus
530 1788 616 1850 terre
637 1781 854 1870 solempniter
879 1787 912 1851 et
935 1787 1059 1870 aperte.
1084 1781 1158 1850 llee

47 1877 146 1946 nivium
162 1881 383 1950 iuramentum
399 1882 434 1949 in
451 1881 514 1950 hee
530 1880 634 1949 verba
651 1881 787 1969 protulit
805 1887 838 1949 et
856 1880 999 1968 predixit
1015 1881 1075 1950 toli
1092 1896 1157 1968 po-

48 1976 110 2063 pulo
127 1977 280 2048 deminus
293 1979 504 2048 Eberhardus
520 1980 701 2068 episcopus
716 1979 983 2068 wormatiensis,
1002 1979 1155 2048 omnibus

47 2075 274 2161 ipsius-domini
296 2080 402 2147 nostri
420 2080 571 2168 episcopi
592 2071 715 2147 verba1
729 2077 957 2168 repetentibus
974 2078 1039 2147 boe
1057 2077 1157 2148 modo

48 2172 143 2260 lingua
160 2178 346 2246 teutonica:
363 2177 438 2246 Das
462 2180 522 2246 wir
546 2176 687 2264 turgere
707 2193 771 2245 eon
802 2177 946 2245 Wormes
967 2195 1010 2244 mc
1026 2193 1159 2244 unserm

48 2268 113 2339 bern
134 2275 207 2344 dem
229 2274 416 2345 romiseben
438 2276 555 2364 tempe
576 2275 708 2360 bedols
725 2276 785 2344 der
799 2273 853 2344 lite
868 2277 1090 2363 pepenmortip
1105 2278 1158 2360 ist,

49 2369 107 2438 ebo
119 2370 188 2442 batt
202 2375 274 2444 and
291 2375 366 2444 else
381 2379 527 2462 petraeae
542 2376 613 2467 sin,
640 2375 714 2444 also
739 2393 781 2443 mr
799 2373 911 2442 reebte
929 2377 981 2443 ein
994 2374 1062 2460 frte
1090 2380 1161 2442 rtet

48 2467 121 2538 ieme
136 2472 227 2542 niobe
246 2491 310 2542 non
330 2473 431 2543 nom
452 2474 510 2542 sal
530 2476 597 2558 ein,
620 2474 673 2542 die
693 2474 740 2542 da
759 2475 805 2542 ist
820 2473 985 2562 pefrirstet
1000 2491 1064 2542 eon
1085 2474 1159 2542 dem

48 2566 129 2654 tiele,
142 2571 342 2644 sinmebezu
355 2565 594 2658 warnen²‚stne
611 2571 757 2641 sebeden
767 2590 810 2640 ze
818 2590 962 2658 manaen,
970 2573 1072 2640 wider
1084 2589 1158 2639 ma-

49 2666 211 2751 nipltebene
230 2689 294 2739 ane
309 2671 376 2740 elle
389 2689 472 2760 erpo
486 2672 577 2757 tiele,
593 2690 633 2740 eo
647 2688 711 2740 nm
728 2671 797 2758 ped
811 2669 900 2756 belse
914 2671 1000 2738 unm
1017 2671 1069 2738 die
1085 2669 1158 2738 bel·

49 2762 127 2850 lipen.
155 2770 343 2839 Permansit
365 2772 463 2841 etiam
488 2770 641 2841 dominus
668 2788 728 2839 rex
744 2771 778 2838 in
795 2769 981 2838 Wormatia
998 2787 1073 2838 eum
1090 2767 1156 2838 do·

51 2865 122 2934 nina
136 2871 253 2956 regina
270 2887 311 2938 ae
327 2875 398 2939 tote
415 2869 536 2939 familia
554 2887 616 2939 sna
633 2868 738 2938 tribus
757 2867 961 2958 septimanis.

109 2962 202 3038 Anno
221 2968 412 3038 meelxnv.
435 2970 469 3038 in
493 2967 581 3038 leste
607 2969 714 3038 saneti
731 2967 857 3036 Matbei
882 2966 1027 3056 apostoli
1054 2962 1158 3058 [sept.

54 3057 104 3152 21]
128 3073 358 3155 opposuerunt
381 3085 420 3137 se
445 3069 537 3138 eives
561 3068 596 3136 in
623 3065 849 3158 Oppenbeim‚
876 3069 909 3134 et
934 3084 1002 3135 non
1028 3067 1159 3157 milites,

53 3155 165 3233 bonine
182 3165 326 3236 liodolio
352 3166 434 3253 regi.
468 3165 567 3248 Quod
591 3167 675 3256 ipsis
703 3167 806 3236 aessit
830 3166 866 3233 in
891 3165 1067 3252 maximum
1093 3164 1159 3234 de-

55 3258 219 3333 trinentum
238 3266 314 3352 quie
333 3271 485 3356 castrum,
504 3265 595 3354 quod
612 3265 676 3354 ipsl
695 3265 878 3354 fregerant,
905 3261 1024 3334 lortius
1049 3263 1160 3334 reedi-

55 3352 165 3429 ieatum
182 3369 236 3432 est
253 3363 295 3432 ab
312 3365 414 3454 ipsis,
432 3370 544 3454 preter
561 3365 627 3434 alia
644 3363 796 3454 dampna.

111 3457 205 3532 Anno
224 3463 450 3532 meelxmviii.
481 3463 580 3533 ludei
598 3461 762 3532 dederunt
781 3459 1083 3534 Wnrmatiensibus
1106 3462 1160 3529 ei-

56 3551 133 3626 vibus
150 3560 411 3649 quadringentas
436 3561 538 3632 libres
556 3561 620 3631 bel.
638 3580 699 3652 pro
717 3562 887 3653 elmenda‚
914 3575 1013 3650 quern
1037 3559 1101 3647 ipsi
1125 3559 1160 3627 in

57 3646 166 3727 dnobus
182 3661 265 3729 vieis
283 3659 372 3750 apud
386 3677 447 3730 ees
464 3666 718 3752 eeeupeverant‚
734 3666 767 3730 et
778 3679 840 3752 pro
856 3657 1023 3730 cemiterio
1037 3674 1161 3748 eorum,

59 3753 134 3822 euius
149 3761 360 3828 munitionem
379 3762 471 3830 nives
489 3759 645 3848 frangere
663 3761 849 3830 voluerunt.

115 3851 160 3923 De
176 3856 302 3926 Adolie
320 3859 355 3926 in
375 3857 492 3928 eediee
509 3865 645 3928 vetuste
662 3857 908 3929 Wormeeiensi
926 3855 1092 3926 Chronico
1112 3856 1163 3925 sie

57 3941 195 4032 legitur³:
213 3957 303 4025 lnter
320 3963 432 4026 eetera
450 3957 555 4028 virilia
572 3963 648 4028 aeta
663 3956 774 4027 Adolb
791 3957 916 4048 baberi,
935 3955 1026 4044 qued
1044 3961 1162 4026 terram

85 4056 110 4121 1)
124 4063 202 4118 verbe
219 4063 287 4120 fehlt
303 4065 332 4120 in
356 4063 463 4122 derbe.
499 4068 580 4134 2).so
604 4067 633 4120 in
658 4066 708 4121 der
723 4065 765 4120 bs.
789 4083 819 4122 es
842 4064 924 4121 sollte
946 4062 1021 4120 wohl
1043 4064 1162 4118 heleseu:

60 4121 157 4197 nehren.
197 4133 229 4199 3)
254 4149 285 4188 so
309 4132 420 4188 werden
446 4133 491 4188 die
514 4150 645 4189 wormser
674 4134 789 4189 annalem
816 4135 843 4188 in
866 4133 918 4188 den
942 4132 1164 4202 Peraleipomena

60 4182 131 4271 linter
145 4197 259 4255 Cenredi
277 4200 330 4256 Urs
351 4202 471 4270 ergensis
488 4201 653 4256 chronicum
677 4201 766 4271 (basil
785 4206 852 4257 lese
869 4201 933 4269 sol.)
952 4202 1019 4256 seite
1037 4203 1088 4253 342
1105 4199 1163 4252 ein-

60 4255 158 4332 erlehe,
181 4268 250 4324 doeh
268 4271 304 4324 ist
340 4285 370 4325 as
386 4286 441 4326 nun
458 4269 587 4340 selgemle
604 4271 703 4341 gewiss
721 4269 801 4326 lmine
819 4276 964 4326 werltreue
982 4265 1161 4334 miltlreilung.
