2888 4824
264 202 336 272 ll56
687 232 725 276 nr
746 231 845 277 ruoun
867 231 972 276 wrurs.

183 375 250 430 ¹269
268 387 369 440 cusso
394 368 474 454 iugo
498 365 624 436 diutina
642 369 828 458 servitutis,
853 373 887 436 et
904 366 1165 438 omnimodarum
1182 385 1291 436 rerum
1306 385 1408 434 mer·
1436 335 1437 372 ¹

266 468 408 537 cimonia
425 467 562 535 faciliori
579 469 686 556 pretio
704 466 943 536 vendebantur.

339 565 413 656 Rern
427 567 527 651 igitur
543 566 595 634 bis
614 572 647 634 et
670 567 744 634 aliis
769 568 864 652 regni
891 567 1036 651 negotiis
1062 581 1121 654 pro
1148 569 1229 634 voto
1247 557 1260 600 ¹
1279 562 1403 651 dispo-

266 666 359 755 sitis,
382 665 463 732 illud
488 666 725 752 apostolicum:
750 665 866 732 melios
891 668 942 731 cst
964 663 1085 731 nubere
1108 682 1208 749 quom
1230 664 1286 729 ori
1316 681 1405 729 sana

265 770 376 832 mente
395 762 601 852 combibens
613 769 645 830 et
662 769 696 831 ut
714 765 837 849 regiam
856 761 1022 832 condecet
1039 764 1248 830 maiestatem
1264 759 1403 828 lumbos

267 880 348 931 suos
367 863 529 929 eastitatis
547 862 658 930 balteo
677 868 877 951 coarctaret,
906 868 940 930 et
957 867 1054 929 caute
1071 861 1285 950 prospiciens
1312 859 1407 945 quod

169 998 173 1005 -
266 962 295 1029 si
313 960 355 1028 dc
373 959 540 1047 indigenis
559 963 652 1046 regni
670 962 723 1027 sui
741 961 803 1028 sibi
821 961 1016 1049 copulasset
1031 977 1188 1048 uxorem,
1209 959 1407 1044 regnicola-

266 1078 336 1126 rum
355 1076 489 1126 suorum
508 1059 639 1126 animos
662 1060 835 1146 potissime
862 1059 1099 1146 complacaret:
1126 1057 1275 1126 nobilem
1296 1075 1406 1143 quan-
1437 1047 1438 1064 ³

267 1157 342 1225 darn
361 1157 458 1224 tiliam
477 1157 649 1226 clarissimi
665 1159 725 1224 viri
743 1157 866 1226 domini
881 1157 1077 1225 Theoderici
1095 1156 1138 1224 de
1151 1156 1377 1224 Falkemonlc
1385 1148 1404 1242 ²,

266 1273 333 1325 non
353 1257 476 1323 ambitu
495 1255 643 1344 dotalitii,
674 1255 737 1324 sed
754 1255 1025 1344 incomparabilis
1044 1254 1147 1324 forme
1161 1255 1272 1342 ipsius
1286 1259 1406 1341 captus

265 1353 435 1440 illecebra,
454 1355 508 1422 xvi
516 1355 579 1422 lal.
588 1355 655 1421 iulii
667 1350 751 1444 [iun.
761 1355 775 1421 l
785 1353 824 1445 6]
838 1355 965 1423 scilicet
982 1354 1145 1450 dominica
1159 1354 1315 1441 proxima
1331 1359 1406 1440 post

265 1451 385 1520 festum
405 1453 511 1520 saneti
529 1453 680 1520 Barnabe
705 1453 850 1541 apostoli
875 1453 1049 1540 sollempni
1067 1451 1130 1520 sibi
1154 1451 1330 1520 connubio
1350 1469 1407 1518 eo-

266 1551 410 1639 pularit,
436 1558 469 1618 et
493 1552 661 1637 imperiale
680 1553 837 1638 palatium
855 1571 950 1620 suurn
968 1551 1010 1618 de
1027 1551 1130 1618 Lutro
1149 1549 1242 1638 quod
1261 1549 1406 1618 diversis

266 1651 301 1716 in
319 1651 433 1734 regnis
452 1651 732 1737 comparationem
757 1652 904 1739 recipere
930 1649 1140 1737 dedignatur,
1167 1649 1313 1736 nuptiali
1336 1649 1408 1715 scl—
1438 1701 1439 1706 ,

266 1748 475 1837 lempnitate,
495 1751 690 1816 convocatis
708 1748 828 1816 ibidem
848 1766 914 1818 non
931 1750 1047 1836 paucis
1066 1748 1240 1816 Germanic
1259 1765 1407 1832 magna-

266 1846 373 1934 tibus,
397 1846 591 1914 illustrabat.
625 1847 806 1934 Statimque
824 1865 911 1915 nove
930 1853 1031 1936 nupta
1049 1845 1150 1914 decor
1167 1847 1344 1932 ingenuus
1364 1847 1407 1912 sic

267 1947 352 2031 regii
378 1944 489 2013 cordis
521 1947 635 2012 intima
661 1945 894 2035 transigebat,
928 1951 966 2013 ut
990 1963 1053 2014 nec
1080 1963 1152 2012 eam
1177 1945 1281 2012 unica
1309 1951 1407 2012 nocte

267 2045 498 2130 cuiuscunque
524 2044 661 2111 rationis
687 2051 841 2132 pretextu
866 2063 886 2112 a
911 2063 972 2112 suo
991 2044 1196 2132 permitteret
1220 2043 1333 2110 latere
1354 2061 1406 2110 se-

266 2143 385 2230 parari.
420 2143 570 2210 Evolutis
598 2161 733 2230 quoque
760 2161 829 2211 non
856 2143 964 2210 multis
991 2142 1110 2210 diebus
1137 2141 1225 2210 idem
1249 2158 1314 2208 rex
1339 2159 1403 2208 non

267 2241 375 2308 solnm
393 2241 511 2308 natalis
531 2241 594 2308 soli
612 2248 648 2308 ut
665 2242 814 2328 plerique
832 2242 963 2310 illectus
982 2240 1177 2330 dulcedine,
1197 2238 1266 2308 sed
1286 2246 1327 2307 ut
1345 2259 1404 2307 au-

268 2345 367 2424 guste
387 2356 467 2427 sue,
492 2339 524 2405 in
545 2358 608 2426 qua
628 2341 692 2407 sibi
711 2341 743 2406 ni
763 2339 858 2408 lallor
874 2341 919 2408 ita
937 2340 1152 2428 ceroplacuit,
1172 2337 1264 2426 qued
1284 2357 1349 2426 pro
1367 2356 1403 2406 ea
1439 2331 1440 2376 ³

268 2435 507 2524 complacenda
529 2437 606 2504 nibil
625 2439 687 2506 sibi
704 2438 808 2506 videri
825 2445 944 2526 posset
966 2439 1187 2527 laboriosum,
1212 2437 1403 2525 prediorum

268 2541 301 2602 et
326 2536 582 2622 possessionum
602 2556 751 2624 suarum,
778 2537 898 2624 quibus
924 2539 959 2604 in
984 2535 1107 2620 Anglia
1133 2536 1402 2624 multiplurimum

268 2632 468 2722 abundabat,
493 2635 632 2720 gloriam
664 2642 697 2702 et
723 2635 1001 2722 magnificentiam
1035 2633 1248 2723 ostenderet,
1286 2653 1402 2702 versus

268 2731 352 2800 irnes
371 2732 495 2818 Anglie
520 2739 611 2800 reolo
637 2735 763 2802 tramite
789 2733 1019 2822 lestinatisque
1036 2733 1213 2820 gressibus
1231 2733 1400 2820 procede-

268 2830 334 2919 bat,
354 2837 387 2898 et
403 2833 437 2898 iii
455 2849 532 2900 non.
551 2834 685 2918 augusti
705 2828 799 2922 [aug.
820 2830 859 2923 3]
870 2886 879 2923 ,
910 2835 976 2900 iarn
1001 2837 1117 2919 quarta
1134 2833 1207 2900 vice
1232 2838 1318 2919 post
1343 2849 1400 2899 co-

267 2930 475 2998 ronationem
502 2948 613 3018 suam,
641 2931 799 3019 applicuit
825 2931 955 3019 llovnr,
983 2929 1216 2998 occurentibus
1244 2929 1399 2998 sibinen

267 3028 382 3115 paucis
402 3029 496 3113 regni
517 3030 742 3118 magnatibus,
761 3048 898 3117 quorum
917 3029 1057 3118 singuli,
1083 3033 1183 3117 prout
1201 3027 1333 3119 decuit,
1352 3046 1398 3094 re-

268 3142 345 3210 gem
364 3131 398 3193 et
415 3127 563 3211 reginam
587 3146 644 3215 pro
664 3146 796 3196 suarum
813 3129 1036 3216 possibilitate
1054 3129 1169 3195 virium
1189 3128 1399 3213 singulariter

267 3223 486 3292 honorabant.

342 3322 527 3390 llleulxxi.
554 3323 660 3392 Pridie
685 3324 760 3392 idus
786 3324 969 3392 decembris
997 3325 1125 3392 scilicet
1148 3323 1203 3392 die
1222 3323 1356 3392 sabbati
1371 3324 1398 3390 in

267 3421 384 3506 vigilia
402 3428 517 3490 sancte
535 3421 638 3490 Lucie
661 3425 802 3509 virginis
830 3419 921 3513 [dec.
942 3421 1005 3514 12]
1032 3422 1215 3492 Richardus
1233 3422 1397 3492 Romano-

187 3591 189 3596 ,
268 3538 338 3588 rum
362 3537 421 3588 rex
445 3521 580 3589 illustris
605 3521 694 3608 apud
712 3513 976 3590 Berkamstede³
1001 3521 1115 3590 sedem
1143 3521 1208 3590 sibi
1232 3521 1315 3590 lacit
1333 3540 1396 3588 mu-

268 3618 350 3705 niri,
377 3624 476 3686 nocte
496 3627 658 3706 sequente
677 3621 802 3688 invasit
820 3639 892 3688 eum
914 3621 1079 3709 paralysis
1098 3621 1293 3688 acutissimo
1304 3673 1314 3710 ,
1341 3635 1396 3706 qua

268 3718 418 3802 protinus
445 3719 637 3806 ingruente,
665 3719 708 3786 ad
733 3725 855 3787 motum
879 3719 1094 3786 membrorum
1114 3720 1217 3806 partis
1237 3718 1352 3786 dextre
1369 3721 1395 3782 et

270 3811 312 3879 ad
338 3833 433 3882 usunr
460 3817 574 3901 lingue
600 3823 633 3883 et
650 3819 911 3886 ratiocinationis
937 3835 1024 3905 pene
1043 3818 1149 3886 iaetus
1168 3824 1222 3886 est
1239 3815 1394 3884 inhabilis.

269 3910 310 3978 Et
329 3913 377 3979 sie
396 3914 589 3998 egritudinis
608 3915 819 3984 incommodo
845 3917 1036 4004 prevalente
1062 3917 1291 4002 languescens
1317 3932 1394 3982 mor-

270 4009 312 4076 tis
332 4013 520 4100 terminum,
548 4031 613 4099 que
632 4015 711 4084 nulli
734 4033 871 4102 parcere
899 4017 1092 4105 consuevit,
1115 4013 1393 4084 inconsolabiliter

307 4153 337 4217 l)
355 4168 405 4221 pro
430 4151 527 4205 devoto
552 4151 628 4206 Gale.
665 4156 696 4220 2)
715 4155 898 4210 Fallrernorite
917 4154 993 4210 Gale.
1014 4155 1124 4210 Beatrix
1148 4171 1205 4210 von
1231 4154 1393 4210 Fallrensleiu

272 4219 306 4272 ist
323 4219 449 4287 gemeint.
487 4222 519 4286 3)
537 4220 607 4290 apud
626 4222 745 4279 Kerkam
763 4225 854 4279 sedem
873 4224 925 4279 sibi
942 4223 1019 4278 Gale.
