2950 4836
275 206 345 274 522
653 236 826 284 annuamus
845 237 1035 284 uraurnsrs.

189 381 256 438 aare
273 372 389 444 leniet
405 391 550 466 annone,
568 375 720 444 homiues
738 375 828 445 eirea
846 375 953 446 valles
967 375 1155 460 residentes
1171 375 1314 464 dampna
1331 377 1409 466 plu-

270 475 350 542 rima
371 481 572 562 paterentur.

343 572 469 641 Eodem
491 591 580 642 anno
604 579 682 663 post
707 579 844 643 mortem
868 572 1008 660 predicti
1026 573 1186 662 Stephani
1211 573 1304 658 regis
1331 574 1407 660 qui-

269 668 346 741 dam
362 687 477 740 eomes
496 670 673 742 Hainrious
691 673 734 741 de
751 674 940 759 Guezning,
964 673 1020 759 qui
1047 673 1090 740 ab
1116 672 1237 742 eodem
1263 690 1343 758 rege
1364 671 1407 740 de

270 769 418 856 Ungaria
433 772 562 840 oleatus
579 771 696 861 iuerat,
715 777 749 840 et
765 777 920 860 receptus
937 789 956 838 a
972 789 1053 857 rege
1066 771 1203 845 Boemie
1221 771 1322 838 filiam
1343 770 1407 838 do-

269 870 347 936 mini
368 869 527 938 Zmilonls
545 869 587 938 de
603 870 841 940 Lutbenbureb
865 869 1003 938 duxerat
1025 871 1059 938 in
1084 889 1241 959 uxorem,
1269 869 1407 938 dimissa

269 967 388 1036 eudem
414 986 535 1055 uxore,
560 970 593 1036 in
618 969 793 1056 Ungariam
825 975 877 1037 est
908 985 1079 1057 reversus,
1110 976 1143 1036 et
1169 968 1405 1038 reconciliatus

268 1065 406 1136 domino
421 1067 581 1136 Ladizlao
593 1070 814 1156 primogenito
829 1067 945 1156 prelati
968 1068 1127 1156 Stephani
1151 1069 1263 1156 regie,
1280 1074 1357 1134 tune
1374 1069 1406 1134 in

270 1183 383 1252 regem
399 1167 626 1256 sollempniter
639 1175 810 1235 eoronato.
834 1165 965 1234 decidit
986 1175 1095 1234 autem
1122 1174 1159 1234 ut
1175 1185 1250 1236 eum
1271 1165 1406 1234 domino

269 1264 352 1332 Belo
374 1264 458 1333 duee
480 1265 523 1333 de
537 1265 726 1356 Messanae,
754 1266 921 1334 avunoulo
944 1267 1035 1351 regis
1058 1265 1197 1353 predieli
1218 1271 1254 1334 ot
1281 1281 1407 1334 oonsu-

269 1363 364 1431 brino
380 1365 470 1450 regis
487 1364 634 1453 Boenrie,
652 1382 766 1433 eomes
781 1364 868 1433 idem
887 1365 921 1432 ln
935 1365 1037 1432 verba
1059 1365 1307 1432 contumeliosa
1324 1381 1407 1450 pro-

269 1481 446 1550 rumpens,
482 1465 661 1532 oeoasione
688 1470 879 1551 presumpte
908 1463 1105 1551 proditionis
1134 1471 1253 1531 eontra
1287 1480 1408 1550 supra-

269 1559 392 1630 dictum
417 1561 583 1630 domiuum
608 1562 818 1652 Ladinlaum‚
845 1564 952 1650 ipsum
972 1561 1089 1630 duoem
1106 1562 1223 1630 Belem
1241 1563 1276 1628 in
1297 1561 1407 1628 insula

269 1659 481 1747 aputBudam
490 1660 667 1729 miserabili
678 1667 1008 1750 neeeprosterneret,
1021 1662 1068 1728 ita
1082 1667 1117 1728 ut
1133 1659 1284 1728 membra
1299 1661 1407 1747 ipsius

268 1758 302 1825 in
322 1757 426 1826 irusta
450 1760 588 1827 ooneisa
611 1767 787 1827 matertere
810 1777 891 1848 sue,
926 1760 1083 1828 videlieet
1103 1760 1169 1828 dne
1191 1759 1257 1826 lrlie
1281 1758 1407 1828 domini

270 1856 432 1945 Stephani
454 1860 564 1947 regie,
588 1859 621 1924 in
637 1859 838 1927 monasterio
854 1857 974 1926 ibidem
991 1859 1173 1930 constituto
1192 1858 1408 1944 colligerent,

269 1974 310 2023 ao
329 1976 402 2024 eum
421 1957 555 2044 planetu
574 1963 608 2024 et
629 1956 744 2025 dolore
761 1959 902 2026 maximo
918 1957 1109 2045 sepelirent.
1136 1955 1187 2026 Ob
1203 1976 1306 2044 quam
1324 1975 1407 2026 oau-

269 2072 339 2122 sam
358 2073 416 2122 rex
430 2055 589 2124 Bohemle
606 2057 747 2124 maximo
761 2055 869 2124 lurore
886 2063 1088 2144 eonrmotuS,
1105 2057 1218 2124 initam
1235 2056 1315 2123 olim
1333 2074 1407 2124 eum
1468 2105 1469 2144 p

269 2172 376 2240 regno
388 2154 813 2243 Ungarieeonoordlam,el
828 2154 869 2222 ad
881 2173 1034 2240 maguam
1049 2155 1340 2242 utriusquepartis
1356 2157 1407 2222 in·
1468 2149 1469 2152 ’

269 2255 422 2320 stantiam
449 2254 644 2322 auetoritate
669 2253 763 2322 sedis
785 2254 970 2342 apostoliae
1002 2254 1241 2342 confirmatam,
1275 2255 1408 2322 rescin-

268 2350 370 2440 dens,
387 2369 451 2419 nee
467 2357 603 2438 treugas
621 2370 685 2420 nee
703 2371 834 2440 paoem,
853 2353 1093 2441 sollempnibus
1108 2354 1232 2422 nuntiis
1249 2353 1408 2438 lingaru-

269 2469 339 2517 rum
366 2450 634 2540 postulantibuS,
659 2452 765 2520 noluit
788 2451 983 2541 indulgere,
1014 2451 1133 2522 sedin
1159 2450 1318 2527 eorrllnils
1344 2469 1406 2520 eos

267 2550 367 2617 iussit
386 2549 519 2639 invadi,
544 2557 577 2618 et
597 2552 711 2618 statuit
735 2567 808 2618 oum
829 2550 946 2636 grandi
966 2552 1113 2618 eremita
1133 2552 1244 2638 ipsum
1264 2568 1405 2636 regnum

268 2665 307 2717 se
341 2648 504 2717 hostiliter
532 2667 780 2735 aggressurum.
823 2649 983 2718 Dominus
1015 2649 1192 2718 lloinrious
1218 2649 1406 2718 monaebus

266 2745 462 2817 Altabensis
483 2747 589 2816 laetus
605 2755 658 2815 est
672 2748 777 2816 abbas
794 2741 1037 2833 Plburgerrsis.¹

339 2844 439 2914 Anno
453 2848 655 2915 moolxxiii.
674 2847 797 2932 Ungari
815 2847 1010 2935 eternam,
1026 2847 1267 2934 prevenientes
1281 2851 1403 2913 motum
1466 2847 1467 2868 ¹

266 2944 405 3032 predicti
429 2947 520 3031 regis
545 2945 718 3034 liobemie,
742 2952 821 3033 post
849 2945 970 3014 lestum
998 2945 1237 3034 purificationis
1261 2941 1344 3034 [leb.
1365 2941 1401 3033 2]

266 3043 428 3129 quasdam
443 3051 555 3131 parles
577 3042 708 3112 Austrie
723 3044 819 3113 Stirie
837 3052 869 3112 et
888 3043 1036 3114 blaravie
1053 3043 1127 3114 ,sub
1144 3062 1269 3129 magna
1290 3049 1402 3127 strage

267 3142 446 3228 promiscui
472 3161 575 3210 sexus
602 3144 768 3211 bominum
793 3145 1005 3211 intraverunt.
1051 3141 1178 3212 b'odem
1202 3160 1296 3210 auno
1323 3142 1403 3212 ierla
1465 3203 1466 3234 ἦ

266 3241 382 3326 quinta
403 3247 480 3328 post
502 3241 765 3310 Misericordiam
787 3241 911 3310 domini
935 3240 1138 3310 lratbedralis
1166 3241 1319 3310 ecelesia
1339 3239 1402 3307 Ra-

265 3340 400 3428 lispone
426 3358 499 3408 enm
521 3341 649 3428 palacio
672 3342 855 3429 episcopali
878 3348 911 3408 et
931 3343 1064 3429 optimis
1088 3341 1263 3429 campanis
1284 3341 1400 3408 ineen-

264 3437 322 3507 dio
334 3439 480 3509 totaliter
497 3445 550 3508 est
566 3446 775 3528 oonsumpta.

339 3618 440 3712 ligo²
461 3626 670 3696 Hermannus
689 3625 876 3717 deigraeia
897 3625 1003 3694 abbas
1027 3624 1173 3694 eoelesie
1193 3577 1397 3706 attanensis]

266 3742 340 3792 eum
356 3733 483 3796 mortuo
501 3743 542 3792 ae
557 3726 691 3813 sepulto
707 3725 842 3795 domino
859 3730 893 3794 et
908 3731 1125 3794 anteeessore
1142 3740 1218 3791 meo
1233 3722 1398 3790 Dietmaro

263 3879 265 3884 .
304 3834 333 3896 l)
350 3831 411 3886 bier
428 3835 462 3888 ist
480 3851 534 3888 uon
552 3834 630 3888 einer
647 3832 738 3888 ieinen
761 3833 831 3888 baud
850 3832 998 3900 damaliger
1015 3834 1070 3885 znlt
1087 3831 1252 3898 iuberdirssig
1271 3829 1342 3884 nocb
1359 3843 1397 3880 zu·

265 3907 382 3962 gesetzt:
401 3901 502 3955 Eodem
520 3919 591 3954 anno
609 3901 675 3955 liele
693 3899 747 3954 dux
765 3901 798 3954 de
816 3901 981 3966 Matsbowe‚
999 3899 1088 3953 aliinis
1111 3899 1182 3965 regis
1201 3898 1350 3952 Bobemie.
1368 3895 1396 3946 ab
1463 3939 1464 3948 ,

266 3967 394 4020 Heiurleo
412 3971 510 4021 courite
528 3969 562 4022 de
579 3969 685 4036 Grrziug
702 3970 841 4022 occiditur.
879 3972 910 4030 2)
929 3967 1005 4022 disse
1023 3985 1075 4020 uon
1088 3967 1225 4019 Hermann
1236 3964 1397 4018 noebselbst

267 4033 398 4088 ueriasste
422 4037 563 4090 rraebrirlrt
587 4036 656 4090 slolrt
679 4039 707 4090 iu
731 4037 780 4092 der
798 4037 838 4091 bs.
857 4045 911 4090 ersi
929 4042 1019 4108 apator
1035 4035 1085 4088 aul
1099 4035 1163 4088 blatt
1187 4039 1235 4088 172
1254 4051 1309 4087 von
1327 4035 1397 4086 einer

266 4098 336 4156 band
360 4103 407 4158 des
431 4104 603 4158 lirrrszrbuten
633 4103 821 4159 iabrhunderls
851 4103 1062 4174 rruehgetragem3
1092 4105 1118 4155 in
1144 4101 1396 4168 herriclrsiebtigrmg

266 4170 315 4291 iles
333 4172 588 4239 zusammeubauges
604 4171 712 4240 gleubie
735 4173 778 4227 icb
796 4175 837 4226 aie
849 4189 891 4226 arn
910 4171 1086 4244 passendsten
1102 4170 1165 4225 bier
1181 4169 1351 4224 eiuseballeu
1367 4183 1396 4220 nu
1462 4179 1463 4226 ]

286 4255 384 4298 rurrren.
885 4275 888 4280 -
