2878 4834
376 274 546 325 annonara
567 273 801 320 woannrrnnsrn.
1086 245 1156 316 225

42 411 135 502 Cropb
152 412 365 499 burcgravius
384 413 483 481 castri
501 409 630 482 Trilols.
662 409 883 501 Marpuurdus
904 411 1091 484 sobultetus
1111 412 1154 484 dc

42 511 251 602 oppenheim,
269 511 386 580 lideles
403 513 507 580 nostri
516 564 527 602 ,
546 516 580 580 et
597 511 651 580 alii
669 529 766 599 quam
785 511 907 600 plures.

101 611 142 680 Ut
165 612 266 698 igitur
292 612 456 700 premissa
481 609 675 700 supradicta
700 610 826 680 civibus
850 610 1154 682 Wormatlensibus

41 709 293 796 irrefragabiliter
311 711 546 799 observentur,
564 727 627 778 nos
645 727 786 798 presens
801 711 960 799 scriptum
978 712 1078 798 sigilli
1090 728 1155 780 no-

41 811 86 877 stri
102 810 278 876 munimine
297 809 449 878 duximus
467 808 699 878 roborandum.
725 807 846 878 Actum
864 815 898 877 et
915 807 1027 878 datum
1045 811 1079 878 in
1097 827 1156 879 ca-

42 910 104 975 stris
126 907 215 997 apud
241 908 472 999 Wormatiom,
491 925 580 977 anno
603 907 767 977 dominice
786 909 1025 978 incarnationis
1043 909 1156 979 mille·

42 1008 111 1076 simo
128 1007 266 1097 ccxlii,
284 1008 327 1074 ri.
346 1007 411 1074 lral.
431 1008 578 1098 augusti,
598 1025 652 1077 xv.
673 1005 875 1076 indictionis.
908 1001 911 1006 ’

87 1135 128 1196 lt.
150 1135 272 1198 Conrad
293 1137 332 1199 lll
360 1135 556 1199 beurkundeb
582 1135 642 1198 den
668 1135 822 1199 zwlsohen
850 1135 909 1198 den
937 1135 1071 1212 burgeru
1098 1151 1158 1199 uon

11 1293 12 1296 Ἴ
146 1219 271 1282 Worms
297 1219 354 1281 aui
378 1218 433 1281 der
461 1221 549 1282 einen
571 1217 634 1280 und
663 1217 732 1280 dam
762 1218 1068 1280 relobsbofcttmmrer
1088 1219 1158 1282 Phl-

11 1303 12 1308 ’
146 1299 212 1378 llpp
240 1316 299 1364 ron
320 1300 489 1364 Hobenlels
516 1300 573 1364 auf
598 1299 654 1362 der
674 1299 790 1362 andern
812 1303 889 1363 selte
917 1317 954 1362 zu
977 1299 1085 1362 stende
1106 1317 1158 1378 ge-

145 1381 294 1446 bracbten
314 1382 584 1446 bledensscbluss.
626 1383 734 1461 Speler
757 1383 835 1444 1246
856 1385 916 1444 lan.
938 1383 987 1444 23.

11 1495 12 1568 ³
103 1499 276 1571 Cunradus
310 1501 378 1570 divi
404 1503 539 1589 augusti
565 1503 772 1591 imperatoris
805 1501 962 1570 Friderici
989 1500 1074 1570 lilius
1104 1500 1159 1571 dei

41 1601 138 1684 gracia
162 1599 386 1670 Romanorum
411 1602 445 1669 in
471 1619 585 1688 regem
611 1601 756 1692 electus,
782 1619 914 1690 semper
938 1607 1101 1687 augustus
1127 1607 1161 1670 et

41 1697 123 1767 heres
149 1701 247 1787 regni
276 1699 472 1769 Jerusalem.
507 1701 569 1769 Per
592 1707 735 1788 presens
762 1701 918 1789 scriptum
943 1707 1057 1768 notum
1082 1717 1159 1769 esse

41 1797 177 1866 volumus
204 1800 371 1868 universis
386 1794 400 1875 ll
414 1801 541 1889 imperii
568 1799 720 1868 lidelibus
748 1807 812 1867 tam
830 1800 1041 1888 presentibus
1060 1818 1159 1886 quam

42 1895 159 1988 lotarie,
180 1897 273 1986 quod
289 1918 363 1967 cum
379 1899 465 1967 inter
481 1901 572 1968 oivos
593 1904 626 1966 el
641 1897 757 1966 lrdeles
776 1907 911 1967 nostros
927 1898 1158 1966 Warmacien·

43 2013 88 2064 ses
108 2002 139 2064 et
163 1997 349 2087 Philippum
369 1996 411 2066 de
428 1995 623 2067 Hohenvals
644 1998 824 2086 imperialis
845 1997 921 2065 aule
947 1999 1159 2065 camerarium

41 2095 158 2180 publica
172 2097 340 2165 discordia
353 2103 554 2188 verteretur,
568 2091 584 2178 11
599 2096 641 2164 de
658 2096 814 2165 mandato
828 2102 861 2166 et
875 2095 1080 2186 plenitudine
1096 2113 1160 2164 vo-

41 2193 160 2262 luntatis
177 2202 292 2265 nostre
314 2213 354 2264 eo
372 2197 634 2268 consiliariorum
654 2203 862 2285 nostrorum,
885 2194 1043 2264 videlicet
1060 2194 1161 2263 Krat-

42 2296 115 2361 tonis
141 2293 184 2363 de
202 2296 438 2386 Bocgesberg‚
466 2294 609 2363 Cunradi
634 2296 793 2384 pincerne
819 2294 861 2364 de
889 2294 1106 2382 Clinginberg
1129 2300 1162 2364 et

41 2391 168 2462 Walteri
186 2397 346 2483 pincerne
366 2394 409 2462 de
427 2394 498 2464 Lim
512 2388 528 2475 ΙΙ
542 2393 660 2483 borolr,
680 2394 843 2462 amicabili
873 2399 1013 2462 tractata
1038 2411 1160 2482 super-

40 2493 195 2580 veniente,
214 2493 256 2562 od
273 2492 462 2562 huiusmodi
478 2500 610 2583 pactum
624 2493 719 2581 pacis
734 2503 767 2561 ct
784 2493 872 2561 lrrme
888 2491 1067 2561 concordie
1083 2511 1161 2581 per-

41 2599 193 2660 venerunt
207 2594 240 2660 in
257 2594 427 2680 presentia
441 2599 566 2662 nostra.
592 2591 757 2660 Videlicet
773 2592 863 2680 quod
880 2591 1028 2660 lacobus
1053 2591 1160 2659 dictus

11 2735 12 2738 ,
41 2686 119 2778 llapa
135 2689 312 2782 derllzeia,
331 2710 351 2760 a
368 2709 435 2780 quo
450 2693 525 2780 ipsa
541 2690 711 2760 discordia
725 2692 867 2780 sumpsit
885 2690 1067 2778 exordium,
1086 2690 1161 2758 leo-

42 2786 106 2856 dum
133 2809 230 2860 suum
252 2797 426 2860 castrense
453 2790 496 2858 ad
518 2789 679 2880 Lapidem
705 2796 738 2858 et
761 2807 859 2858 omne
880 2790 931 2857 ius
954 2787 1044 2876 quod
1061 2789 1162 2857 babet

41 2886 149 2956 ibidem
168 2889 352 2976 resignabit
366 2890 556 2978 simpliciter
574 2895 607 2957 et
620 2891 761 2980 precise,
780 2895 813 2956 et
830 2890 919 2957 omni
937 2887 1109 2957 hostilitati
1129 2896 1162 2955 et

42 2988 149 3056 actioni
174 3007 259 3076 quas
283 2989 384 3057 babet
409 2987 572 3057 adversus
597 2987 795 3057 Landollum
820 2986 1042 3056 venerabilem
1065 2988 1161 3076 epis-

43 3102 145 3174 copum
184 3087 473 3156 Warmaciensem
512 3088 691 3176 principem
736 3092 885 3156 nostrum
920 3091 953 3154 et
984 3087 1162 3154 ecclesiam

45 3182 314 3256 Warmaciensem
335 3193 367 3255 et
386 3188 635 3255 universitatem
655 3185 803 3254 eiusdem
822 3187 963 3254 civitatis
983 3187 1162 3254 renuncia·

44 3281 82 3350 bit
103 3287 248 3354 omnino.
287 3286 368 3354 ltem
399 3285 507 3355 dictus
535 3287 734 3354 camerarius
765 3285 887 3354 iurabit
912 3302 986 3352 oum
1011 3286 1066 3352 xix
1089 3285 1161 3353 aliis

45 3384 205 3476 militibus,
230 3384 321 3472 qnod
341 3387 414 3474 ipse
444 3391 478 3453 et
506 3401 622 3454 omnes
647 3385 743 3452 amici
776 3385 827 3452 sui
855 3401 941 3471 quos
962 3383 1027 3450 ista
1053 3384 1163 3468 tetigit

45 3478 222 3574 discordia,
249 3485 338 3552 omni
365 3501 503 3554 rancore
522 3490 555 3552 et
570 3484 748 3552 inimicicia
768 3487 884 3552 contra
905 3481 1045 3550 eundem
1067 3483 1162 3570 epis-

45 3595 148 3668 copum
172 3590 206 3652 et
242 3581 379 3652 eosdem
406 3585 497 3651 cives
527 3581 691 3672 dimissu,
728 3581 889 3670 deinceps
923 3598 1035 3648 eorum
1068 3589 1163 3648 erunt

47 3681 145 3770 amici,
175 3689 209 3750 et
230 3681 321 3770 quod
343 3682 464 3752 lactum
486 3687 539 3750 est
556 3699 723 3770 nunquam
740 3680 955 3748 vindicabunt
972 3697 1035 3747 neo
1051 3679 1163 3748 vindi-

46 3781 101 3846 cari
121 3781 355 3868 procurabunt.
383 3781 453 3850 Tali
471 3780 630 3849 videlicet
645 3779 836 3849 conditione
860 3778 1008 3868 adlecta,
1028 3778 1164 3866 quodsi

47 3875 80 3941 ab
98 3880 205 3968 aliqua
221 3882 360 3968 partium
379 3879 553 3949 eoncordia
567 3881 641 3968 ipsa
653 3881 798 3947 extiterit
814 3885 936 3946 temero
955 3877 1090 3968 violata,
1105 3899 1165 3968 por

46 3972 185 4046 llarolum
213 3978 255 4046 de
280 3977 491 4068 Kidenheim,
515 3977 703 4046 Heinrloum
730 3978 771 4046 do
790 3976 1018 4066 lloplroobelm
1046 3985 1078 4047 ot
1098 3979 1164 4066 Sy·

46 4089 161 4144 nouom
184 4077 226 4145 de
247 4077 421 4146 Guntbolm
443 4083 594 4166 exparte
616 4078 721 4166 ipsius
740 4078 910 4165 l'bpllppi,
932 4083 965 4144 ot
982 4095 1041 4164 per
1065 4077 1164 4146 Wol-

46 4169 167 4242 lramum
194 4177 344 4258 militem,
391 4175 578 4244 Cunradum
606 4175 785 4244 l¹birollom
820 4181 852 4244 ot
875 4175 1099 4244 Eborlrardum
1131 4177 1163 4242 in

47 4272 110 4340 vico
132 4275 222 4343 Lane
255 4255 439 4364 prd'parte
472 4277 591 4344 civium
620 4275 920 4344 wormaciensium
949 4275 1094 4362 eloctoS‚
1132 4281 1164 4341 el

75 4393 203 4440 nocuumr
221 4396 344 4441 roaros.
362 4397 387 4442 r.
936 4385 967 4436 1⁵
