2888 4824
400 267 438 313 rx
460 266 584 314 ameno
607 265 771 315 nroomrsr.
1086 239 1155 309 379

35 407 102 476 titus
136 404 343 494 plenitudine
369 404 505 476 bonon‘s
534 406 586 474 sai
609 405 674 474 boo
699 411 942 474 saoramentum
966 383 1032 495 pro
1052 407 1156 476 nihilo
1177 417 1242 476 rrae

35 507 204 594 reputavit,
229 512 265 573 ut
287 507 531 594 possessiones
557 506 683 593 imperii
707 505 894 594 apostolioo
919 501 1098 596 [eriperet]
1126 511 1160 576 ot

34 605 110 673 tratri
135 621 199 672 suo
227 605 446 693 relinqueret,
474 610 507 672 e't
525 611 643 672 eontra
665 611 907 673 saoramontum
926 604 1017 692 quod
1034 606 1160 692 prinoi-

33 705 120 791 pibus
138 705 173 771 in
190 681 389 776 nrtmomra
408 702 533 772 ieoerat
550 720 604 771 res
622 701 664 770 ad
682 704 851 792 imperium
870 705 1076 793 pertinentes
1095 721 1159 772 suo

33 809 171 891 tempore
185 801 441 870 diminutionem
462 798 566 893 [non]
589 807 790 892 paterentur.
825 803 941 890 ltaque
959 803 1100 871 oostella
1126 808 1161 871 et

33 904 174 970 divitates
194 919 280 989 qaas
299 920 386 990 papa
404 905 629 989 oooupavorat
646 900 689 970 ud
707 900 911 970 deditionem
929 900 1107 990 compulit,
1126 907 1161 970 et

31 1000 226 1068 habitatores
253 1019 366 1069 eorum
392 1001 490 1068 eiooit
516 1007 549 1069 et
572 1017 654 1068 suos
680 1001 848 1088 imposuit.
874 1001 991 1089 ltaque
1017 1007 1090 1068 orta
1108 1007 1161 1069 est

33 1099 192 1168 disoordia
212 1105 246 1168 et
263 1098 437 1189 dissidium
454 1100 540 1167 inter
557 1099 780 1168 sacerdotium
799 1107 833 1168 et
848 1101 1017 1188 imperium
1027 1152 1038 1188 ‚
1065 1106 1099 1167 et
1117 1099 1159 1168 de

33 1198 208 1266 inoredibili
234 1199 373 1266 amioitia
398 1206 470 1266 orta
498 1205 551 1266 est
574 1197 721 1267 nefanda
746 1197 924 1267 disoordia.
952 1197 1159 1267 Procedente

35 1305 171 1386 tempore
197 1297 413 1366 lnnoeentios
439 1315 526 1386 papa
552 1299 674 1366 toroius
696 1299 829 1386 soripsit
845 1297 1108 1386 arobiapisoopis
1127 1303 1162 1366 et

34 1397 195 1485 episeopis
223 1403 258 1464 et
282 1396 502 1486 principibus,
525 1395 588 1465 sub
605 1415 694 1486 pena
712 1398 1063 1466 exeommunicationis
1080 1413 1161 1485 pre·

33 1497 171 1586 apione,
192 1513 237 1563 ne
256 1493 371 1564 Ottoni
388 1495 478 1563 dioto
496 1497 684 1584 imperatori
702 1496 877 1566 obedirent
890 1497 925 1564 in
940 1497 1064 1586 aliquo,
1081 1496 1161 1582 quia

33 1596 194 1683 imperium
214 1595 405 1663 obtinuerat
427 1596 461 1662 in
479 1595 689 1664 cavillatione
707 1602 741 1664 et
763 1595 860 1685 dolo,
880 1600 913 1663 ot
929 1594 1065 1664 volebat
1086 1611 1161 1662 eum

33 1702 160 1780 arguere
179 1699 224 1774 et
247 1695 427 1783 eomplioes
452 1695 524 1762 eius
548 1693 590 1762 de
611 1695 764 1783 periurio.
798 1693 939 1783 Soripsit
961 1695 1063 1762 eoiam
1088 1694 1161 1780 regi

33 1793 157 1861 lranoie
179 1795 310 1861 litteras
336 1793 481 1881 querelis
506 1793 644 1883 plenas,
669 1812 829 1862 asserens
855 1790 1011 1860 Ottouem
1031 1795 1065 1860 in
1084 1797 1161 1860 tan-

35 1899 89 1958 tam
104 1893 284 1960 elationem
300 1893 516 1981 pervenisse,
535 1898 571 1960 ut
594 1899 658 1961 tam
682 1892 790 1981 ipsum
810 1910 907 1980 quam
929 1909 1045 1960 omnes
1060 1907 1160 1976 reges

35 1992 123 2059 vellet
140 1991 207 2060 sibi
228 1991 424 2081 sublegere,
444 1997 477 2060 et
492 1997 608 2060 eontra
627 1991 780 2060 dileetum
806 1991 904 2058 lilium
929 2007 1024 2058 saum
1044 1988 1161 2057 Fride-

36 2091 126 2158 rioum
142 2109 260 2178 regern
281 2089 420 2180 Apulia,
439 2090 482 2158 ad
502 2090 733 2180 oeoupaudum
746 2108 884 2177 regnum
902 2090 1020 2179 ipsine,
1040 2087 1161 2177 dispo-

34 2189 124 2257 nebat
151 2189 351 2278 proaedere.
376 2187 421 2257 At
443 2196 558 2258 eontra
584 2188 663 2258 Otto
685 2191 865 2278 imperator
887 2187 929 2257 de
950 2185 1161 2256 Allemannia

34 2287 157 2356 mandat
173 2289 391 2358 auxiliatores
408 2287 514 2358 duoes
532 2293 566 2357 et
583 2289 724 2359 eomitas
743 2295 777 2358 et
798 2289 987 2376 omnesqui
1008 2292 1162 2356 tenentur

35 2387 59 2454 ei
76 2387 233 2457 idelitate
250 2395 284 2455 et
301 2387 447 2458 dominio
463 2389 598 2457 servire.
616 2443 623 2457 .
642 2442 649 2456 .

98 2485 199 2556 Anno
220 2485 343 2555 domini
361 2505 520 2555 moon...
537 2485 713 2556 Disoordia
736 2487 821 2555 inter
845 2486 1073 2554 lnnooerrtium
1098 2503 1163 2573 pa·

35 2601 100 2670 pam
124 2592 158 2654 et
183 2583 342 2654 Ottouem
368 2588 600 2674 imperatorem
635 2603 704 2654 non
737 2587 892 2654 minuitur
922 2584 984 2653 sed
1010 2589 1162 2669 augetur.

35 2682 112 2772 Papa
127 2683 285 2754 Ottouem
295 2685 427 2773 publioe
442 2687 707 2756 exeommunioat
720 2690 753 2753 et
768 2702 885 2754 omnes
900 2683 1048 2751 lautores
1068 2699 1161 2771 suos,

38 2789 65 2848 et
83 2785 342 2874 arehiepiscopis
369 2789 403 2852 et
420 2786 589 2873 episeopis
607 2785 763 2874 preoipit,
789 2791 825 2851 ut
843 2801 916 2851 eum
935 2782 1162 2850 exeommuni-

38 2889 135 2950 outum
152 2883 359 2952 denunoient
376 2890 409 2951 et
426 2885 540 2952 vitent.
566 2881 645 2952 Otto
669 2889 779 2951 autem
806 2899 945 2968 regnum
963 2878 1082 2970 Apulie
1105 2881 1162 2947 in-

36 2980 135 3074 vadit,
164 2985 253 3052 siout
277 2982 395 3051 dieitur
420 2981 462 3050 ad
488 2983 720 3052 contumeliam
739 2980 862 3050 domini
884 2998 972 3071 pape
997 2985 1031 3049 et
1048 2978 1091 3049 ad
1108 2980 1163 3047 in·

35 3079 138 3148 iuriam
155 3081 313 3150 Friderioi
337 3083 427 3168 regis
452 3077 592 3170 Apulia.
608 3136 615 3150 .
632 3133 640 3149 .
1148 3099 1150 3104 ’

100 3176 200 3249 Anno
227 3180 351 3249 domini
377 3182 514 3249 moeni.
533 3233 566 3248 ..
591 3180 807 3249 Denuntiatio
833 3178 921 3248 laeta
944 3179 979 3246 in
1006 3175 1163 3247 Ottouem

39 3275 262 3366 imperatorem
290 3278 332 3348 de
359 3279 516 3348 mandato
544 3278 656 3348 domni
681 3295 769 3368 pape
787 3330 795 3346 .
814 3329 821 3346 .
842 3329 849 3346 .
873 3276 1049 3346 llisoordia
1078 3277 1164 3346 inter

39 3373 168 3448 olerioos
188 3378 409 3448 colonienses
428 3385 463 3447 ot
486 3378 604 3469 laioos,
629 3377 690 3448 sad
709 3380 776 3447 oito
795 3377 922 3445 sedata.
948 3375 1062 3444 Motus
1080 3374 1163 3442 Mo-

37 3478 153 3559 gontini
172 3483 288 3546 oontra
304 3479 543 3566 imperatorem.
706 3473 708 3480 '
1056 3493 1059 3502 ¹

101 3573 200 3644 Anno
226 3575 348 3645 domini
379 3577 527 3645 moenii.
545 3627 581 3646 ..
615 3573 695 3646 Otto
723 3577 900 3663 imperator
932 3571 974 3639 ab
1000 3571 1096 3640 ltalia
1129 3575 1164 3638 et

39 3669 147 3760 Apulia
173 3693 194 3743 a
219 3674 354 3744 domino
380 3694 469 3765 papa
495 3676 800 3745 excommunicatus
826 3671 1010 3740 revertitur.
1042 3669 1162 3738 Latere

39 3766 213 3843 Jerusalem
241 3770 348 3866 [mitre
373 3773 415 3866 b]
440 3773 660 3844 Franlreniort
692 3775 814 3842 auriam
850 3770 952 3838 babet
986 3769 1161 3857 celebrem,

39 3867 87 3937 abi
102 3875 272 3960 octoginta
289 3874 458 3962 prinoipes
477 3874 508 3942 ai
526 3879 760 3963 ooeurrerunt,
787 3871 921 3960 multum
947 3868 1038 3937 llenti
1061 3873 1094 3935 et
1120 3867 1163 3935 de

41 3983 109 4054 roge
126 3973 262 4041 Franoie
290 3973 518 4059 conquerenti.
551 3972 602 4044 llli
627 3974 716 4041 eurio
741 3970 983 4058 archiepiscopi
1009 3974 1044 4036 et
1069 3968 1164 4056 epis-

42 4071 106 4155 eopi
121 4073 218 4159 pouoi
236 4069 470 4161 interfuerunt,
495 4089 536 4139 eo
565 4071 654 4159 quod
682 4071 724 4140 de
750 4067 906 4138 mandato
933 4067 1057 4136 domini
1075 4083 1162 4154 pape

42 4179 105 4234 eum
137 4171 455 4241 excommunicatum
487 4169 843 4239 denuntiaverant...
878 4165 1162 4255 llrohiepisoopus

42 4259 245 4353 blogunainus
271 4275 303 4338 et
334 4286 449 4338 eomes
475 4275 562 4338 terre
588 4271 643 4359 qui
668 4269 842 4356 tootprooe
866 4265 985 4335 dieitur
1009 4271 1043 4332 et
1061 4263 1162 4336 War-
