2890 4832
357 264 394 308 rx
415 261 580 308 eousrarno
603 262 781 308 codoniensi.
1065 235 1130 304 3dt

25 417 95 470 oum¹
111 401 368 489 propugnaculis
387 402 421 467 in
443 399 553 468 medio
574 399 690 468 Rheno
710 405 876 490 statuunt,
900 408 933 469 et
946 401 1134 472 balistarios
1156 413 1221 466 tarro

25 507 51 568 et
65 501 242 591 sariantos,
266 501 322 588 qui
344 501 409 566 illis
427 501 461 567 in
484 499 602 568 iaoiem
628 497 754 567 fortiter
779 503 952 589 resistant,
980 502 1138 589 plurimos

26 599 228 666 eonstituunt.
259 599 371 666 Neves
398 600 495 665 etiam
519 599 601 666 olias
625 599 828 688 instaurant,
843 617 904 686 per
921 617 1005 686 quas
1024 603 1138 688 sepius

27 699 192 765 transvecti
208 697 348 765 eundem
365 698 516 764 eomitem
539 703 572 764 et
589 715 670 764 suos
693 697 898 784 impugnant.
925 698 1030 766 Vides
1049 717 1138 786 quo·

27 813 80 882 pue
102 813 202 884 super
224 797 315 864 littus
337 796 443 863 Rheni
461 797 569 864 sitas
560 797 625 884 rpsi
650 794 800 862 subditas
824 797 946 884 rapinis
969 799 1028 864 et'
1019 815 1139 865 moen-

26 894 70 962 dio
86 894 268 962 devastant.
301 895 341 962 Et
360 897 410 962 sio
427 913 487 982 per
511 913 633 962 annum
656 901 689 961 et
709 893 876 962 dimidium
898 897 990 964 vario
1017 902 1139 1026 eventu

26 993 106 1060 simui
121 993 307 1080 oonssigunt
325 1000 358 1061 et
373 993 540 1061 dimioant.

87 1092 164 1159 Post
191 1095 396 1160 nativitatem
420 1109 501 1160 vero
525 1092 622 1160 beate
650 1092 754 1160 Mario
782 1088 883 1182 [sept
901 1089 941 1182 8]
970 1092 1138 1181 Philippus

27 1208 73 1258 rex
93 1192 234 1260 maximo
259 1194 405 1259 exoroitu
430 1198 637 1277 congregato
651 1191 830 1258 Mosellam
856 1193 1024 1280 transivit,
1048 1198 1079 1259 et
1105 1194 1139 1260 in

26 1287 97 1356 desto
121 1292 229 1356 saneti
255 1290 451 1358 Miobahedis
481 1290 672 1376 orobangedi
702 1287 807 1379 [sept.
832 1287 896 1380 29]
929 1297 1005 1358 ante
1031 1292 1139 1359 menia

27 1389 151 1455 diritatis
184 1389 323 1456 Colonie
346 1391 486 1456 veniens
521 1407 593 1457 eam
615 1391 808 1476 impugnare
838 1389 935 1475 oepit.
979 1389 1139 1476 Sequenti
1193 1396 1197 1407 “

26 1505 91 1553 roro
120 1487 173 1555 die
201 1488 236 1554 in
264 1489 424 1575 superiori
452 1493 545 1576 parte
571 1489 714 1555 divitatis
740 1489 879 1554 tentoria
907 1505 969 1554 sua
993 1487 1082 1576 digit,
1106 1495 1140 1556 et

26 1591 81 1653 tota
96 1586 148 1653 illa
167 1585 222 1654 die
243 1605 315 1653 eam
331 1589 505 1674 impugnat
530 1593 563 1654 et
579 1588 714 1675 impetit.
749 1585 808 1654 His
832 1594 941 1652 autem
968 1589 1023 1673 qui
1049 1589 1138 1654 intus

27 1690 103 1751 erant
119 1684 249 1752 sortiter
265 1685 538 1775 repugnantibus,
559 1691 592 1754 et
609 1684 806 1752 adversariis
825 1685 960 1752 viriliter
977 1685 1138 1774 resisten7

27 1782 106 1873 tibus,
125 1803 197 1851 oum
215 1802 277 1871 per
295 1786 441 1871 quinque
460 1784 531 1851 dies
551 1803 622 1852 eam
640 1785 811 1871 impeteret
830 1789 861 1850 et
881 1784 981 1850 niobil
995 1783 1139 1871 prodeo-

28 1887 81 1970 ret,
104 1881 163 1950 sed
181 1884 357 1950 maximum
375 1883 549 1971 dampnum
570 1899 703 1950 suorum
721 1883 880 1970 precipue
899 1900 1058 1969 equorum
1071 1883 1138 1950 ibi-

28 1978 87 2046 dem
104 1982 288 2071 aooiperet,
316 1983 428 2049 reliota
453 1981 629 2049 obsidione
654 1980 795 2068 recedit,
824 1987 857 2048 et
883 1999 955 2048 oum
982 1983 1138 2050 universo

26 2081 155 2146 exereitu
172 2079 215 2148 ad
232 2079 489 2168 expugnandam
506 2080 642 2147 Nusiam
659 2079 817 2167 prooedit.
845 2077 949 2159 Quam
962 2097 1034 2146 oum
1053 2082 1138 2148 aori·
1245 2163 1248 2168 Ι

28 2181 66 2243 ter
80 2179 295 2268 impugnaret,
313 2181 357 2246 illi
376 2180 418 2247 de
436 2178 561 2246 viribus
581 2180 650 2246 suis
669 2177 860 2246 diiiidentes
878 2179 911 2244 in
930 2178 1138 2246 dedioionem

27 2285 187 2368 venerunt,
216 2279 382 2345 civitatem
401 2279 474 2346 eius
493 2283 652 2366 preoepto
670 2276 793 2345 Adolfo
814 2279 973 2365 episeopo
991 2277 1139 2345 tradide-

30 2381 101 2463 mnt,
127 2383 159 2443 et
177 2376 353 2445 obsidibus
380 2379 410 2444 ei
429 2376 514 2444 datis
542 2378 666 2443 servire
684 2378 915 2464 promiserunt.
942 2376 1001 2443 His
1020 2378 1137 2466 gestis,
1169 2395 1177 2412 ·

28 2477 110 2540 totam
128 2481 246 2542 terram
264 2475 508 2544 oonoremando
527 2474 735 2544 devastando
753 2477 990 2564 pertransiens,
1009 2475 1113 2542 rediit.

85 2573 204 2643 Littere
225 2576 329 2642 eeiam
348 2574 471 2642 domini
496 2592 582 2662 pape
610 2575 643 2640 in
670 2574 721 2640 bis
748 2573 867 2641 diebus
896 2573 1034 2642 Colonie
1060 2591 1138 2661 pre-

29 2677 190 2764 sentantur,
210 2674 245 2740 in
264 2673 383 2760 quibus
401 2675 576 2740 invasores
596 2673 812 2739 ecelesiarum
831 2672 985 2738 iubentur
1003 2689 1138 2739 exeom-

29 2772 175 2861 munioari,
190 2777 224 2839 et
243 2777 309 2839 tota
329 2775 413 2838 terra
431 2789 543 2840 eorum
562 2771 624 2838 sub
643 2771 817 2839 interdioto
835 2771 924 2858 poni.
950 2770 1045 2838 Unde
1063 2789 1138 2837 ma-

31 2867 70 2948 gis
86 2869 117 2934 in
141 2871 305 2938 insaniam
328 2873 419 2938 versi
436 2869 523 2938 idem
545 2876 695 2957 raptores
721 2887 851 2938 omnem
876 2868 1019 2937 furorem
1043 2887 1138 2936 suum

31 2964 53 3028 in
70 2966 181 3035 olerum
201 2969 389 3057 exagitant,
417 2975 528 3037 ourtes
548 2975 581 3036 et
604 2967 716 3056 predia
736 2986 847 3038 eorum
866 2968 930 3034 sibi
948 2966 1137 3056 vendioont,

31 3062 133 3134 reditus
152 3085 268 3135 omnes
287 3086 346 3156 per
363 3067 531 3135 biennium
550 3067 721 3156 diripiunt,
750 3073 783 3134 et
799 3068 832 3134 in
853 3073 974 3133 tantam
992 3083 1138 3154 pauper-

32 3165 111 3230 tatem
136 3167 280 3234 eeolesie
307 3165 505 3256 deveniunt,
533 3171 569 3234 ut
594 3165 750 3253 quiequid
777 3171 912 3234 ornatus
937 3166 970 3232 in
997 3183 1078 3232 auro
1106 3171 1139 3232 et

31 3268 148 3344 argento
175 3271 209 3332 et
234 3266 373 3351 gemmis
400 3266 557 3352 pretiosis
581 3266 613 3331 in
642 3266 690 3332 eis
715 3264 756 3331 ab
774 3265 954 3351 antiquitus
973 3271 1139 3331 servatum

32 3354 127 3451 iuerat,
144 3367 248 3431 totum
268 3364 458 3431 distraetum
478 3370 511 3431 et
528 3362 696 3431 venditum
715 3364 767 3430 sit.

88 3457 180 3528 Anno
200 3461 324 3530 domini
344 3464 476 3530 maevi.
494 3463 663 3550 Philippus
682 3479 741 3528 rex
766 3477 838 3528 oum
858 3461 1003 3527 oxereitu
1022 3461 1137 3526 iterum

33 3552 64 3618 ad
78 3556 242 3628 inferiores
255 3567 366 3648 partes
382 3559 606 3649 descendens,
625 3566 818 3628 oecurrente
830 3559 892 3626 sibi
903 3556 1025 3626 Adoli
1006 3560 1137 3670 oepis-

34 3667 101 3740 dopo
117 3677 187 3726 oum
206 3659 382 3728 eomitibus
410 3665 442 3726 et
469 3661 588 3728 ceteris
607 3659 774 3727 nobilibus
794 3663 895 3747 terre,
923 3663 1026 3724 totum
1045 3657 1137 3744 epis-

34 3761 163 3837 mpetum
182 3757 366 3826 seeundum
390 3758 515 3826 libitum
540 3759 649 3826 omnio
668 3757 731 3825 sibi
759 3755 954 3824 subioiendo
972 3756 1137 3843 percurrit.

32 3842 85 3915 Rex
97 3862 199 3923 autem
214 3853 291 3924 Otto
307 3863 341 3924 et
358 3853 468 3924 Bruno
471 3859 555 3945 ,qui
574 3859 647 3945 ipso
666 3873 780 3924 mense
799 3857 831 3922 in
851 3855 1138 3942 arehiepiscopum

35 3947 178 4022 ordinatus
204 3955 310 4023 iuerat
335 3974 355 4022 o
378 3955 497 4024 Sidrido
523 3956 739 4045 bdoguntino,
766 3954 979 4042 presentibus
1004 3953 1136 4020 duobus

35 4047 177 4138 episeopis
196 4053 237 4121 de
255 4053 425 4122 Britannia
443 4074 463 4122 a
481 4073 560 4141 rege
578 4053 700 4140 Anglie
725 4055 852 4132 missis,
878 4069 950 4120 oum
973 4053 1136 4141 quadrin-

34 4148 122 4221 sentis
157 4153 312 4220 militibus
346 4159 378 4220 et
411 4153 542 4222 duobus
577 4153 708 4220 milibus
742 4151 888 4240 peditum
920 4151 961 4218 de
997 4151 1136 4218 Colonia

35 4253 169 4316 exeuntes
194 4269 266 4320 eum
293 4251 412 4321 eodem
437 4251 618 4339 eondigere
644 4256 839 4319 statuerunt.
868 4249 935 4317 Sed
963 4249 1134 4315 traditione
