2890 4832
278 174 348 244 296
600 201 734 250 cumton
756 200 825 246 rrrn
847 200 863 246 s
891 198 1079 258 nrcucnrnrr.

278 359 351 410 mus
361 394 371 431 ,
390 345 424 409 et
440 357 500 428 per
517 340 623 430 ipsius
642 341 757 406 merita
776 339 843 406 heri
862 337 1038 426 credimus,
1057 341 1150 406 tento
1168 338 1263 408 nohis
1280 339 1387 408 dehent

199 485 201 490 -
278 458 357 509 esse
383 440 528 526 gratiora
555 445 679 526 quanto
704 444 839 526 proptor
866 444 994 525 tompus
1021 438 1152 504 rariore.
1193 437 1387 506 sanctitatem

278 559 344 628 que
362 541 429 608 vite
447 537 570 628 deluit,
596 554 685 606 mors
709 538 864 626 preciosa
882 537 1060 624 supplevit.
1098 537 1139 604 Et
1157 537 1185 603 si
1203 539 1308 606 minus
1324 557 1387 626 per-

278 638 386 706 lectus
404 640 437 706 in
456 637 729 726 conversatione,
754 643 891 705 sanctus
914 641 1024 704 tamen
1043 633 1183 704 eiectus
1201 644 1254 704 est
1270 638 1300 704 in
1316 654 1387 726 pas-

278 739 383 806 sione.
418 737 672 804 Consummatus
696 737 731 803 in
749 736 841 804 hrevi
859 735 1004 823 explevit
1022 727 1171 822 ternpore
1188 735 1303 826 multa,
1324 735 1388 824 pla·

279 838 343 904 cita
369 837 454 904 enim
480 841 550 903 erat
578 835 642 904 dee
669 837 777 904 anima
802 834 900 904 illius.
931 833 1013 902 Nam
1038 833 1176 922 placens
1201 833 1267 904 deo
1292 841 1388 903 eterna

277 935 588 1024 predestitinatione
608 934 716 1002 iactus
735 940 787 1003 est
804 933 947 1003 dilectus
965 934 998 1000 in
1016 935 1187 1022 passione.
1221 932 1301 1014 Quis
1319 936 1388 1002 enim

279 1036 446 1102 sanctitati
464 1035 537 1102 cius
555 1033 777 1123 contradicat,
801 1051 898 1121 quem
923 1031 1068 1100 cordium
1088 1033 1244 1119 cognitor
1261 1039 1294 1102 et
1309 1035 1389 1100 meri·
1427 1076 1428 1079 π

277 1141 382 1202 torum
405 1132 609 1222 ponderator
626 1133 788 1202 Dominus
812 1134 918 1219 signis
936 1138 1002 1201 tam
1019 1132 1120 1200 variis
1137 1132 1309 1200 mirihont‘l
1331 1132 1389 1200 Nor

278 1237 332 1320 qui
354 1236 498 1318 seipsum
517 1233 740 1315 commendet,
763 1239 800 1300 ul
818 1235 863 1300 ait
880 1231 1074 1321 apostolus,
1098 1231 1154 1298 ille
1164 1230 1327 1318 probatos
1343 1235 1389 1314 ert,

277 1333 340 1400 sed
356 1350 451 1416 qoem
467 1332 548 1400 dccc
569 1332 777 1400 commendat
794 1331 851 1400 iile
861 1330 1025 1418 probetur
1042 1333 1100 1398 est.

352 1432 462 1516 Caput
479 1431 666 1500 secundom.
693 1431 978 1500 Videtur-sancto
1000 1428 1204 1516 Engelherto
1224 1447 1389 1516 congruere
1428 1484 1429 1487 ,

279 1529 369 1616 quod
387 1548 446 1618 per
464 1529 675 1599 Salomonem
693 1530 826 1598 dicitur:
853 1530 929 1598 icco
949 1532 1036 1611 eice,
1060 1527 1165 1596 idest
1183 1526 1320 1619 Christi,
1343 1529 1389 1596 rull

143 1647 146 1654 ·
235 1635 238 1648 '
278 1630 388 1713 capite
413 1646 486 1696 mee
508 1634 542 1696 et
568 1630 710 1696 doctore
737 1630 829 1698 illics
850 1628 1096 1715 amplexabitur
1125 1645 1186 1694 nee.
1220 1626 1274 1696 Ad
1300 1629 1390 1696 leven
1428 1647 1431 1690 r

279 1728 396 1814 sponsi
423 1729 587 1815 pertinent
610 1728 700 1798 bona
726 1729 912 1818 corporalia
937 1734 971 1797 et
995 1733 1145 1817 terrena,
1171 1727 1215 1795 ad
1241 1727 1390 1796 dexteram
1430 1731 1431 1736 ’

277 1843 358 1894 uero
383 1825 471 1896 bona
497 1828 678 1915 spiritualia
703 1833 803 1916 atque
828 1828 976 1896 celestia.
1013 1827 1110 1896 Bona
1128 1828 1314 1914 corporalia
1328 1833 1390 1895 sunt
1430 1873 1431 1878 ,

278 1926 412 2011 generis
432 1932 464 1994 et
481 1944 607 1997 morum
624 1926 962 2016 nobilitas,valetude
980 1927 1126 2014 corporis
1142 1931 1175 1993 et
1192 1925 1390 2014 pulchritudo.

277 2024 372 2094 Bona
390 2023 537 2116 dextere,
555 2028 694 2094 virtutes
712 2033 790 2094 sunl
808 2025 927 2114 quihus
945 2027 978 2094 in
996 2025 1145 2114 presenti
1160 2026 1268 2092 anima
1285 2026 1391 2094 illumi·
1420 2047 1432 2105 ,³

278 2131 393 2213 natur,
421 2131 454 2192 et
478 2127 545 2193 vita
571 2131 683 2193 eterna
715 2143 779 2213 que
810 2125 985 2194 virtutihus
1011 2131 1229 2212 promeretur.
1263 2125 1390 2210 Utraque

278 2222 378 2313 bena,
398 2222 534 2292 dextere
553 2225 681 2292 seilicet
698 2229 732 2293 et
748 2225 893 2314 sinistre,
908 2224 1068 2292 Salomon
1086 2221 1163 2291 alibi
1182 2225 1316 2311 exponit
1333 2240 1390 2290 cum
1431 2247 1432 2252 ¹

279 2320 374 2388 dicit:
393 2321 560 2408 longitudo
577 2324 702 2392 dierum
718 2325 752 2391 in
771 2325 912 2391 dectcro
926 2325 1012 2412 cicc,
1029 2323 1139 2390 divitie
1156 2326 1267 2389 colem
1286 2328 1319 2390 et
1330 2321 1390 2408 ple·
1422 2326 1427 2399 ζ

278 2421 333 2488 rio
354 2421 389 2488 irc
414 2423 552 2489 sinistro
575 2423 674 2498 illius.
713 2423 856 2492 Sanctus
882 2429 990 2492 autem
1011 2421 1235 2508 Engelhertus
1254 2419 1390 2509 quandiu
1421 2410 1428 2567 Ι

279 2520 362 2588 vixit
387 2520 494 2607 gloria
522 2528 555 2590 et
580 2522 693 2591 divitie
718 2524 753 2590 in
779 2521 878 2593 domo
903 2524 977 2590 eius
996 2521 1145 2610 suerunt,
1173 2522 1267 2588 cuius
1285 2521 1390 2588 iustitia
1423 2594 1427 2611 Ι

280 2638 378 2706 ouem
403 2638 463 2708 per
491 2623 685 2708 passionem
714 2624 832 2690 meruit
855 2626 1028 2710 permanet
1050 2622 1084 2690 in
1115 2620 1264 2690 seculum
1294 2619 1389 2688 seculi.
1423 2638 1427 2709 3

280 2715 384 2798 Quem
411 2721 550 2808 copiose
577 2722 611 2790 in
637 2722 786 2809 presenti
812 2721 909 2790 honis
935 2722 1071 2790 sinistre
1091 2725 1298 2808 sustentatus
1317 2720 1390 2786 sitet
1424 2768 1428 2801 ,

278 2817 405 2884 inillis
432 2820 611 2910 quieverit,
638 2821 756 2908 paucis
782 2819 965 2910 explicabo.
992 2818 1064 2901 Que
1089 2819 1175 2888 enim
1201 2819 1387 2906 intempore
1424 2816 1429 2883 ἵ

279 2923 440 3000 geruntur
457 2935 530 2986 cum
549 2925 697 3007 tempore
714 2919 909 3008 volvuntur,
929 2925 963 2986 et
979 2920 1043 2987 nisi
1063 2917 1187 3007 scripto
1205 2924 1387 3006 perpetuen-
1425 2942 1431 3005 ξ

280 3020 331 3080 tur
349 3015 444 3083 citius
463 3017 504 3084 ab
522 3018 690 3086 hominum
709 3022 865 3088 memoria
884 3017 1045 3087 delentur.
1060 3019 1137 3086 Erat
1155 3023 1265 3086 autem
1282 3019 1329 3085 vir
1340 3033 1387 3082 uo·
1427 3032 1432 3087 ὲ

280 3112 356 3180 hilis
383 3113 480 3182 valde
508 3121 540 3183 et
564 3113 758 3206 spectabilis
785 3137 927 3206 genere,
957 3118 1042 3186 itlius
1067 3117 1263 3203 Engelherti
1280 3115 1386 3183 comilis

281 3210 322 3280 de
341 3210 467 3280 Monte.
496 3213 595 3283 Cuius
614 3219 720 3305 patrui
739 3209 832 3286 iu'ere
850 3218 873 3286 F
877 3218 1037 3286 ridericus
1056 3223 1089 3285 et
1106 3217 1217 3284 Brnno
1237 3215 1386 3301 archipre-

280 3310 373 3378 sules
401 3310 631 3384 Colonienses.
665 3315 841 3405 Adelphos
868 3334 948 3384 vero
976 3318 1032 3404 qui
1057 3315 1205 3384 Brunoni
1222 3316 1255 3385 in
1274 3316 1387 3402 episco·
1432 3373 1433 3382 ,

280 3418 360 3499 patu
388 3415 556 3481 suecessit
581 3417 689 3503 patrui
716 3418 787 3484 eius
816 3415 901 3484 ilius
930 3413 999 3482 init.
1025 3413 1134 3484 Mater
1161 3416 1233 3482 eius
1258 3413 1387 3482 iiliaeret

280 3511 412 3578 comitis
431 3511 643 3604 GeldrensiS,
663 3516 722 3583 viri
740 3515 850 3582 divitis
870 3523 969 3603 atque
988 3517 1144 3603 potentis.
1182 3511 1385 3582 Theodericus

281 3609 1386 3701 episcopusMonasteriensisetEngelhertusOsnahurgensiselec-

282 3713 335 3774 tus
360 3717 501 3797 nepotes
526 3714 633 3800 patrui
659 3715 731 3782 eius
751 3715 899 3782 extitere.
925 3715 1013 3782 Ecce
1032 3713 1074 3782 de
1094 3720 1162 3804 tam
1177 3711 1280 3780 nobili
1297 3727 1331 3777 ac
1345 3709 1384 3772 in-

282 3807 370 3891 signi
388 3813 545 3898 prosapia
563 3819 684 3899 martyr
700 3819 816 3881 noster
834 3815 942 3882 carnis
962 3812 1055 3881 duxit
1072 3815 1243 3900 originem.
1262 3809 1324 3877 Neo
1336 3805 1383 3873 de·

280 3909 454 3989 generavit
471 3911 628 3979 moribus.
650 3909 735 3992 Quia
753 3911 794 3980 ah
812 3913 948 3980 ineunte
968 3919 1055 3980 etate
1073 3931 1156 4001 puer
1173 3908 1314 3999 prudens
1330 3907 1385 3972 erat

282 4007 315 4069 et
333 4004 482 4086 amabilis
500 4009 683 4078 seeundum
712 4012 853 4080 nominis
873 4013 925 4078 sui
943 4013 1167 4100 participium,
1187 4025 1307 4095 gerens
1322 4003 1384 4072 rul-

282 4108 350 4170 tum
373 4105 578 4194 angelicum,
606 4109 786 4178 tractabilis
811 4109 956 4179 liberalis
974 4110 1105 4180 humilis
1125 4111 1208 4179 satis
1228 4114 1260 4177 et
1276 4104 1383 4192 gratio-

283 4219 342 4269 sus
360 4201 469 4271 valde.
494 4203 612 4274 Annos
631 4210 778 4297 pueriles
798 4209 1038 4279 transcendens
1058 4213 1142 4302 etin
1159 4209 1383 4278 adolescentem
