2884 4834
273 181 342 250 136
631 210 797 258 curramus
817 211 856 256 ua
877 212 1044 258 resumam.

187 359 255 415 racd
272 351 397 439 interii,
416 349 507 436 quod
525 348 647 418 habere
665 367 733 418 non
751 350 892 437 potuita
910 350 1078 418 nobilibus
1096 355 1187 418 terre.
1203 350 1250 419 Et
1259 351 1311 418 sic
1322 366 1399 418 oon-
1425 335 1426 362 ¹

270 447 354 516 fudit
377 449 525 536 seipsum
549 449 653 536 primo
680 454 714 517 ct
730 466 790 536 per
813 466 1028 536 consequens
1046 450 1234 539 imperium,
1255 466 1299 518 eo
1318 449 1399 536 quod

271 545 436 635 stipendia
462 549 622 616 immerita
652 548 795 637 recepit,
823 547 913 635 qrrod
937 548 1198 637 predecessores
1226 550 1282 616 sui
1308 566 1400 635 reges

270 645 409 716 Romani
426 645 589 715 fecissent
605 647 707 716 inviti.

190 749 255 804 ¹29⁵
347 744 446 814 Anno
468 745 592 814 domini
612 745 849 814 mcclmorxm.
873 747 1027 816 dominus
1049 742 1192 814 Adolsus
1216 762 1281 812 rex
1299 744 1401 812 susci·

268 846 351 912 tavit
375 843 526 914 barones·
545 851 579 913 et
602 845 733 913 nobiles
761 841 894 914 Austrie
912 854 1029 915 contra
1047 844 1214 914 dominum
1232 842 1400 912 Albcrtum

272 943 391 1012 ducem
408 941 561 1035 nostrie,
580 949 617 1012 ut
634 943 812 1012 attraheret
829 945 892 1013 sibi
911 947 1065 1015 ducatum
1082 941 1226 1012 Austrie.
1257 941 1326 1011 Sed
1345 941 1401 1010 do-

270 1044 378 1111 minus
404 1042 471 1111 dux
497 1040 629 1111 Austric
655 1050 811 1130 tanquam
835 1044 988 1114 dominus
1007 1063 1115 1132 sagax
1132 1050 1166 1112 et
1182 1039 1336 1131 prudens
1353 1060 1400 1108 rc-

270 1141 410 1211 sistebat
427 1144 476 1210 eis
494 1144 527 1210 in
546 1141 751 1233 manuforti,
771 1149 804 1212 ct
821 1163 937 1214 omnes
961 1146 1112 1213 inimicos
1131 1159 1214 1212 suos
1234 1143 1400 1230 exstirpa-

269 1243 317 1309 vit
334 1259 354 1310 a
371 1246 474 1330 terro,
501 1249 534 1311 ot
552 1244 601 1311 sic
619 1241 773 1310 dominus
791 1241 934 1320 Adclius
960 1263 1018 1312 rex
1043 1248 1190 1332 optatum
1214 1259 1317 1308 suum
1340 1257 1401 1306 non
1427 1282 1428 1354 t

269 1341 379 1429 potuit
395 1341 557 1410 obtinere.
582 1338 724 1422 Quidam
742 1342 838 1410 ctiam
858 1342 981 1431 dicunt,
1001 1339 1322 1433 quodpostmodum
1335 1340 1401 1427 ipse
1427 1369 1428 1422 3

270 1439 424 1507 dominus
451 1458 508 1508 rex
535 1440 653 1508 ducem
679 1437 812 1510 Austric
836 1443 1061 1529 procuraverit
1086 1441 1281 1530 intoxicari,
1311 1457 1402 1526 quan

270 1537 403 1626 quidem
422 1540 657 1608 toxicationem
674 1541 784 1608 evasit
801 1543 966 1630 commta,
984 1559 1053 1610 non
1067 1542 1178 1610 tanton
1192 1539 1270 1608 sine
1284 1555 1401 1624 magno

269 1636 395 1706 labore.

188 1753 253 1809 1297
347 1737 427 1804 Post
452 1735 516 1804 hec
541 1754 630 1804 anno
657 1736 781 1806 domini
808 1737 1056 1805 moclxxxxni
1081 1734 1244 1804 dominus
1263 1731 1400 1814 Adolius

269 1853 327 1903 rex
346 1834 552 1903 Thebaldum
570 1837 722 1905 comitem
741 1837 956 1904 Pscrretarum
973 1833 1118 1926 Alsatic‚
1139 1836 1217 1902 item
1237 1834 1400 1902 dominum

267 1931 491 2004 Hermannum
510 1934 552 2004 de
565 1935 763 2004 Geroltzelre
782 1942 872 2003 trans
886 1934 1012 2004 Renum
1030 1936 1169 2003 instituit
1186 1925 1398 2020 advocatos¹‚

269 2035 325 2122 qui
343 2033 555 2123 postmodum
573 2053 729 2103 unacum
749 2034 882 2104 domino
901 2035 1074 2104 Bercheim
1093 2035 1225 2102 seniore
1244 2035 1281 2101 in
1296 2025 1429 2102 odium

269 2132 392 2201 domini
412 2132 555 2202 Conradi
573 2132 833 2220 Argentinensis
858 2135 1008 2223 episcopi
1028 2140 1061 2202 et
1079 2134 1221 2200 civitatis
1241 2130 1396 2219 Argenti-

268 2235 385 2300 nensis
404 2238 506 2300 totam
529 2237 645 2300 terram
665 2231 791 2302 Alsatie
816 2235 895 2302 citra
914 2240 947 2302 et
963 2239 1054 2301 trans
1073 2231 1199 2301 Renum
1217 2229 1397 2300 multisni-

268 2329 420 2398 iecerunt
437 2330 589 2419 dampnis
609 2337 642 2400 et
658 2334 802 2401 iacturis

342 2429 416 2497 Hoc
441 2429 594 2498 videntes
622 2430 775 2500 dominus
795 2430 968 2500 Comedus
986 2427 1242 2516 Argentinensis
1262 2433 1396 2519 episco-

266 2547 350 2619 pue,
379 2536 411 2597 et
430 2529 522 2596 cives
540 2528 809 2616 Argentinenses
819 2584 828 2620 ,
861 2530 983 2598 domini
1002 2529 1044 2598 de
1062 2527 1294 2616 Liehtenburg
1313 2527 1394 2597 etde
1429 2531 1430 2622 t

268 2625 491 2719 Ohsenstein,
524 2628 710 2715 landgravii
736 2628 881 2718 Alsatie‚
908 2631 1047 2698 comites
1083 2627 1124 2696 de
1154 2628 1335 2715 Friburgc,
1360 2626 1394 2693 dc
1429 2637 1430 2648 ¹

265 2721 450 2818 Liriingen‚
478 2729 737 2819 Geminipontis‚
764 2728 919 2798 videntes
949 2730 1047 2798 etiam
1071 2727 1255 2796 fatuitatem
1280 2726 1394 2795 domini

266 2829 375 2941 regis,
395 2844 434 2894 ac
453 2829 608 2916 oppressi
633 2829 820 2896 insolentiis
840 2846 974 2896 suorum
992 2827 1246 2915 advocatorum,
1273 2834 1309 2895 et
1326 2843 1394 2915 pre-

266 2928 362 3039 cipue
389 2944 524 2993 causam
549 2925 652 2995 dabat
676 2926 804 3016 dapifer
821 2927 862 2996 de
881 2925 1045 3017 Rinberg,
1071 2926 1286 2995 advocatus
1276 2925 1393 3014 imperii

266 3025 300 3091 in
320 3024 534 3114 Spirgauwe,
563 3028 795 3114 conspirarunt
820 3045 893 3094 cum
921 3026 1054 3094 domino
1073 3025 1274 3112 Mogontino
1295 3024 1393 3093 archi-

268 3123 429 3211 episcopo
448 3123 611 3192 adversus
630 3144 744 3212 regem
763 3131 796 3194 et
813 3143 905 3193 suos.
932 3125 995 3206 Qui
1014 3124 1146 3212 quidem
1170 3123 1327 3193 dominus
1344 3142 1392 3190 ar-

267 3219 503 3310 chiepiscopus
522 3221 564 3291 de
583 3241 755 3292 consensu
771 3226 952 3313 principum
972 3224 1152 3293 electorum
1169 3225 1317 3313 imperii,
1336 3222 1390 3290 dc·

266 3321 600 3390 minormn·videlioet
616 3323 837 3392 Bohcmorum
855 3325 962 3411 regis,
982 3323 1077 3391 ducis
1097 3323 1244 3391 Saxonie
1264 3327 1299 3391 ct
1315 3340 1390 3390 mar·

266 3421 396 3490 chionis
416 3420 457 3488 de
477 3420 737 3512 Brandenburg,
757 3421 925 3492 dominum
944 3419 1114 3490 Aibertum
1132 3421 1252 3490 ducem
1267 3419 1391 3490 Austrie

266 3519 308 3588 ad
327 3526 450 3588 certum
468 3522 603 3588 vocavit
621 3523 807 3610 terminum,
835 3529 872 3590 ut
897 3529 988 3589 certa
1006 3521 1059 3590 die
1078 3523 1111 3588 in
1129 3521 1331 3607 Moguntina
1348 3521 1390 3587 ci-

265 3620 366 3687 vitatc
386 3626 607 3708 compareret,
628 3621 841 3706 exigentibus
869 3619 998 3689 delictis
1024 3621 1147 3688 domini
1165 3619 1276 3689 Adclsr
1296 3621 1390 3706 regis,

264 3719 373 3804 ipsum
388 3719 553 3786 electurus
572 3720 605 3786 in
624 3738 737 3804 regem
755 3719 985 3788 Romanorum.
1014 3721 1156 3788 Vocavit
1174 3721 1273 3787 etiam
1291 3719 1388 3787 dorni-

265 3834 328 3882 nos
348 3815 620 3904 archiepiscopos
640 3819 881 3887 Trevcrcnsem
901 3827 934 3887 ct.
952 3819 1208 3906 coloniensem,
1233 3819 1389 3886 dominun

264 3913 484 3981 Bohcmorum
503 3935 636 4004 regem,
656 3917 773 3984 docem
793 3918 956 4007 saxonie,
976 3918 1095 3987 ducem
1113 3917 1293 4006 Baubarie‚
1315 3935 1388 3984 mar·

265 4012 404 4080 chioncs
430 4011 471 4080 de
498 4014 757 4104 Branoenourg,
785 4025 821 4083 ut
847 4017 966 4086 codem
985 4017 1038 4086 die
1058 4018 1236 4086 venir'ent
1227 4037 1261 4085 ιιι
1280 4017 1388 4096 civita-

300 4155 330 4218 1)
349 4149 417 4204 nach
436 4151 486 4204 den
505 4154 577 4209 Ano
595 4153 680 4207 Colm.
703 4155 846 4224 hathonig
863 4156 952 4210 Adols
970 4157 1061 4210 don
1045 4155 1104 4224 grai
1126 4173 1178 4210 von
1201 4157 1266 4212 Pfirt
1291 4157 1388 4211 erstim

263 4229 331 4290 acpt.
350 4221 414 4273 1297
432 4237 493 4273 zum
513 4220 641 4291 iondvogt
654 4222 702 4276 des
717 4197 845 4278 Eleasscs
852 4233 973 4279 eruerunt.
