2890 4832
293 182 364 250 354
641 214 677 260 ιι
699 213 868 262 acerrumo
891 213 1065 260 cenomansi.

215 370 284 424 aare
373 349 500 419 Eodem
517 368 606 420 annc
627 348 706 421 Otto
723 353 909 444 imperator,
925 353 989 420 iam
1007 369 1066 442 per
1078 313 1277 422 annosccto
1292 353 1408 424 vinculo
1441 373 1442 412 ι

292 449 646 519 excommunicationis
664 467 685 519 a
702 450 835 520 duobus
852 450 1252 543 apostolicisinnodatns,
1268 471 1340 521 cum
1355 473 1406 522 se·
1440 463 1442 540 ι

290 549 367 638 pius
388 549 571 618 honoratos
593 551 683 618 viros
700 569 760 638 pro
782 549 988 638 impetranda
1002 551 1102 618 venia
1117 549 1254 618 Romam
1269 553 1405 642 mitteret,
1440 545 1442 644 ι

291 647 353 716 sed
369 658 478 716 tamen
497 655 586 716 stare
604 648 759 718 mandato
774 667 887 717 eorum
902 666 970 717 non
986 647 1184 739 admitteret,
1200 657 1281 738 post
1297 652 1442 742 pascha
1440 653 1442 716 ι

285 743 394 837 [april
426 743 488 838 15]
516 745 606 816 lebre
632 749 816 838 corripitur.
848 746 978 826 Deinde
1003 748 1263 833 ingravescente
1294 750 1442 839 morbo‚2

289 845 346 914 ubi
364 845 428 915 sibi
446 845 532 914 diem
550 847 690 915 mortis
681 849 851 916 rmminere
870 847 1048 937 cognovit,
1067 847 1265 936 episcopum
1287 846 1327 916 da
1343 847 1441 918 llil

290 943 463 1012 densbeim
484 950 518 1014 et
537 946 621 1014 alios
640 945 821 1032 religiosos
843 951 876 1014 ct
891 947 1062 1034 sapientes
1083 946 1190 1037 viros,
1210 947 1337 1015 seilicet
1351 947 1404 1015 ab·

289 1043 387 1112 bates
410 1050 444 1111 et
466 1043 682 1134 sacerdotes,
706 1050 890 1134 convocat,
909 1051 943 1112 et
967 1061 1039 1111 cum
1062 1045 1190 1130 gemitu
1208 1052 1243 1114 et
1264 1047 1405 1132 lacrymis

289 1141 369 1230 quid
388 1142 452 1209 sibi
470 1141 638 1229 agendum
662 1143 765 1233 toret,
792 1143 848 1210 vel
873 1143 1013 1231 qualiter
1035 1161 1055 1210 a
1077 1142 1168 1212 nodo
1188 1146 1406 1212 exeommuni-

288 1242 432 1310 cationis
448 1241 578 1310 absolvi
592 1247 730 1332 posset,
749 1241 904 1310 consulit.
930 1239 983 1311 Ad
1001 1259 1137 1329 quorum
1154 1243 1329 1312 consilium
1343 1261 1404 1310 cnm
1438 1300 1439 1306 ,

287 1340 445 1408 mandato
472 1341 649 1428 apostolici
673 1347 762 1410 stare
786 1340 948 1430 iurasset,
968 1340 1009 1407 ab
1034 1341 1198 1430 episcopo
1224 1341 1406 1410 absolvitur.

286 1437 417 1508 Deinde
436 1438 589 1508 ordinato
608 1446 809 1510 testamento
827 1457 907 1529 suo,
926 1438 1083 1526 iactaque
1106 1439 1325 1510 consessione
1342 1458 1405 1507 cum

286 1539 503 1626 perceptione
514 1545 631 1608 sancte
641 1540 880 1607 communionis
891 1543 925 1607 et
936 1555 1031 1606 sacre
1041 1539 1220 1629 unctionis,
1233 1557 1307 1607 cum
1320 1557 1404 1625 mag-

287 1653 332 1703 na
349 1638 546 1705 contritione
573 1637 683 1706 cordis
709 1639 743 1704 in
769 1643 881 1706 castro
899 1635 989 1724 quod
1008 1635 1129 1706 dicitur
1146 1636 1321 1724 llarzberg
1338 1637 1404 1706 idus

287 1736 364 1802 maii
392 1731 474 1824 [mai
502 1731 566 1826 15]
591 1739 734 1805 moritur.
770 1736 900 1826 Corpus
925 1735 1137 1804 Bruniswich
1163 1737 1357 1805 translatum
1380 1743 1406 1804 et

286 1834 510 1922 imperialibus
527 1833 729 1904 indumentis
748 1841 781 1903 et
799 1836 999 1904 ornamentis
1017 1834 1166 1903 indutum
1180 1835 1274 1904 iuxta
1290 1841 1405 1924 patrem
1437 1832 1438 1842 ’

287 1950 382 2002 suum
402 1940 435 2001 et
453 1939 587 2002 matrem
605 1935 638 2002 in
658 1935 804 2002 ecclesia
822 1935 930 2003 sancti
946 1933 1051 2002 Blasii
1068 1934 1240 2023 sepelitur.

351 2033 433 2100 Post
447 2039 575 2121 captam
591 2032 755 2121 siquidem
770 2034 880 2100 turrim
895 2034 929 2100 in
946 2031 1185 2121 prelunchili
1199 2033 1343 2101 lluminis
1354 2037 1404 2099 etc.

349 2129 449 2200 Anno
460 2131 583 2200 domini
592 2131 1109 2218 m.ec.x.viiii.Reginacivltatum
1119 2131 1343 2201 iherosolima
1352 2137 1404 2200 etc.
1441 2181 1442 2224 3

351 2227 449 2298 Anne
464 2229 628 2298 domrnree
640 2231 976 2298 rncarnatronrsmoc
978 2250 1042 2320 xx
1057 2230 1099 2298 ab
1112 2231 1193 2300 urbe
1204 2237 1316 2299 autam
1327 2248 1403 2299 con

284 2327 353 2396 dita
370 2327 590 2419 mdocoolxxi,
615 2330 789 2418 eompletis
814 2329 854 2400 ab
874 2330 1003 2416 origine
1021 2328 1133 2398 mundi
1152 2331 1250 2398 annis
1269 2347 1332 2397 sex
1348 2330 1404 2396 mi·
1432 2294 1437 2403 ι

282 2427 370 2494 libus
397 2426 649 2514 quadringentis
676 2427 792 2496 decem
819 2433 853 2497 et
879 2421 1030 2518 novem¹,
1056 2434 1184 2500 mortuo
1204 2425 1355 2496 Ottene
1346 2447 1401 2495 rm-

282 2533 447 2616 peratore,
473 2527 660 2596 Fridericus
685 2545 744 2604 rex
750 2528 1001 2617 ‚nonagesimo
1028 2527 1142 2640 quinto
1166 2527 1244 2596 loeo
1270 2526 1314 2596 ab
1337 2525 1402 2595 llu-

282 2627 412 2712 gusto
402 2644 436 2693 m
454 2643 560 2712 regno
579 2626 810 2715 confirmatuS,
829 2625 1049 2694 Franlrinvort
1066 2626 1188 2694 curiam
1205 2625 1338 2715 habuit,
1354 2624 1401 2692 ubl

282 2723 514 2794 commendate
534 2725 601 2794 filie
620 2743 682 2794 suo
699 2723 857 2793 Heinrico
875 2725 1095 2814 principibus,
1124 2731 1157 2792 et
1174 2724 1217 2792 ab
1237 2725 1287 2792 eis
1305 2725 1400 2792 licen·
1440 2789 1441 2818 ξ

171 2907 174 2914 Ι
283 2825 327 2891 tia
346 2830 495 2913 accepta,
512 2822 648 2892 llomam
665 2823 900 2913 proficiscitur,
919 2823 1031 2910 ibique
1049 2841 1069 2892 a
1085 2820 1234 2905 Romano
1253 2822 1399 2912 pontifice
1440 2873 1441 2888 2

281 2921 432 2991 Honorio
452 2929 485 2990 et
502 2923 591 2991 omni
610 2929 730 2991 senatu
747 2921 930 2990 honorifice
945 2926 1125 3010 susceptus
1139 2922 1173 2990 in
1187 2920 1277 2992 sesto
1295 2927 1398 2990 sancte

283 3019 406 3089 Cecilie
426 3017 520 3110 [nov.
540 3017 604 3112 22]
623 3023 657 3090 in
674 3022 903 3108 imperatorem
922 3026 1145 3090 consecratur.

355 3117 454 3187 Anno
469 3118 593 3188 domini
606 3120 773 3187 mccxxi.
782 3119 1018 3187 lamentabilis
1026 3136 1136 3187 rumor
1151 3123 1184 3188 et
1194 3113 1298 3188 ¹tristis
1317 3116 1398 3186 turba
1439 3207 1440 3210 Ἴ

282 3218 370 3286 οιιιι
388 3216 467 3284 orbe
486 3218 663 3286 christiano
682 3219 848 3307 insonuit,
866 3217 1051 3286 Damiatam
1074 3223 1137 3286 etc.
1439 3301 1440 3308 ἵ

354 3312 453 3384 Αιιο
472 3315 595 3385 domini
612 3318 792 3385 mccxxii.
815 3314 989 3384 Heinricus
1007 3317 1167 3404 septimus
1187 3315 1276 3384 lrlius
1292 3311 1397 3384 Fride-

281 3413 340 3482 rici
356 3415 565 3504 imperatoris
584 3414 694 3483 adbuc
710 3433 795 3502 puer
812 3421 1028 3484 consecratus
1044 3420 1096 3482 est
1108 3415 1143 3482 in
1158 3431 1275 3500 regem
1286 3411 1396 3500 Aquis·
1437 3441 1438 3470 ι

280 3515 376 3599 grani
394 3513 436 3580 ab
453 3513 647 3600 Engilberto
663 3511 857 3582 Coloniensi
874 3505 1128 3602 archiepiscopo
1147 3511 1314 3580 dominica
1331 3514 1395 3579 ante
1437 3537 1439 3608 ς

281 3612 515 3680 ascensionem
534 3611 676 3701 demini,
686 3612 824 3680 ‚seilicet
840 3612 896 3680 viii
913 3611 956 3680 id.
974 3613 1050 3680 maii
1070 3608 1153 3702 [mai
1172 3608 1226 3702 8].

353 3711 481 3780 Eodem
499 3729 588 3780 anno
606 3711 640 3778 ιιι
633 3709 729 3778 id.
719 3711 857 3778 ianuarii
875 3715 1075 3779 terremotus
1094 3727 1238 3797 magnus
1262 3707 1323 3777 init
1338 3705 1394 3773 Co-

188 3812 197 3833 ·
279 3807 370 3876 lonie
387 3809 469 3878 bora
486 3811 589 3898 prima
607 3808 747 3878 dioilo
769 3809 1007 3895 Langobardia
1025 3809 1130 3878 eciam
1148 3809 1225 3876 talis
1244 3812 1392 3876 terremo-

280 3911 334 3974 tus
353 3905 444 3974 luit
435 3926 510 3996 rpsa
536 3907 729 3976 dienatalis
748 3905 872 3976 domini
889 3925 948 3998 per
965 3906 1050 3976 duas
1069 3905 1276 3976 ebdomadas
1293 3901 1392 3992 queti-

1439 823 1442 870 ι

315 4080 346 4141 t]
315 4077 467 4134 illudam
483 4094 553 4132 anno
572 4087 694 4134 mortuus
712 4080 907 4134 estHeinricns
922 4077 1057 4134 secundus
1074 4079 1153 4134 istius
1170 4077 1227 4132 loci
1244 4075 1331 4140 abbas,
1338 4085 1391 4124 sut·

280 4147 649 4267 {ggqtaglqtrgiruawgqizurieus
673 4148 758 4201 irater
779 4147 900 4226 eiusdem
918 4147 971 4202 loci
992 4149 1027 4202 ist
1043 4146 1128 4202 bier
1120 4163 1147 4202 ιι
1165 4146 1216 4202 der
1232 4145 1273 4200 bs
1289 4148 1391 4215 querar
