2890 4832
375 265 413 312 nx
435 265 600 316 22222222
622 267 798 315 2222222222.
1082 239 1151 309 359

38 403 126 473 nullis
143 405 232 492 egris
248 405 294 474 ibi
310 411 458 520 optatam
474 406 711 522 recipientibus
736 408 921 476 sanitatem.
949 406 1150 478 constanter
1168 420 1234 475 2222

39 506 113 572 2222
139 506 317 592 speratur
307 523 416 594 22222
439 507 582 592 martyrii
599 508 723 596 premia
740 508 921 598 meruisse,
940 510 1019 596 quia
1036 510 1153 597 equis·

40 606 129 671 simus
146 602 249 672 index
266 611 300 674 22
318 609 496 674 strennuus
514 605 619 694 patrie
637 611 671 673 et
688 605 904 674 ecclesiarum
922 606 977 676 dei
994 605 1209 677 defensor

38 701 87 770 luit
110 708 143 770 et
166 721 228 790 pro
253 721 364 774 22222
388 704 542 773 occubuit
564 703 771 773 1222222222.
798 704 887 774 12222
911 713 1024 775 222222
1048 707 1153 778 eciam

39 801 99 870 eins
115 801 296 872 laudabilia
313 810 421 894 gesta,
440 809 474 872 et
490 821 607 892 pacem
628 803 843 872 firmissimam
862 804 1064 898 elaboravit,
1091 825 1154 876 ca·

37 907 126 968 strum
144 901 281 970 anunb
299 921 400 992 super
413 902 590 971 Mosellam
607 903 705 970 situm
719 902 890 972 latibulum
907 903 1092 994 predonum
1110 905 1153 974 ad

37 1000 196 1068 2222222
229 1001 436 1070 commodum
466 1001 682 1070 ecclesiarum
708 1008 742 1070 et
764 1005 869 1091 patrio
893 1005 1096 1093 comparavit
1119 1011 1154 1073 22

37 1098 167 1166 22212222
186 1098 381 1169 Coloniensi
400 1100 533 1189 reliquit
549 1099 800 1189 possidendum.
946 1159 950 1168 .

98 1197 199 1266 Cuius
224 1206 330 1268 morte
355 1199 469 1268 audita
492 1199 670 1268 Heinricns
695 1217 809 1269 comes
835 1199 877 1268 de
901 1200 1055 1271 Scuirinh
1072 1220 1152 1291 pro-

37 1297 157 1365 missum
176 1298 212 1365 in
228 1299 455 1385 resignatione
470 1300 561 1385 regis
573 1298 676 1368 Daoie
692 1304 817 1390 cassat,
832 1305 865 1368 22
878 1299 1043 1370 mediante
1059 1319 1152 1370 com-

37 1397 190 1483 positione
218 1403 252 1464 22
276 1399 422 1487 acceptis
445 1395 681 1477 obsidibuslet
706 1400 846 1488 copiosa
867 1403 1011 1488 2222222
1037 1419 1152 1488 rogem

37 1494 182 1585 absolvit,
202 1501 236 1564 et
253 1495 441 1566 absolutum
458 1498 612 1585 permittit
629 1496 672 1566 ad
689 1499 823 1586 propria
841 1515 998 1568 remeare.
1088 1533 1091 1537 ·

96 1594 218 1663 Postea
241 1597 318 1664 xvii.
345 1595 409 1664 kal.
428 1594 615 1664 decembris
638 1595 812 1679 Heinrious
838 1599 1028 1687 prepositus
1055 1597 1152 1665 Burr-

37 1694 135 1762 nensis
160 1695 298 1763 natione
328 1694 370 1763 de
394 1693 592 1764 Mulnarken
622 1697 788 1784 proiicitnr
814 1695 888 1764 sedi
912 1697 1055 1765 viduale.
1088 1694 1152 1777 Qui

38 1793 130 1858 statim
153 1800 236 1882 2222
260 1794 455 1862 2122222222
479 1795 514 1862 22
537 1793 716 1863 vindictam
735 1795 828 1863 22222
847 1797 899 1863 222
916 1798 1055 1886 piissimi
1072 1814 1152 1883 pre-

39 1888 215 1961 decessoris
234 1909 345 1962 coram
362 1891 525 1982 prioribus
543 1894 688 1982 prestitit
704 1893 938 1962 iusiurandum.
956 1895 1027 1963 Nec
1047 1896 1152 1979 longa

38 2007 113 2057 2222
128 1992 324 2082 intervenit,
343 2009 416 2060 222
434 1991 477 2060 21
494 1991 682 2061 mandatum
700 1991 850 2062 eiusdem
877 1993 975 2062 electi
992 2013 1012 2062 2
1032 1994 1151 2062 22222-

37 2087 68 2154 lis
88 2088 299 2158 Coloniensis
321 2091 466 2160 ecclesie
488 2096 632 2161 castrum
647 2091 812 2178 Isenberg
829 2091 1007 2162 obsessum
1028 2094 1062 2160 22
1084 2090 1151 2160 212-

39 2185 177 2256 ditionem
196 2195 371 2280 acceptum
390 2196 494 2258 estet
518 2190 592 2260 2212
614 2197 824 2279 coequatum.
850 2190 941 2262 ldem
966 2191 1086 2260 accidit
1107 2189 1149 2260 de

38 2286 211 2358 ciceastre
230 2287 381 2358 eiusdem
398 2290 527 2357 comitis
546 2288 636 2376 quod
652 2288 772 2359 dicitnr
784 2289 900 2360 Novus
916 2291 1015 2360 Pons.
1034 2292 1071 2359 ln
1088 2309 1150 2359 22-

37 2386 81 2452 tali
97 2385 218 2456 domini
236 2389 390 2476 sequenti
408 2387 580 2457 Cunradus
599 2389 791 2458 Portuensis
810 2392 989 2480 episcopus
1008 2395 1152 2478 aposto-

36 2482 86 2552 lice
102 2485 190 2555 sedis
208 2488 342 2574 legatus
361 2485 497 2555 advenit
515 2485 696 2578 Coloniam,
713 2489 770 2575 qui
788 2490 922 2557 terribili
939 2489 1149 2557 anathemate
1168 2523 1174 2530 ·

37 2582 182 2656 22222122
201 2585 280 2654 21122
298 2584 498 2654 Tridericum
520 2592 554 2655 22
573 2603 656 2656 2222
675 2587 855 2676 222212222
871 2588 1100 2677 prophanavit.

97 2682 192 2753 2222
211 2684 336 2753 domini
353 2687 544 2754 m.cc.xx.vi.
562 2684 732 2754 Honorius
750 2705 839 2776 2222
856 2686 898 2756 de
917 2687 1059 2756 consilio
1077 2685 1150 2756 222-

38 2783 106 2849 2222
122 2783 270 2870 1222222
283 2783 317 2852 22
332 2783 502 2852 Franciam
519 2785 615 2853 mittit
633 2791 695 2853 222.

97 2881 219 2951 llodem
230 2900 317 2952 2222
330 2883 507 2971 imperator
518 2883 705 2953 inidoneus
715 2884 922 2971 solempnem
932 2883 1054 2951 curiam
1066 2881 1149 2949 Cre·

38 2994 118 3047 2222
134 2981 251 3050 indicit
266 2999 326 3071 pro
343 2987 432 3050 22222
447 2983 575 3070 2222222
592 2982 803 3052 2222222212
822 2987 855 3050 22
870 2983 1016 3068 negotiis
1032 2985 1148 3048 sancte

38 3080 114 3146 22222
138 3076 189 3149 Ad
211 3098 310 3168 quem
325 3097 399 3148 cum
421 3082 513 3150 22222
535 3083 704 3171 222222222
730 3082 905 3150 Teutonici
922 3085 1148 3171 properarent,

39 3191 92 3244 una
106 3195 175 3248 222
199 3179 267 3248 2122
282 3179 489 3268 imperatoris
503 3198 583 3268 rege
602 3179 758 3250 Heinrico
777 3180 865 3270 apud
883 3181 1073 3249 Tridentum
1090 3195 1150 3267 222

40 3287 88 3342 222
40 3275 325 3348 shebdomadas
344 3285 595 3371 commorantur,
613 3299 681 3349 222
698 3280 850 3349 valentes
868 3279 1026 3369 progredi
1041 3295 1149 3366 prop-

41 3375 78 3438 ter
89 3375 297 3446 rebellionem
314 3376 575 3470 veronensium,
599 3381 655 3468 qui
673 3379 785 3447 clusas
809 3379 1051 3447 veronensium
1069 3383 1149 3444 2222

42 3474 244 3558 optinuerunt.
279 3475 420 3558 Quidam
446 3484 556 3546 autem
582 3478 749 3568 principes
776 3477 817 3546 de
842 3477 988 3546 Saxonia
1012 3477 1076 3544 alia
1093 3475 1148 3543 via

40 3585 87 3653 per
107 3570 267 3644 niustriam
294 3582 372 3644 2222
396 3575 439 3644 21
463 3578 694 3666 imperatorem
718 3577 873 3663 ingressi.
905 3574 976 3644 llex
999 3581 1146 3643 222222

42 3665 188 3764 Trideuto,
206 3693 276 3744 222
290 3675 367 3743 2222
391 3675 601 3792 imperatore,
622 3695 696 3745 222
716 3675 946 3765 principibus
936 3693 970 3742 m
988 3673 1148 3743 Aleman-

43 3766 113 3836 niam
127 3773 233 3843 inacte
251 3775 437 3862 revertitur;
463 3775 497 3843 in
523 3793 660 3863 quorum
680 3773 833 3843 discessu
852 3773 1042 3842 Tridentum
1061 3774 1146 3841 civi-

43 3867 82 3933 tas
97 3873 215 3941 casuali
232 3871 389 3942 incendio
408 3881 644 3943 concrematur.
676 3874 878 3963 Imperatore
897 3879 1006 3942 autem
1025 3891 1044 3941 a
1064 3872 1147 3941 Cre-

42 3977 122 4036 2222
136 3989 241 4084 22222
260 3970 303 4040 ad
321 3971 460 4059 burgum
479 3975 586 4042 sancti
603 3973 759 4042 Domnini
778 3972 991 4061 declinante,
1017 3973 1146 4041 22222-

45 4057 94 4130 122
114 4069 285 4160 222222222
312 4068 615 4163 Hildensemensis,
641 4073 696 4160 qui
715 4077 793 4141 2222
811 4071 904 4141 verbi
922 4074 1029 4141 222222
1049 4073 1146 4139 2222-

44 4163 125 4232 222222
149 4167 365 4260 fungebatur,
392 4172 742 4250 excommunicationis
767 4173 1001 4240 sententiam
992 4191 1026 4239 rn
1049 4170 1146 4238 Lon-

29 4259 184 4368 ¹gebardus
207 4270 395 4359 imperatori
418 4287 510 4339 2222
535 4271 668 4359 signato
687 4269 829 4339 rebelles
849 4271 939 4361 tulit,
967 4270 1147 4338 222222222-
