2916 4834
293 207 340 276 20
673 235 799 280 annates
821 233 1048 282 conunnrsnsus.

213 384 278 441 ross
296 372 452 442 tenbereb
468 375 636 442 virtuosus
660 372 743 442 obiit
757 378 835 442 ante
852 381 990 462 tempus.
1019 373 1224 442 Wernberus
1240 373 1405 461 arebiepis-
1437 374 1438 468 l

293 489 399 562 oopus
414 471 635 560 Magantinns
660 472 757 562 obiit,
781 474 837 561 qni
863 473 950 540 mille
971 474 1174 560 quingentas
1200 489 1325 540 mareas
1350 475 1405 542 suis
1437 497 1438 500 ¹

291 573 437 662 posteris
468 571 654 659 dereliquit.
696 570 821 640 Messis
851 571 1007 640 inoboata
1039 571 1099 640 luit
1131 571 1217 640 testo
1242 577 1406 640 sanatorum

290 671 378 740 Petri
402 677 436 738 et
457 671 547 739 Pauli
569 667 652 762 [iun.
671 669 747 757 29].
766 670 907 754 ¹Eodem
928 669 981 738 die
1000 673 1122 738 auriam
1141 670 1254 738 babuit
1279 688 1333 738 rex
1350 669 1406 737 lbr-

292 769 403 838 dolius
419 769 595 838 inBasilea
616 788 688 837 oum
706 769 814 855 gloria
832 769 1048 838 dominorum.
1075 769 1145 838 Rex
1161 769 1322 838 Rudnllus
1339 771 1406 835 airon

293 870 402 937 saneti
427 868 545 937 laconi
564 867 685 937 testum
706 869 779 956 [iul.
798 867 862 956 25]
891 867 1105 936 arvastinen
1131 870 1299 938 eivitatum
1320 868 1407 935 Wor-

292 969 423 1037 matiam
450 969 665 1060 oonvoeavit,
690 969 874 1036 iuramenta
899 969 1004 1056 primo
1031 967 1119 1037 laeta
1141 967 1338 1036 secundario
1363 986 1409 1054 per

291 1069 467 1136 iuramenti
486 1067 654 1135 vinculum
674 1067 889 1136 eonlnmavit.
921 1066 1127 1147 ltemirater
1147 1066 1322 1135 Heinrieus
1340 1083 1409 1134 eon·

291 1183 412 1235 versus
428 1167 460 1233 in
485 1165 700 1254 heremitam,
723 1169 779 1253 qni
800 1183 838 1233 se
852 1164 1051 1234 Friderieum
1064 1168 1296 1255 imperatorem
1317 1166 1408 1232 noni·

291 1267 393 1354 navit,
410 1267 561 1332 sentiens
579 1263 709 1333 Rudolb
729 1266 820 1350 regis
839 1263 1017 1332 adventum
1035 1283 1072 1334 se
1095 1265 1213 1334 eallide
1231 1263 1348 1333 dieitur
1360 1281 1409 1330 oe·

292 1365 449 1432 eultasse.
475 1363 556 1431 llem
580 1380 638 1431 rex
658 1360 864 1450 Arragonum
881 1363 997 1432 Petrus
1015 1366 1197 1454 prinoipem
1217 1363 1318 1432 tilium
1336 1363 1410 1447 regis

293 1462 403 1543 Caroli
425 1464 530 1552 cepit,
572 1467 605 1529 et
630 1480 673 1530 ex
709 1464 758 1531 eis
786 1461 1028 1532 multitudinem
1058 1463 1224 1533 bominum
1258 1460 1412 1530 interierit.

292 1563 381 1650 Papa
404 1560 603 1630 cardinalem
627 1561 773 1648 legatum
798 1563 833 1629 in
853 1561 1023 1630 Franeiam
1054 1565 1142 1632 misit
1165 1563 1222 1650 qui
1239 1561 1412 1630 elerieornn
1440 1607 1441 1652 ,

293 1679 332 1729 ae
348 1660 580 1746 religiosorum
597 1659 757 1728 decimam
776 1661 848 1747 regi
863 1659 982 1730 Carolo
995 1659 1121 1730 taceret
1132 1661 1328 1751 presentari.
1358 1657 1412 1725 Co-

293 1777 364 1827 mes
384 1757 591 1828 lieinbardus
621 1758 663 1827 de
679 1759 903 1849 Mrimpelgart
930 1765 996 1828 tres
1019 1760 1061 1828 de
1088 1761 1222 1830 eivibus'
1238 1759 1311 1829 suis
1332 1759 1413 1845 oepit,
1440 1811 1441 1818 ,

294 1860 351 1946 qui
365 1875 403 1926 se
421 1857 463 1926 de
492 1859 683 1946 captivitate
701 1877 774 1926 enm
791 1857 1011 1946 qnadraginta
1032 1859 1187 1928 librarum
1209 1858 1352 1927 millibus
1368 1874 1413 1923 re-

294 1956 475 2026 demerunt.
502 1956 572 2026 Rex
599 1955 762 2026 Rudnllus
790 1958 955 2026 civitatem
972 1958 1252 2049 Herbipolensem
1277 1955 1413 2026 obsidere
1441 2011 1442 2054 ,

294 2056 476 2144 voluisset;
503 2058 594 2124 aives
609 2061 720 2125 autem
741 2059 772 2124 ei
794 2074 856 2124 sex
880 2075 1059 2125 marearum
1079 2059 1208 2145 argenti
1229 2057 1335 2126 millia
1358 2063 1414 2122 lra-

295 2155 467 2245 diderunt,
497 2173 563 2243 qno
586 2173 660 2224 enm
680 2155 722 2224 ab
747 2157 796 2224 eis
818 2154 933 2243 lugere
953 2165 1147 2244 eoegerunt.
1181 2155 1253 2225 Rex
1273 2151 1414 2224 Rudnllus
1441 2149 1442 2154 ’

295 2253 513 2328 eirnaiestum
534 2257 641 2342 saneti
654 2254 785 2322 Martini
807 2254 901 2342 [nov.
921 2255 983 2342 lt]
1000 2258 1147 2345 quinque
1172 2261 1284 2325 eastra
1308 2254 1416 2322 seilicet

296 2351 481 2421 Waldeebe
510 2351 694 2442 predonum
724 2354 847 2422 Suevie
877 2371 950 2422 oum
979 2373 1101 2442 magna
1131 2355 1285 2444 potantia
1317 2351 1415 2420 dieitur
1442 2411 1443 2418 ,

296 2451 492 2542 obsedisse,
518 2470 559 2521 ea
576 2451 687 2520 subito
706 2454 839 2541 cepisse
860 2458 894 2520 et
915 2471 975 2542 per
999 2455 1189 2523 violentiam
1213 2453 1415 2522 destruxisse.

298 2551 458 2620 Dominus
488 2551 530 2619 de
553 2550 763 2620 Hubenstein
784 2551 970 2620 advooatus
997 2549 1123 2622 Alsatie
1148 2553 1296 2621 nastrum
1319 2549 1417 2619 Eehiro
1442 2547 1443 2554 ’

296 2655 450 2740 potenter
472 2649 623 2740 obsedit,
647 2651 680 2718 in
704 2651 820 2738 spaaio
846 2650 938 2718 brevi
962 2654 1119 2741 temporis
1147 2651 1369 2742 expugnavit,
1392 2651 1416 2711 et

296 2751 330 2818 in
355 2755 557 2838 potestatem
586 2749 650 2816 sibi
676 2749 843 2837 propriam
872 2747 1072 2839 deportavit,
1108 2749 1186 2820 ideo
1209 2767 1293 2818 vero
1320 2746 1418 2814 dieitur

297 2865 513 2937 expugnasse
529 2849 608 2934 quia
625 2865 728 2916 suum
753 2853 933 2932 eognaturn
954 2847 1142 2918 Jobannem
1163 2847 1205 2917 de
1225 2847 1361 2935 thire,
1376 2843 1418 2929 qni

298 2949 573 3032 eonsanguineos
596 2963 677 3015 snos
701 2946 826 3014 bonore
854 2965 893 3015 ae
911 2947 1034 3016 divitiis
1051 2948 1275 3036 precellebat,
1296 2941 1419 3013 trandu-

297 3045 405 3113 lenter
419 3043 619 3113 oeciderunt.
647 3045 790 3114 Postbee
804 3045 891 3114 idem
905 3046 1089 3116 odvooatus
1103 3045 1229 3116 Alsatie
1251 3063 1325 3113 oum
1343 3043 1420 3130 epis·

301 3144 377 3232 oopi
400 3140 656 3230 Argentinensis
675 3143 841 3212 adiutorio
862 3141 1087 3216 Oebsenstein
1115 3148 1256 3216 nastrum
1283 3147 1420 3233 potenter

301 3241 515 3332 expugnabat
544 3250 576 3311 et
603 3242 750 3312 funditus
780 3243 960 3313 evertebat
985 3246 1084 3316 Festo
1111 3249 1225 3313 sanate
1259 3240 1420 3310 Catharine

300 3341 424 3410 oeeidit
436 3347 558 3411 tentum
577 3342 704 3431 capelle
725 3344 871 3430 quesita
890 3352 942 3412 est
965 3363 1066 3433 supra
1086 3346 1199 3412 vineto
1219 3359 1327 3431 prope
1341 3336 1421 3406 Mor·

301 3441 435 3532 baeum,
458 3441 513 3508 ubi
536 3447 570 3508 et
585 3443 734 3529 primitus
747 3459 785 3508 se
802 3449 997 3530 reoeperant
1012 3444 1166 3512 monaehi
1183 3439 1420 3518 Morbaeenses,

302 3547 336 3608 et
351 3539 393 3610 ad
414 3557 511 3629 qoem
529 3539 639 3608 locum
658 3541 769 3608 omnia
783 3550 898 3608 eorum
914 3545 993 3610 sunt
1009 3543 1185 3631 privilegia
1203 3545 1237 3608 et
1253 3538 1420 3624 dignitates

190 3709 192 3713 .
301 3641 484 3728 impetrata.
512 3637 610 3707 Cives
630 3637 921 3708 Columbarienses
937 3641 1009 3726 regi
1025 3639 1168 3710 Rudolio
1191 3656 1260 3708 uno
1277 3653 1365 3720 anrro
1386 3632 1421 3698 li·

303 3737 433 3805 bravum
459 3739 593 3823 triginta
617 3737 717 3805 millia
747 3737 1018 3826 transmiserunt,
1052 3741 1118 3807 xvii
1146 3739 1278 3807 bal...
1325 3749 1421 3822 oppo-

305 3842 444 3904 suerunt
476 3853 513 3903 se
541 3835 833 3906 Columbarienses
860 3839 931 3923 regi
956 3835 1098 3908 Rudolio
1130 3839 1206 3926 quia
1237 3835 1422 3904 trieesiman

305 3952 413 4003 rerum
431 3952 563 4003 suarum
581 3935 645 4003 sibi
659 3935 738 4004 dare
756 3933 951 4010 noluerunt

308 4083 310 4090 Α
380 4033 598 4102 mammas.
633 4033 793 4103 Kalendis
819 4035 932 4122 aprilis
962 4035 1066 4103 abbas
1089 4031 1320 4100 Morbaoensis
1352 4027 1423 4094 aivi-

307 4137 407 4200 tatem
431 4149 525 4200 suam
541 4131 708 4201 Gobvvilre
733 4133 873 4201 latenter
896 4135 1002 4223 oepit,
1027 4142 1061 4202 et
1081 4149 1135 4200 res
1159 4137 1193 4199 et
1219 4147 1334 4199 eorum
1356 4142 1424 4192 nor-

306 4247 389 4320 pora
415 4232 449 4298 in
470 4235 573 4299 lotum
596 4232 801 4302 eonlrseavit.
834 4231 958 4299 Civitas
979 4231 1213 4317 Friburgensis
1230 4231 1264 4298 in
1285 4221 1425 4294 Ollandia
