2886 4834
386 239 550 288 cuaornccn
572 239 779 286 counrarrusu.
1105 215 1148 280 77

42 379 184 448 scultetia
202 395 341 466 corpore
358 395 426 446 non
443 395 607 466 separare.
638 375 709 444 ilex
725 377 901 445 scultetum
924 378 1044 448 vilibus
1066 399 1145 469 per·
1166 391 1231 446 lass

44 480 118 548 sonis
136 479 320 567 committit,
337 475 430 546 iubet
447 483 484 544 ut
502 483 572 544 rote
593 477 781 564 imponatur
802 481 835 543 et
856 481 981 564 pertice
995 480 1151 567 imposita

44 580 67 644 in
82 577 191 644 castris
209 583 242 644 ct
260 576 448 644 civitatibus
470 577 632 664 erigatur,
651 593 691 642 ao
709 576 758 644 sic
777 575 1039 646 circumducatur
1055 585 1092 646 ut
1108 579 1150 646 ab

44 677 112 742 omni
134 675 256 763 populo
282 674 451 761 videatur3
474 681 551 762 post
573 691 747 762 vesperam
767 672 954 761 deponatur
979 683 1011 743 et
1033 683 1150 746 ensto-

12 855 13 860 ,
44 773 128 842 datur
142 775 174 840 in
192 775 300 862 cippo.
322 773 515 861 Martyrium
530 777 601 840 rote
617 775 763 859 requiem
777 773 960 860 reputabat.
982 774 1150 844 Custodes

43 891 98 939 enm
119 873 223 940 multis
254 873 463 942 contumeliis
488 871 686 958 allecorunt3
719 889 762 939 ex
786 888 900 940 eorum
928 873 1047 960 cyphis
1076 893 1151 942 oum

12 1055 13 1066 χ
44 971 334 1040 biberenoluerunt.
361 971 431 1040 Rex
453 969 564 1056 bigam
589 971 692 1059 misit,
715 976 751 1038 ut
768 971 944 1038 scultetum
962 971 1005 1040 ad
1030 989 1068 1041 se
1089 973 1151 1040 de-

12 1143 13 1146 ,
44 1069 185 1137 ducerent.
214 1069 421 1137 Vestimenta
440 1070 571 1138 sculteti
591 1076 624 1136 et
640 1075 744 1138 rotam
760 1068 838 1154 bigo
856 1070 1095 1158 imposuerunt,
1119 1079 1152 1140 et

12 1203 13 1256 ,
44 1168 151 1236 eumad
172 1168 285 1254 bigam
307 1168 441 1254 ligatum
465 1185 595 1236 currere
609 1175 687 1256 post
708 1185 782 1235 eam
796 1174 989 1254 coegerunt.
1015 1169 1150 1237 Manum

12 1291 14 1354 p
44 1269 96 1334 eius
106 1268 137 1334 in
151 1267 286 1336 modum
302 1268 476 1336 iurantium
489 1266 533 1334 ad
550 1267 694 1354 stipitem
707 1267 912 1357 ligaverunt,
926 1273 962 1335 ut
977 1268 1150 1354 significa-

12 1383 14 1456 t
44 1373 98 1432 rent
112 1383 180 1433 eum
203 1369 320 1455 sepius
338 1368 519 1454 peierasse.
546 1366 643 1433 Pater
666 1366 763 1433 buius
780 1363 889 1433 dictus
909 1372 961 1434 est
975 1365 1150 1434 lohannes

44 1463 229 1554 libsselman,
267 1466 372 1534 eciam
409 1466 571 1533 scultetus
600 1463 899 1552 Columbariensis3
929 1483 1012 1532 avus
1041 1471 1150 1534 autem

13 1595 14 1620 2
45 1563 127 1632 dictus
149 1570 200 1632 est
218 1564 412 1632 Waltberus
429 1563 642 1653 lidsselman,
662 1561 703 1631 de
725 1562 844 1650 quibus
866 1581 975 1652 supra.

13 1723 14 1736 ς
97 1661 159 1730 Rex
178 1681 254 1730 oum
280 1665 426 1732 exercitu
452 1661 494 1730 ad
518 1662 636 1730 Gemer
664 1661 891 1750 proficiscitur.
923 1662 1085 1731 Dominus
1107 1663 1150 1732 de

45 1758 223 1848 ilapcltstein
241 1769 276 1830 et
292 1763 347 1830 alii
363 1762 450 1850 capti
464 1779 531 1829 una
546 1761 728 1852 ducuntur,
746 1759 902 1829 iudicium
925 1768 1148 1853 exspectatur,

45 1859 169 1945 precibus
195 1860 405 1929 dominorum
425 1860 581 1928 iudicium
604 1859 760 1927 dillertnr.
787 1858 853 1926 Res
874 1858 998 1928 domini
1020 1859 1061 1928 de
1082 1859 1149 1930 Ra-

45 1958 173 2044 poltstein
186 1960 422 2048 intrespartes
441 1957 640 2048 dividuntur,
658 1977 794 2046 quarum
812 1976 879 2025 una
894 1957 1029 2027 domino
1043 1959 1149 2027 Hein-⁴

45 2057 108 2146 rico,
124 2059 224 2126 altera
251 2058 318 2127 lilio
344 2057 471 2146 iratris,
494 2059 629 2126 terciam
653 2059 726 2146 ipse
751 2059 785 2125 in
804 2075 897 2125 suam
918 2058 1064 2126 traheret
1080 2076 1149 2146 po-

45 2158 177 2224 testatem.
203 2153 258 2224 Ob
277 2157 311 2224 id
327 2155 469 2225 heredes
487 2175 584 2225 omne
602 2158 654 2224 ius
673 2157 706 2223 in
727 2157 864 2224 demere
882 2163 916 2223 et
932 2155 1148 2224 hereditatem
1164 2229 1168 2236 ,

44 2253 67 2318 in
81 2257 192 2340 regiam
209 2260 412 2344 potestatem
429 2255 642 2324 tradiderunt.
669 2253 756 2322 inira
772 2261 922 2324 octavam
938 2257 1045 2324 sancti
1056 2255 1148 2323 Mar-

45 2351 86 2417 tini
104 2349 189 2442 [nov.
208 2352 273 2445 18]
294 2353 447 2422 dominos
470 2353 512 2422 de
534 2353 742 2442 Rapoltstein
761 2357 795 2422 in
816 2373 902 2442 equo
926 2359 1100 2422 catenatus
1116 2361 1149 2422 et

15 2527 16 2538 χ
45 2451 150 2534 triginta
168 2453 222 2521 vel
243 2453 384 2542 amplius
414 2455 502 2521 servi
525 2453 656 2522 duobus
686 2453 835 2522 curribus
861 2453 954 2538 ligati
976 2453 1148 2521 duceban-

16 2624 17 2632 ἶ
45 2553 88 2614 tur.
111 2549 183 2618 Cum
197 2551 352 2620 dominus
370 2550 629 2640 chapoltstein
645 2551 885 2620 Columbariam
898 2554 1052 2620 transiret
1068 2551 1148 2619 iletu

46 2651 68 2710 et
86 2649 194 2718 eiulatu
222 2650 334 2720 cordis
362 2649 510 2719 dolorem
535 2657 568 2718 et
595 2649 842 2718 amaritudinem
867 2648 1045 2718 indicabat.
1071 2647 1147 2717 Du-

15 2767 17 2836 3
47 2751 136 2814 cuntur
146 2749 326 2839 Brisaoum,
342 2749 418 2817 bino
437 2750 470 2816 iu
485 2756 629 2818 castrum
645 2749 765 2817 Suevie
779 2739 947 2816 Achaim.¹

15 2867 16 2928 }
99 2843 155 2914 llic
182 2853 320 2916 matrem
345 2847 458 2915 babuit
487 2847 585 2916 iliam
610 2849 741 2915 comitis
767 2846 809 2915 de
834 2845 999 2938 broburg,
1022 2852 1147 2935 patrem

15 2939 17 2959 ”
48 2951 194 3026 cognatum
218 2945 345 3014 domini
367 2945 409 3014 de
424 2946 674 3035 blankenberg‚
694 2947 797 3015 virum
826 2945 993 3033 pulobrum
1019 2945 1147 3032 largum

48 3040 130 3108 mitem
151 3043 331 3132 benignum
355 3046 443 3114 omni
465 3045 565 3113 laude
589 3045 741 3132 dignum,
767 3043 821 3112 bic
844 3045 974 3113 iuvenis
1003 3047 1146 3114 moritur.

50 3133 130 3207 llater
147 3139 204 3210 luit
216 3145 321 3228 longa
339 3160 478 3232 corpore
488 3196 497 3231 ,
512 3142 597 3212 iacie
614 3143 766 3232 pulobra,
785 3143 875 3210 crine
889 3141 1048 3233 candido,
1061 3161 1146 3212 voco

49 3230 126 3326 dulci,
150 3242 293 3331 amabili,
311 3241 443 3309 deeora.
470 3241 541 3310 Hee
557 3261 631 3310 cum
651 3242 747 3310 bonis
763 3242 833 3308 suis
856 3257 894 3308 se
908 3241 950 3309 ad
967 3242 1147 3310 claustrum

49 3328 180 3406 llioornm
208 3357 312 3428 prope
338 3339 548 3408 Sobalbusen
578 3341 758 3431 transtulit,
791 3341 888 3406 vitam
920 3339 1042 3408 ibidem
1072 3358 1145 3407 cum

15 3512 16 3540 χ
49 3436 145 3502 sanctis
161 3439 343 3524 virginibus
362 3440 612 3507 consummavit.
638 3439 751 3507 Filiam
770 3437 883 3506 babuit
899 3439 1039 3526 unicam,
1061 3437 1145 3504 ilios

14 3543 16 3604 ἴ
49 3531 164 3619 quinque
181 3537 365 3623 elegantes.
393 3537 519 3604 Primus
537 3536 683 3606 dominio
706 3538 791 3604 male
814 3535 951 3625 preioit,
976 3534 1145 3603 secundus

49 3639 105 3695 mro
123 3635 222 3723 peior,
246 3637 369 3704 tercius
389 3637 452 3705 iste
472 3631 675 3704 Ansbelmus
696 3635 897 3724 presidebat.

101 3727 240 3800 Habebat
260 3734 445 3822 plerunque
469 3735 602 3821 triginta
626 3733 813 3802 balistarios
822 3786 832 3823 ,
859 3733 1009 3800 bomines
1030 3739 1145 3820 tyran-

14 3841 15 3900 }
49 3836 105 3911 tls,
124 3830 234 3914 quibus
250 3833 378 3901 vicinos
398 3849 480 3900 suos
498 3834 643 3919 graviter
659 3831 802 3900 ledebat.
829 3829 966 3920 Recepit
982 3831 1067 3898 enim
1080 3831 1146 3899 bo-

14 3971 15 3976 ,
51 3920 127 3992 mines
142 3945 213 3996 aere
232 3937 389 4016 gravatos
405 3932 532 4018 alieno,
551 3937 583 3998 ct
603 3932 635 3998 in
659 3931 779 3998 malitia
799 3929 1003 4019 obstinatos,
1029 3929 1145 3998 dicens
1185 3993 1187 4000 .

52 4021 116 4099 llud
130 4042 239 4095 seruus
256 4029 382 4118 babens
397 4031 537 4098 animam
561 4047 770 4116 nequaquam
792 4029 854 4096 sibi
872 4029 995 4096 servire
1018 4035 1145 4116 posset.

14 4111 15 4159 l
52 4107 86 4180 Ob
100 4119 127 4186 id
140 4121 217 4194 deus
237 4127 371 4196 abstulit
393 4125 425 4195 ei
450 4145 572 4218 corpus
589 4145 644 4195 res
662 4128 800 4213 gloriam
820 4133 853 4194 et
868 4125 1037 4195 bonorem.
1062 4127 1145 4193 Tre-

14 4228 15 4276 l
75 4225 96 4288 ¹]
111 4227 203 4286 teleto
220 4234 322 4303 druclr,
340 4234 471 4291 Achelem
489 4235 529 4289 bs.
