2888 4824
653 217 816 266 cultolllcoll
837 215 1064 266 sunnonem

204 369 269 426 saar
287 354 563 442 havelbergense
597 373 637 426 ao
668 355 849 442 Peregrino
879 355 1016 444 antiquo
1051 353 1228 441 Pragense.
1270 351 1431 424 Aderant

285 457 384 526 etiam
411 455 520 525 eidem
545 455 791 526 consecrationi
816 451 1024 524 Hermannus
1050 453 1256 540 lantgravius
1278 461 1315 524 et
1338 455 1411 524 Ber·
1430 483 1433 534 r

285 555 397 625 toldus
415 571 529 623 eomes
554 553 597 623 de
614 551 838 624 Hennenhero
864 572 938 623 eum
961 554 1080 622 noteris
1105 553 1280 622 eomilibus
1306 573 1347 622 ao
1362 556 1433 630 ini

284 671 454 724 nummera
472 653 571 742 plebe
588 659 723 742 propter
739 652 980 739 indulgentiam
996 653 1064 722 illio
1081 659 1300 740 congregata.
1318 645 1330 688 ¹
1432 685 1433 728 r

358 753 433 822 lloo
450 771 539 824 anno
557 752 657 822 irater
669 751 837 822 Jordanus
851 753 1009 840 magister
1021 751 1148 820 ordinis
1162 751 1410 840 Predioatorum,
1432 781 1433 824 l

284 851 390 944 pridie
414 850 490 920 idus
513 851 668 920 februarii
699 847 783 942 [leh.
810 843 874 942 12]
899 853 934 920 in
959 849 1201 920 mediterraneo
1225 852 1307 920 mari
1334 852 1433 927 suh-r

284 969 425 1040 mersus,
442 952 476 1020 in
494 956 579 1020 terra
597 957 714 1020 sanota
730 951 913 1020 honorilice
931 951 1083 1039 sepultus
1101 954 1162 1020 est.
1267 1013 1270 1016 .
1432 983 1433 1027 r

359 1047 436 1120 lloo
452 1051 556 1120 oolam
574 1068 662 1120 amno
680 1049 864 1139 Euphordie
891 1055 1119 1120 eonsummata
1145 1053 1199 1118 est
1215 1049 1410 1136 aquilonaris
1432 1083 1433 1096 1

285 1150 384 1219 turris
411 1149 556 1220 eoolesie
583 1149 694 1218 heata—
708 1150 873 1240 virgime,
904 1148 973 1218 lere
998 1153 1075 1238 post
1099 1148 1433 1218 eonsummationenr

284 1247 438 1320 australis
457 1250 636 1319 interieotis
655 1249 854 1336 trigintasex
871 1249 979 1318 annis.

357 1345 456 1418 Anno
481 1347 605 1420 domini
629 1339 898 1420 m.oo.xxx.viii.²
919 1349 953 1418 vi
978 1345 1054 1416 idus
1084 1345 1154 1414 iulii
1186 1343 1271 1412 obiit
1297 1342 1411 1432 Sophia
1432 1379 1433 1426 r

285 1452 390 1516 mater
414 1447 559 1517 Heinriei
583 1448 762 1534 lantgravii
787 1449 822 1515 in
845 1445 999 1538 Isonaoh,
1026 1462 1067 1514 ao
1093 1445 1127 1514 in
1154 1444 1303 1514 eeclesia
1326 1443 1433 1526 heaut

284 1545 460 1616 catharina
478 1548 610 1636 sepulta
628 1553 690 1616 est.

357 1643 431 1714 Hoo
448 1663 537 1715 anno
554 1663 669 1716 mense
687 1644 852 1715 februario
878 1646 912 1714 in
930 1643 1074 1714 marohia
1092 1641 1232 1712 Slirensi
1249 1640 1351 1711 Nova
1366 1639 1410 1708 Ci-
1428 1675 1433 1724 p

283 1744 385 1813 vitate
402 1744 578 1823 Heinrieus
592 1745 772 1832 Thuringie
790 1745 998 1831 lantgravius
1012 1759 1161 1814 sororem
1176 1740 1273 1812 duois
1283 1740 1410 1810 Austris
1426 1779 1433 1823 r

284 1843 473 1916 sihiiunxit
490 1845 780 1914 matrimonialiter.
1426 1877 1433 1929 p

357 1940 432 2012 Hoo
449 1961 538 2032 anno
556 1942 666 2012 adhue
692 1945 807 2013 elaolis
825 1943 889 2012 illis
908 1941 1040 2012 dnobus
1054 1939 1236 2030 prepositis
1249 1936 1408 2025 Magder-
1432 1959 1433 2024 l

284 2041 520 2132 burgensibus,
531 2040 668 2112 Alherto
682 2043 839 2112 videlieet
853 2047 887 2110 et
902 2042 1067 2129 Brnnone,
1081 2041 1167 2107 inter
1178 2055 1216 2106 se
1227 2038 1408 2124 oonlligen·
1432 2077 1433 2122 r

284 2141 385 2231 tibus,
409 2142 559 2212 neoullo
577 2143 718 2222 oonsilio
736 2142 792 2215 vel
809 2141 939 2229 arbitrio
958 2139 1164 2228 cedentibus,
1184 2138 1330 2225 eontigit
1346 2154 1408 2204 ser·
1426 2166 1433 2233 p

284 2258 348 2309 vos
367 2242 530 2310 Brnnonis
556 2242 591 2309 in
607 2241 815 2329 Magdeburo
845 2246 1019 2310 manentes
1045 2237 1087 2308 ad
1114 2242 1261 2307 oastrum
1279 2238 1433 2354 vioinunp

284 2339 319 2408 in
338 2357 404 2426 quo
421 2339 590 2429 prediatus
608 2341 797 2410 morabatur
822 2339 962 2410 iusidias
987 2355 1112 2428 ponere
1139 2354 1180 2405 ao
1203 2335 1344 2424 prodam
1361 2352 1407 2402 ue·
1426 2364 1433 2423 p

284 2439 370 2526 nari;
390 2457 476 2526 quos
490 2440 564 2528 ipse
581 2438 731 2526 fugando
748 2445 946 2528 persecutus
964 2435 1131 2524 usquead
1149 2451 1261 2504 muros
1281 2435 1407 2504 eivitatis
1426 2442 1433 2524 p

285 2556 387 2608 unum
405 2557 447 2608 ex
465 2540 514 2608 eis
533 2540 677 2626 graviter
694 2539 888 2608 vulneravit.
929 2535 1026 2619 Quod
1044 2535 1164 2604 videns
1186 2535 1326 2622 quidam
1341 2551 1405 2622 par-
1432 2573 1433 2620 p

285 2637 329 2706 tis
354 2636 513 2729 adverse,
545 2644 639 2708 stans
665 2641 700 2708 in
717 2655 829 2727 muro,
853 2639 1007 2724 sagittam
1026 2635 1163 2723 direxit,
1190 2651 1231 2701 ao
1247 2631 1405 2704 Alhertun
1432 2671 1433 2742 p

284 2735 450 2808 lethaliter
472 2738 668 2808 vulneravit.
695 2735 759 2818 Qui
782 2755 859 2806 mox
883 2737 990 2806 aooito
1016 2733 1211 2804 consessore
1238 2732 1403 2802 oonlessus
1430 2771 1433 2820 p

285 2853 327 2905 ao
344 2835 522 2908 doinnotus
541 2844 594 2906 est
610 2857 641 2905 v.
658 2836 734 2908 idus
753 2837 858 2906 martii
877 2833 983 2927 [minz
998 2831 1073 2925 ll].

358 2933 433 3005 Hoo
450 2955 539 3006 anno
558 2937 646 3006 eirea
670 2935 866 3006 dominicam
888 2935 1009 3004 Latara
1029 2929 1134 3023 [marn
1153 2926 1218 3020 ll]
1240 2925 1401 3014 Mogunti-

285 3050 349 3102 nus
367 3043 519 3124 exparte
536 3036 836 3124 imperiiprinoipes
847 3033 1010 3103 Teutonie
1025 3028 1189 3119 purosdam
1202 3025 1402 3116 llrphordiam

285 3132 455 3202 oitaverat.
482 3132 555 3214 Quo
580 3134 657 3203 dum
681 3135 792 3203 nullus
816 3134 975 3202 laieorum
1000 3130 1184 3220 prinoipum
1207 3127 1403 3216 pervenisset

285 3247 350 3299 meo
367 3234 602 3322 episooporum
620 3235 769 3323 exeeptis
782 3231 1068 3302 Halberstadomse
1087 3225 1403 3298 etHildesheimense

286 3330 475 3423 episeopis,
503 3340 663 3423 suspeota
680 3331 887 3420 quorundam
904 3332 1087 3420 prinoipum
1113 3326 1321 3414 conspiratio
1338 3339 1401 3392 oon-

285 3430 334 3498 tr'a
358 3433 588 3520 imperatorem
614 3431 784 3500 declarata
810 3430 880 3500 luit.
922 3429 1048 3499 Ibidem
1082 3428 1187 3496 eeiam
1210 3425 1247 3492 in
1275 3420 1402 3492 eeclesia

284 3529 374 3599 heati
391 3531 476 3600 Petri
494 3529 703 3620 supradiotus
721 3529 1020 3600 Hildesheimensis
1038 3545 1080 3596 ex
1097 3523 1252 3594 mandato
1270 3523 1401 3609 Magnu-

284 3629 345 3697 tini
363 3631 420 3700 xiii
444 3631 508 3700 hal.
527 3631 638 3719 aprilis
663 3627 768 3721 [mdrz
787 3627 851 3722 20]
880 3628 1015 3698 ordinas
1039 3624 1228 3695 eelebravit.
1262 3622 1342 3692 Post
1356 3619 1402 3685 heo

284 3728 372 3796 idom
390 3729 610 3818 Mogontinus
637 3729 801 3798 dominioa
823 3729 1004 3818 palmarum
1025 3721 1216 3817 [11111128]
1243 3718 1399 3809 moguntie

286 3826 479 3898 Curiensom
498 3829 709 3898 oonseoravit
730 3828 934 3918 episeopum.

320 3967 351 4032 l)
370 3967 560 4036 Hermolaus,
584 3967 729 4023 Bertoldus
756 3967 813 4022 und
835 3973 947 4088 propper
971 3995 1004 4006 —-
1028 3969 1191 4032 congregata
1214 3959 1284 4014 habe
1306 3957 1347 4012 iah
1364 3965 1398 4006 aut

286 4033 468 4117 tindenncod.
486 4035 552 4108 dipl.
573 4041 788 4118 1511113111.
833 4039 867 4158 23
911 4049 944 4088 oo
961 4049 1032 4088 anno
1054 4031 1100 4086 hat
1117 4029 1178 4084 hier
1195 4027 1344 4092 schannat,
1358 4034 1399 4073 vill

285 4101 328 4156 roh
346 4102 501 4169 abandorte,
529 4105 593 4159 well
616 4104 673 4160 aroh
699 4120 749 4160 aus
766 4103 827 4157 dem
869 4103 945 4156 hron.
964 4100 1096 4171 Sampetr.
1117 4098 1171 4154 und
1189 4097 1292 4178 apdern
1310 4089 1397 4166 quello

286 4170 461 4294 pppppeisan
479 4171 553 4239 lissi,
572 4173 635 4228 dass
652 4173 696 4227 die
724 4189 780 4228 nun
804 4170 949 4242 folgenden
966 4167 1123 4226 thalsaohon
1145 4168 1187 4221 ins
1208 4165 1269 4220 rahr
1288 4166 1350 4218 1238
1362 4172 1397 4227 ge·
