2884 4834
246 142 317 212 let
617 169 744 217 tirannus
767 169 1002 216 wocurrmusrs.

164 322 230 377 lert
249 311 422 378 inlabatur.
449 310 520 377 Hiis
547 309 634 376 enim
658 308 937 397 promissionibus
965 314 997 376 et
1015 304 1295 393 suggestionibus
1314 303 1382 371 do-

244 412 351 478 minus
370 427 457 497 papa
470 427 490 476 a
503 407 600 476 dictis
619 408 884 496 archiepiscopis
899 407 941 474 ad
956 407 1019 474 boc
1033 405 1189 474 inductus
1205 411 1269 492 est,
1289 403 1381 490 quod
1436 421 1437 464 r

245 511 354 578 statim
379 509 413 574 in
438 527 523 575 cena
548 500 698 574 Domini¹
725 524 798 573 cum
817 507 928 575 divina
945 508 980 573 in
996 504 1164 590 Lugdunc
1183 503 1381 589 celebraret,
1436 521 1437 534 ¹

245 607 413 676 dominum
436 609 665 694 imperatorem
692 605 919 694 sollempniter
944 612 976 672 et
1000 622 1109 672 coram
1138 604 1228 671 omni
1254 602 1382 690 populo
1435 619 1437 664 r

246 707 563 775 excommunicatum
586 711 651 771 tam
669 722 689 771 a
706 703 949 792 predecessore
976 721 1037 773 suo
1058 702 1197 771 'domino
1218 701 1382 786 Gregorio
1436 755 1437 764 ,

246 823 345 893 quam
370 804 410 871 ab
435 805 509 892 ipso
535 802 667 891 publico
693 801 909 873 denuntiavit.
943 803 1139 890 Superque
1164 801 1330 889 perterriti
1349 805 1383 866 et
1436 821 1437 864 r

246 897 395 971 admirati
415 909 492 970 sunt
509 904 665 970 universi.
692 899 763 968 Hiis
789 920 868 971 vero
887 903 1032 990 peractis
1052 901 1160 968 statim
1178 899 1221 968 ad
1244 916 1308 966 sua
1328 917 1383 965 rc-

246 1003 334 1071 versi
359 1008 437 1068 sunt
460 1001 702 1088 archiepiscopi
725 1004 894 1069 memorati
913 1007 946 1069 et
963 1019 1022 1089 per
1039 1005 1140 1068 totam
1158 999 1383 1066 Tbeutuniam
1436 1011 1437 1064 l

247 1119 446 1188 quecunque
465 1107 619 1188 poterant
636 1099 722 1166 mala
739 1101 929 1188 imperatori
946 1106 1085 1167 tractare
1098 1097 1206 1167 modis
1223 1097 1382 1164 omnibus
1436 1121 1437 1165 r

247 1199 472 1289 conabantur,
491 1204 690 1287 temptantes
710 1200 814 1266 eciam
832 1199 956 1287 ubique
974 1199 1030 1267 ubi
1049 1216 1162 1284 regem
1185 1213 1383 1284 supereum
1436 1227 1437 1254 r

246 1304 388 1387 possent
406 1299 565 1366 invenire.
1436 1321 1437 1365 r

155 1408 158 1416 ·
319 1393 418 1463 Anno
436 1414 518 1464 vero
538 1395 660 1464 domini
679 1397 844 1465 m.ce.xl.v.
870 1398 1020 1486 proxima
1037 1395 1200 1463 dominica
1219 1399 1299 1482 post
1317 1411 1382 1459 na-

248 1497 405 1564 tivitatem
432 1496 580 1581 gloriose
606 1497 744 1581 virginis
768 1497 873 1564 illaria
894 1492 997 1586 [sept.
1018 1492 1081 1586 lo]
1102 1511 1219 1562 omnes
1238 1499 1304 1560 tam
1325 1493 1382 1558 vi·
1436 1521 1437 1564 r

247 1595 325 1662 carii
344 1612 440 1680 quam
459 1594 668 1681 parrochiani
688 1595 785 1662 simul
804 1601 976 1662 tacuerunt
990 1594 1102 1662 divina
1118 1611 1186 1660 non
1201 1592 1383 1660 celebran-
1436 1658 1437 1666 χ

248 1700 318 1782 tes,
348 1700 490 1780 excepto
517 1693 590 1760 solo
618 1692 752 1762 domino
778 1693 931 1762 Conrado
959 1691 1000 1761 de
1026 1699 1143 1760 sancta
1167 1691 1293 1780 Crucn,
1324 1691 1382 1777 qui
1436 1702 1437 1766 l

247 1799 357 1860 tamen
375 1793 408 1858 in
425 1793 573 1880 proxima
591 1793 761 1861 nativitate
781 1792 903 1860 domini
922 1794 1025 1860 eciam
1045 1810 1117 1860 cum
1141 1791 1213 1858 allis
1232 1791 1346 1856 tacuit.
1436 1802 1437 1806 ’

321 1888 420 1958 Anno
447 1891 615 1958 mccxlv.
635 1891 748 1959 Simon
766 1891 808 1958 de
827 1891 1079 1976 Sobowenberg
1098 1890 1287 1978 composuit
1305 1907 1383 1955 cnm
1436 1921 1437 1965 r

249 1988 556 2058 Wormaoiensibus
582 1990 764 2058 seeundum
792 1992 963 2058 consilium
991 1989 1114 2058 domini
1139 1987 1295 2056 Friderioi
1315 2005 1383 2054 co·
1436 2029 1437 2050 r

248 2089 335 2154 mitis
362 2087 402 2155 dc
429 2088 613 2177 Liningen‚
646 2088 768 2156 domini
794 2089 933 2178 Pbilippi
958 2087 1000 2158 de
1024 2086 1225 2177 Hebenlels‚
1254 2085 1383 2154 domini
1436 2121 1437 2163 2

248 2186 387 2274 Philippi
405 2185 446 2254 de
464 2187 679 2255 Falbenstcin
698 2206 738 2256 ac
752 2187 876 2256 domini
893 2186 1037 2256 Conradi
1053 2187 1178 2255 Hirsuti
1198 2187 1330 2255 comitis
1350 2192 1384 2252 et
1436 2225 1437 2236 2

249 2283 678 2374 mmmmmmm

322 2383 491 2452 Excessus
510 2383 629 2452 Jacobi
647 2387 756 2454 militis
776 2385 817 2454 de
835 2385 962 2475 Lapide
982 2386 1038 2473 qui
1055 2403 1144 2452 nunc
1162 2385 1185 2452 ii
1204 2383 1246 2452 de
1264 2380 1381 2466 Ober-
1436 2435 1437 2460 2

249 2483 336 2550 stein
354 2481 520 2550 dicuntur:
548 2483 708 2552 Dominus
728 2488 908 2574 episcopus
927 2485 1130 2574 deposuerat
1152 2501 1227 2551 eum
1245 2488 1383 2570 propter
1436 2543 1437 2558 ξ

248 2579 396 2650 incudem
414 2599 512 2668 quam
530 2581 655 2650 iecerat
674 2585 715 2673 ei,
734 2583 910 2672 deponens
928 2584 1080 2652 hommes
1098 2599 1180 2651 suos
1199 2581 1241 2650 de
1259 2581 1381 2650 eodem
1436 2631 1437 2636 ,

249 2687 360 2748 castro
387 2680 522 2768 quando
549 2679 703 2750 dominus
730 2685 910 2771 episcopus
938 2690 1056 2771 captus
1083 2681 1144 2748 luit
1168 2700 1188 2748 a
1211 2679 1380 2748 Romanis.
1436 2723 1437 2732 κ

248 2777 397 2847 lacobus
430 2798 527 2870 vero,
562 2781 681 2849 volens
712 2783 875 2850 innocens
903 2799 998 2872 esse,
1024 2781 1153 2848 restitui
1166 2771 1379 2868 postulabat.
1436 2825 1437 2854 2

249 2876 410 2945 Dominus
430 2880 609 2967 episcopus
629 2881 748 2948 timens
768 2882 891 2949 maiora
908 2881 972 2948 bec
991 2881 1054 2948 sibi
1070 2879 1138 2947 beri
1157 2879 1304 2946 totaliter
1322 2896 1379 2945 re·
1436 2925 1437 2928 ,

249 2975 398 3042 cusabat.
424 2977 466 3044 Et
482 2977 631 3046 lacobus
650 2977 816 3046 dominum
835 2980 1030 3068 episcopum
1047 2997 1086 3047 ac
1104 2995 1186 3048 suos
1205 2979 1237 3044 in
1258 2977 1377 3064 quibos

249 3079 380 3162 poterat
397 3075 574 3144 molestare
593 3095 660 3146 non
679 3077 875 3146 desistebat.
901 3077 1033 3146 Accidit
1049 3085 1158 3146 autem
1177 3095 1252 3144 cum
1270 3075 1377 3144 domi·

249 3190 312 3239 nus
339 3173 519 3261 episcopus
547 3183 638 3244 esset
661 3176 817 3263 Lugduni
835 3176 923 3264 apud
942 3177 1109 3245 dominum
1126 3194 1265 3264 papam,
1292 3173 1375 3243 idem

248 3270 397 3339 lacobus
417 3273 557 3342 consilio
576 3274 683 3342 fratris
703 3277 755 3344 sui
772 3275 899 3344 Alberti
917 3275 992 3344 dicti
1006 3275 1096 3364 llape
1115 3277 1261 3344 cantoris
1278 3275 1375 3342 Wor-

249 3371 427 3439 maoiensis
454 3374 595 3440 maxima
620 3373 734 3442 iraude
760 3381 793 3441 et
817 3377 938 3443 astutia
960 3375 1098 3443 volebat
1115 3375 1286 3461 acquirere
1305 3372 1375 3440 dio·

250 3475 316 3536 tum
344 3475 485 3537 castrum
509 3471 552 3538 ad
575 3472 734 3560 Lapidem
743 3465 764 3540 ².
798 3474 1035 3560 Preparaverat
1058 3491 1139 3542 vero
1158 3472 1245 3540 duos
1265 3487 1374 3540 eurms

248 3586 389 3653 magnos
409 3575 442 3636 et
459 3569 567 3639 bonos
577 3623 586 3660 ,
606 3589 774 3658 reponens
793 3591 894 3660 super
911 3573 987 3640 illos
1012 3572 1159 3642 sedecim
1177 3578 1323 3639 armatos
1346 3573 1374 3636 et

249 3666 456 3758 hulislaum,
485 3675 519 3736 ct
545 3668 689 3757 desuper
710 3672 830 3758 parmis
858 3677 1034 3739 contectos
1053 3689 1193 3740 avenam
1212 3687 1373 3759 superpo-

249 3781 349 3848 nem,
375 3768 421 3834 ita
447 3767 537 3854 quod
563 3768 716 3836 omnibus
739 3769 928 3838 videntibus
957 3789 1071 3838 currus
1090 3788 1231 3839 avenam
1251 3770 1372 3857 depor-

250 3867 359 3930 tantes
377 3865 582 3935 videbantur.
618 3865 710 3947 Quos
730 3870 833 3936 eciam
853 3887 967 3936 currus
986 3869 1029 3936 ad
1046 3869 1207 3959 Lapidem
1226 3867 1372 3936 transmi-

283 4035 481 4114 l)'unrichtig;
512 4038 648 4094 Friedrich
670 4040 765 4094 wurde
790 4041 961 4096 bekanntlich
985 4057 1029 4096 am
1054 4047 1086 4096 17
1109 4043 1158 4096 iuli
1184 4044 1251 4095 1245
1274 4056 1370 4094 excom·

249 4110 383 4156 muurerrt.
419 4106 449 4170 2)
475 4105 518 4158 die
542 4107 608 4174 burg
631 4125 691 4160 zum
717 4108 793 4162 Steln
817 4109 861 4178 lag
885 4109 1007 4163 nordlicb
1033 4127 1087 4165 von
1114 4112 1224 4165 Worms
1247 4110 1298 4164 aui
1316 4108 1369 4160 dem

249 4169 359 4223 reebton
378 4169 439 4224 ufer
456 4171 504 4226 des
521 4173 623 4228 Rbeins
640 4191 674 4230 an
692 4176 740 4231 der
758 4177 944 4248 ausmimdung
961 4177 1010 4232 der
1028 4179 1195 4236 Weacbrritz.
