2946 4828
414 263 452 308 nx
473 260 637 309 eousrnmo
660 259 838 308 coneursum.
1122 233 1191 302 335

61 423 135 472 sum
151 401 327 472 arbitratus
346 407 399 470 est
413 402 443 469 si
457 401 526 470 uilo
541 406 640 490 paeto
658 415 764 486 regno
785 398 929 492 eederet,
949 418 1022 470 eum
1040 401 1189 489 legitima
1209 411 1275 466 taoo

60 507 94 571 in
136 520 249 588 regem
292 507 509 569 oonsaoratns
545 505 648 568 esset.
704 498 877 568 Cunrudus
912 501 1019 568 eeiam
1053 504 1192 590 episeo-

59 621 123 691 pus
147 601 319 670 Coloniam
338 601 477 668 veniens
496 618 570 670 oum
588 600 749 687 episeopo
772 597 965 669 Coloniensi
988 606 1021 670 ιι
1045 601 1193 686 burgen-

62 703 156 770 sibus
184 701 387 787 oolioquium
422 716 523 788 super
552 699 615 768 hoe
636 697 770 786 habuit,
805 699 867 768 sed
892 698 1017 768 iniaeto
1047 701 1192 788 negooio

58 800 164 870 rediit.

135 900 218 968 Post
235 898 298 966 hee
316 895 489 966 Conradus
507 897 691 986 episeopus
709 897 886 982 Ungariam
904 899 1047 989 intravit,
1065 905 1102 967 ut
1121 899 1193 967 dis-

63 998 209 1066 oordiom
228 996 360 1066 fratrum
379 996 522 1085 sedaret,
542 1002 575 1064 et
593 997 634 1064 ab
654 1001 795 1083 utroquo
814 993 993 1066 honoritioe
1012 1005 1192 1088 suseeptus

63 1103 126 1164 est.
153 1097 240 1164 Inito
268 1097 424 1185 oonsilio,
450 1100 484 1162 et
509 1095 621 1164 habito
648 1112 819 1162 eonsensu
844 1097 1016 1184 utriusque
1041 1103 1074 1165 et
1097 1097 1192 1167 dums

61 1194 199 1264 dustria
218 1194 360 1283 Lupoldi
378 1195 590 1282 omniumque
608 1194 791 1283 principum
808 1194 975 1284 Ungarie,
1001 1198 1193 1284 paoemtaii

59 1295 159 1364 modo
185 1295 316 1383 statuit,
341 1300 376 1362 ut
401 1295 525 1379 signati
552 1309 650 1362 eruoe
674 1309 762 1360 mara
789 1296 968 1362 transirent
998 1303 1031 1363 et
1054 1313 1194 1382 regnum

59 1394 208 1479 Ungorie
226 1393 377 1481 predioto
395 1391 473 1461 duoi
490 1391 626 1460 Austrie
645 1392 932 1482 commendarent,
958 1400 994 1461 ut
1012 1395 1041 1462 si
1060 1397 1134 1482 quis
1151 1397 1193 1464 il-

57 1494 164 1562 iorum
183 1499 288 1560 morte
305 1497 486 1580 preventus
500 1492 535 1559 in
551 1492 777 1560 transmarinis
791 1493 940 1580 partibus
959 1492 1105 1562 debitum
1119 1513 1193 1564 ear·

59 1594 109 1660 nis
129 1591 334 1680 exsolveret,
353 1592 573 1679 supervivens
586 1589 720 1660 rediens
738 1589 782 1658 ad
799 1592 936 1679 patriam
954 1610 1092 1680 regnum
1109 1613 1193 1684 pos·

59 1691 196 1760 sideret.

132 1788 234 1859 Anno
253 1787 377 1858 domini
402 1788 639 1856 incarnationis
657 1805 749 1856 moe.
766 1787 1006 1880 Mogontinus,
1030 1808 1113 1878 paee
1137 1811 1193 1862 re-

57 1889 199 1958 formata
216 1889 301 1956 inter
319 1886 446 1975 iratres,
464 1904 641 1972 regressus
660 1885 703 1955 ud
719 1887 983 1978 partesAustrie,
1001 1891 1036 1956 in
1055 1893 1191 1959 territo-

60 1991 106 2056 rio
134 1988 326 2056 Pataviensi
349 1987 459 2054 earnis
485 1985 630 2054 debitum
653 1985 754 2056 solvit
781 1983 863 2076 [out.
891 1985 967 2078 27].
1002 1989 1191 2078 Episcopus

62 2094 176 2156 autem
202 2084 374 2156 Wolierus
399 2083 549 2173 predicte
577 2087 719 2154 eivitatis
742 2087 806 2154 iam
830 2085 1022 2154 desunotum
1046 2089 1194 2178 suscepit

62 2194 93 2253 et
118 2185 283 2274 exequias
301 2183 491 2273 celebravit,
511 2190 544 2251 et
562 2202 684 2272 eorpus
704 2203 777 2252 oum
796 2204 918 2272 magno
937 2188 1093 2256 eomitatu
1111 2187 1192 2256 Mo·

60 2287 211 2371 gantiam
245 2282 395 2372 devexit,
423 2281 622 2370 sepultoque
648 2301 708 2372 pro
734 2301 819 2372 paee
849 2286 1082 2374 eomponenda
1107 2289 1193 2355 inter

60 2403 176 2470 regem
195 2380 351 2452 Ottonem
365 2388 399 2450 et
411 2381 595 2469 Philippum
612 2383 696 2450 inter
712 2380 945 2452 Andernaoum
963 2393 997 2453 et
1010 2385 1192 2454 Conssuen-

60 2485 138 2552 tiam
159 2483 262 2550 venit.
295 2480 349 2550 Ad
367 2479 457 2567 quod
475 2480 675 2568 oolloqnium
696 2499 733 2548 sa
753 2483 963 2551 eontuierunt
981 2484 1192 2554 Coloniensis

60 2582 337 2670 archiepiscopus
357 2586 390 2647 et
403 2578 912 2650 HerimannusMonasteriensis
933 2590 966 2651 et
983 2584 1191 2654 Trevirensis

60 2689 93 2749 et
117 2682 176 2748 atii
203 2697 301 2767 quam
328 2679 448 2768 plnres.
485 2677 552 2748 Sed
579 2678 670 2766 quod
696 2679 863 2749 consiliati
883 2689 977 2772 sunt,
995 2700 1192 2771 prooessum

57 2799 124 2850 non
145 2780 268 2848 habuit.

123 2879 257 2946 Interea
275 2877 386 2962 gravis
405 2875 563 2946 tumultus
578 2877 679 2946 oritur
695 2879 728 2946 in
746 2877 931 2966 Mogontia.
950 2876 1088 2957 Quidam
1107 2881 1193 2948 enim

60 2996 100 3046 ex
127 2977 244 3046 favore
269 2983 301 3044 et
326 2975 498 3044 voluntate
524 2975 664 3064 Philippi
695 2977 882 3066 Lupoldum
909 2977 1192 3046 Wormaeiensem

61 3078 92 3145 in
107 3077 307 3164 episcopum
321 3075 505 3164 elegerunt,
525 3073 657 3160 quidam
669 3076 704 3142 in
719 3075 873 3146 Siiridum
890 3078 1094 3165 prepositum
1109 3095 1193 3146 eon-

60 3181 242 3244 senserunt
258 3180 295 3242 ut
312 3175 498 3258 eligeretur.
519 3173 729 3242 Etexenntes
740 3175 1192 3265 civitatemvaneruntliinge

61 3283 95 3342 et
120 3273 321 3344 eleetionom
349 3289 446 3359 quam
472 3279 631 3360 oeperaot
657 3271 698 3340 de
723 3275 895 3362 preposito
921 3274 1043 3344 Siirido
1071 3276 1192 3346 ibidem

61 3373 350 3442 eontirmaverunt.
382 3368 481 3452 Quod
503 3370 644 3440 audiens
661 3371 835 3459 Lupoidus
852 3375 941 3442 venit
959 3377 993 3442 in
1010 3392 1109 3442 mann
1129 3395 1191 3444 va·-

61 3472 130 3540 lida
162 3490 205 3540 ex
227 3475 385 3558 praeopto
421 3475 454 3537 et
477 3469 591 3540 iavore
617 3470 773 3560 Philippi,
800 3477 833 3540 et
860 3471 1012 3540 Siiridum
1040 3480 1073 3541 et
1098 3474 1191 3542 eloe-

62 3579 154 3639 tores
182 3571 255 3638 eius
283 3568 467 3637 exturbavit
492 3568 533 3638 do
559 3569 677 3656 Binge.
704 3569 851 3638 Cernens
875 3578 983 3638 autem
1002 3572 1141 3640 Siiridus
1161 3580 1194 3640 ιι

62 3673 112 3738 sui
133 3668 225 3756 quod
244 3669 350 3736 minus
367 3667 585 3758 proficerent,
604 3668 647 3738 ad
666 3666 821 3738 Ottenem
839 3688 950 3756 regem
975 3689 1012 3738 se
1032 3690 1104 3739 oum
1123 3674 1193 3740 suis

62 3769 212 3848 eontulit,
230 3764 259 3836 Α
275 3785 341 3853 quo
355 3766 536 3838 elementer
554 3773 733 3855 susceptus
751 3769 877 3854 regalia
895 3774 1054 3860 suseepit,
1069 3777 1102 3839 et
1121 3790 1193 3840 eum

63 3869 212 3936 exereitu
236 3864 339 3934 iratus
367 3869 438 3934 eius
465 3867 661 3934 auetoritate
686 3872 719 3934 et
742 3869 848 3956 oopiis
867 3869 972 3955 Binge
999 3871 1192 3961 regreditur,

62 3971 256 4055 expugnato
273 3970 307 4031 et
331 3962 446 4049 iugato
463 3964 618 4053 Lupoldo
636 3966 757 4034 multos
776 3984 911 4036 suorum
929 3969 1026 4058 oepit,
1044 3971 1099 4037 vix
1117 3971 1195 4059 ipso

61 4065 187 4155 elapso.
849 4091 853 4098 ·

135 4164 262 4234 Eodem
287 4180 376 4232 anno
403 4179 476 4230 oum
500 4161 720 4230 Waldeverus
739 4161 891 4232 barulum
909 4167 1108 4254 pastoralem
1130 4187 1193 4236 eo-

62 4282 127 4330 ram
147 4263 312 4351 prioribus
332 4263 540 4347 resignasset
551 4313 561 4349 ,
581 4265 614 4328 ιι
631 4259 792 4330 destituta
811 4270 903 4331 esset
922 4267 1067 4334 ecelesia
1086 4269 1193 4334 sancti
