2886 4834
391 237 553 284 cuaorrcon
575 236 782 284 eouuanrunsu.
1106 210 1153 276 ld

6 349 7 392 ³
39 380 161 452 bendere
194 378 370 466 potuisset.
419 374 610 444 Oeeasione
642 377 742 462 igitur
774 381 903 463 arrepta
937 377 1027 464 oepit
1051 379 1149 445 iuve-
1172 387 1237 440 aare

39 501 98 552 nen
121 495 323 566 oppugnare.
369 476 435 544 Sed
461 494 533 543 eurn
557 493 630 542 eunr
656 477 791 542 rinoere
806 492 867 561 per
882 477 1064 562 potentiam
1087 493 1154 545 non

39 580 191 665 ualuisset,
223 594 339 664 paoem
364 594 437 644 eum
467 593 508 642 eo
534 574 761 642 fraudulenter
785 571 877 663 leoit,
908 579 941 640 et
965 593 1025 663 per
1046 593 1154 663 quos-

39 681 97 748 lan
120 693 197 744 suos
218 675 395 743 familiares
419 673 559 742 insidias
582 675 612 741 ei
636 675 764 762 posuit,
791 680 825 740 et
850 672 895 740 bii
919 690 994 742 euru
1017 675 1155 763 turpiter

39 775 217 845 oeolderunt.

96 876 169 942 Post
188 874 252 942 beo
271 874 361 962 oepit
377 890 491 940 eomes
510 870 672 940 lludollus
690 873 884 959 impugnare
898 871 1050 939 eomiteru
1068 871 1154 940 Got-

6 991 7 994 ’
39 974 131 1043 lrldun
147 971 188 1040 de
208 973 424 1060 Laulinbere‘⁷
441 989 580 1060 puerum
595 972 792 1059 virtuosum,
808 970 908 1037 lilium
923 971 1079 1040 avuneuli
1090 971 1155 1059 sui,

6 1107 7 1138 3
39 1076 116 1160 eique
132 1071 227 1138 villas
248 1073 407 1185 plurinas
422 1070 619 1138 devastavit.
639 1068 759 1137 Comes
779 1087 859 1137 vero
880 1068 1049 1137 Gotlridus
1068 1087 1154 1156 quru-

41 1173 98 1241 dan
110 1187 202 1238 naue
220 1189 295 1238 euru
312 1171 440 1238 oirlbus
456 1172 525 1238 suis
544 1169 586 1237 de
601 1168 798 1236 Lausrnbere
811 1169 971 1236 Bruooanr
982 1168 1153 1236 oastelluru

6 1279 8 1402 l
40 1272 115 1360 adiit,
138 1275 356 1358 apertumque
381 1271 519 1357 reperit,
544 1273 698 1357 potenter
719 1269 868 1358 intravit
898 1272 931 1336 et
954 1268 1065 1335 omnia
1089 1285 1155 1354 que

6 1371 72 1438 ιιι
94 1324 237 1482 ιιιιιιι
227 1387 263 1436 rn
280 1369 452 1437 oastellum
469 1367 668 1436 Lauiinbero
688 1385 760 1435 oum
779 1367 903 1452 gaudio
924 1365 1154 1437 transferebat

6 1467 7 1540 3
40 1469 115 1536 llulti
132 1469 190 1534 viri
207 1475 241 1536 et
256 1469 412 1536 mulieres
432 1485 506 1534 euru
522 1466 718 1555 corporibus
739 1471 864 1533 tantuna
880 1472 1067 1534 evaseruut.

98 1567 211 1636 Cornes
228 1567 272 1635 de
287 1551 407 1635 Kiburc
430 1566 527 1634 tiliana
549 1567 679 1634 comitis
701 1564 744 1632 de
766 1564 935 1633 Sabaudia
951 1564 1047 1634 duxit
1063 1581 1154 1634 uxo·-

6 1723 7 1730 ,
41 1686 100 1734 ιιι.
123 1665 253 1734 Videns
268 1673 377 1736 auteur
397 1684 435 1734 se
450 1684 492 1734 ex
507 1684 547 1734 ιι
564 1665 650 1733 lilios
667 1681 736 1732 uon
756 1664 877 1732 babere
892 1681 1015 1754 posse,
1038 1663 1156 1751 digni-

6 1801 7 1830 3
41 1773 109 1834 lates
130 1783 207 1834 suas
231 1765 368 1834 domino
392 1765 554 1854 episeopo
569 1757 808 1850 argentinensi
823 1763 973 1853 tradidit,
992 1764 1048 1831 tali
1067 1781 1155 1832 eon-

6 1871 7 1896 ³
41 1865 145 1934 ditione
163 1883 225 1933 seu
238 1870 340 1953 paeto
356 1869 394 1932 ut
410 1863 543 1950 quidam
560 1863 728 1952 dixerunt,
750 1862 841 1950 quod
862 1865 1031 1931 eomitissa
1047 1880 1155 1950 quas·-

41 1963 97 2031 lan
106 1981 157 2032 res
170 1964 279 2032 libere
288 1962 465 2052 possidere
482 1963 620 2032 deberet
635 1961 677 2030 ad
692 1969 821 2050 tempus
832 1965 899 2030 vite
909 1980 981 2051 sue,
994 1967 1155 2049 etpostea

6 2069 7 2072 ’
39 2063 197 2148 dignitates
215 2063 261 2132 ad
275 2059 811 2152 episeoporunrArgentinensiun'r
823 2068 980 2149 posteros
989 2059 1155 2128 devenire.

6 2243 7 2246 Ἴ
39 2161 150 2230 Μοιιιο
164 2180 248 2230 vero
265 2163 387 2230 eomite
406 2160 448 2230 de
466 2161 589 2229 llibure
605 2177 716 2229 eomes
734 2159 896 2230 lludollus
911 2159 953 2229 de
963 2159 1156 2228 Habisburo

6 2281 7 2312 1
40 2279 134 2330 ornnes
155 2279 245 2350 pene
268 2279 323 2330 res
345 2268 379 2330 et
402 2259 583 2347 dignitates
605 2278 666 2348 per
687 2260 878 2328 violentiam
899 2259 1056 2350 obtinuit,
1082 2275 1156 2326 ourn

6 2367 7 2370 ’
6 2378 119 2428 uerus
136 2367 248 2428 taruen
268 2361 366 2429 heres
382 2377 459 2428 esse
480 2358 662 2448 apluribus
682 2365 869 2446 negaretur.

6 2481 8 2570 p
96 2459 215 2528 Erant
205 2478 243 2527 ιιι
261 2459 487 2574 superioribus
499 2459 651 2547 partibus
664 2458 796 2526 nobiles
810 2457 934 2526 donini
947 2458 1050 2526 libere
1067 2475 1156 2525 oon-

6 2555 173 2649 ditionis,
192 2559 253 2626 lilii
271 2560 397 2628 sororis
411 2557 612 2626 venerabilis
628 2559 780 2646 episeopi
798 2557 995 2625 Basiliensis
1008 2556 1156 2624 Heinriei

6 2643 7 2716 ἶ
39 2654 70 2722 ιι
82 2611 180 2748 lune,
197 2659 257 2746 qui
273 2660 366 2726 eires
381 2657 605 2725 Thorieenses
616 2662 651 2724 et
665 2659 816 2725 eorniteru
826 2655 1003 2724 liudolfum
1022 2654 1063 2722 de
1082 2653 1156 2721 lla-

6 2765 7 2816 }
39 2753 64 2821 ιι
66 2755 152 2824 sbure
168 2757 326 2844 aliosque
345 2758 475 2826 vieinos
493 2773 586 2846 suaa,
602 2763 639 2823 ut
657 2757 705 2824 eis
724 2753 908 2844 uidebatur,
921 2755 1036 2843 sepius
1053 2752 1156 2820 inde-

39 2852 91 2921 bite
103 2855 325 2924 turbaverant.
352 2856 401 2924 Eo
419 2862 567 2944 tenpore
583 2872 697 2924 eomes
707 2852 870 2923 Rudollus
886 2851 1082 2941 quibusdan
1093 2852 1156 2920 bo-

40 2954 159 3022 ninibus
185 2954 229 3024 de
243 2953 442 3024 bombardia
459 2954 671 3022 venientibus
694 2953 846 3022 dueaturn
863 2954 1006 3041 prestitit
1021 2957 1059 3020 ut
1073 2969 1156 3040 pos-

42 3055 128 3118 sent
120 3073 152 3120 ιιι
171 3051 334 3122 Alsatiarn
354 3055 537 3142 pervenire.
564 3053 618 3122 llil
642 3071 714 3120 eun
737 3071 840 3166 prope
861 3053 1041 3120 donuiniurn
1065 3052 1156 3118 isto-

41 3168 94 3216 run
121 3152 327 3222 dominorum
345 3147 601 3242 pervenissent,
632 3153 715 3240 ipsis
748 3153 857 3220 omnia
884 3169 949 3238 que
978 3150 1156 3219 attulerant

42 3247 239 3320 abstulerunt.
275 3252 396 3322 Comes
420 3251 582 3320 lludollus
610 3269 710 3339 super
737 3251 800 3319 boo
823 3249 1034 3340 indrgoatus,
1066 3249 1157 3316 aives

43 3346 248 3420 lburieenses
270 3358 369 3440 atque
389 3351 474 3419 alios
495 3351 622 3419 amieos
641 3355 675 3418 et
690 3351 820 3418 uiolnos
840 3348 969 3417 induxit
987 3357 1023 3417 ut
1041 3355 1154 3415 eontra

42 3443 173 3518 doninus
192 3449 237 3518 de
252 3451 441 3520 Toliubure
455 3451 622 3539 iuvarent,
638 3451 734 3536 quasi
746 3449 872 3517 vellent
882 3465 942 3516 eos
959 3449 993 3514 in
1007 3448 1057 3514 eis
1072 3445 1156 3512 dde-

42 3542 100 3642 liter
112 3548 290 3618 vindieare.
319 3547 383 3630 Qui
397 3550 506 3636 gavisi
524 3567 680 3635 magnum
699 3547 761 3616 sibi
778 3547 973 3616 adiutorium
991 3545 1156 3658 promise-

43 3629 255 3716 runcones
271 3665 350 3717 rere
365 3653 573 3744 oougregato
588 3649 735 3716 exereitu
751 3653 894 3716 oastrun
904 3644 1109 3713 Uzinbere
1078 3661 1155 3712 vro·

43 3739 130 3810 lenter
149 3747 282 3815 obsedit
301 3754 334 3815 et
350 3765 404 3816 res
423 3763 536 3816 eorum
552 3746 635 3814 alias
652 3735 849 3814 devastavit.
877 3745 1008 3813 Domini
1025 3743 1067 3810 de
1084 3743 1156 3811 To

43 3837 162 3912 linburo
178 3863 217 3914 se
239 3853 275 3914 ιιι
297 3853 452 3934 poterant
472 3844 691 3914 defenderunt
714 3853 747 3912 et
765 3845 875 3914 multis
893 3843 1094 3956 septimanis·
1105 3843 1157 3909 vi-

44 3938 124 4008 riliter
136 3950 320 4012 tenuerunt.
348 3945 388 4013 Et
399 3963 470 4012 eum
486 3945 586 4012 multa
600 3945 686 4012 mala
704 3961 798 4034 passu
791 3943 956 4012 luissent
968 3937 1020 4010 ιι1
1040 3943 1157 4029 peiora

45 4035 254 4112 obsidentibus
276 4043 484 4126 intulissent,
506 4043 637 4112 tandem
654 4044 702 4111 eis
722 4043 877 4111 riotualia
892 4041 1100 4130 deiecerunt,
1124 4047 1157 4107 ιι

72 4191 95 4254 l]
111 4189 257 4247 obsidentes
275 4193 346 4247 steht
364 4191 423 4248 bier·
441 4191 535 4247 nooh'
529 4209 557 4246 un
575 4191 625 4245 der
643 4189 683 4246 hs.
698 4205 753 4244 was
771 4189 947 4258 widerslnulg
965 4189 998 4242 ist
1016 4188 1068 4241 rrrrd
1083 4185 1156 4240 wohl

45 4252 118 4311 leesor
132 4275 197 4328 ganz
214 4261 367 4330 wagblelbt.
