2884 4834
284 221 354 290 tot
650 249 777 295 nuntias
799 247 1039 295 wnnnnrrnrsns.

281 387 496 460 Postmodum
507 405 663 458 reversus
678 393 713 456 et
725 385 868 455 honeste
882 387 1000 455 aelero
1016 391 1049 468 et
1065 403 1085 454 a
1101 383 1228 454 civibus
1247 391 1408 474 receptus,
1432 425 1433 514 p

281 495 315 558 et
337 505 515 558 assumens
538 485 726 575 quindecim
752 485 912 554 eonsules
938 487 1156 575 constitutos,
1180 484 1323 554 consilio
1342 483 1407 552 ire·
1432 515 1433 582 p

281 587 389 678 quens
402 581 580 677 presedit¹.
597 585 801 654 Decesserat
818 585 905 653 enim
922 585 1202 654 unusconsulom
1219 585 1270 654 vir
1287 581 1408 652 hones·
1432 591 1433 598 ’

281 694 335 756 tus
362 691 396 756 et
417 685 584 755 discretus
610 685 770 754 Ebelinus
794 685 828 752 in
850 685 925 754 vico
951 686 1059 753 sancti
1084 685 1187 774 Petri,
1214 683 1311 752 cuius
1337 683 1409 750 loco

281 787 357 877 ipse
374 803 475 854 unum
493 783 674 854 substituit.

355 884 487 955 Interea
512 886 650 973 opponit
674 901 712 952 se
730 881 884 952 dominus
903 873 1099 951 Heinricus²
1116 899 1174 950 rex
1191 879 1329 966 domino
1346 881 1408 948 inr-

281 985 443 1074 peratori,
468 983 553 1073 patri
580 1000 660 1073 suo,
688 983 741 1052 oui
759 983 850 1052 cives
872 1000 934 1071 per
957 982 1068 1051 omnia
1085 979 1293 1050 assistebant
1311 986 1345 1047 et
1362 979 1408 1048 ia-

280 1083 413 1154 vebant.
439 1082 594 1152 Attamen
611 1080 797 1151 Landolios
816 1082 995 1172 episcopus
1013 1086 1149 1170 propter
1166 1080 1256 1148 bona
1275 1079 1339 1149 sibi
1353 1081 1407 1146 im-

280 1200 388 1273 pensa
405 1200 425 1251 a
443 1181 578 1252 domino
602 1171 779 1251 Heinrico³
797 1198 879 1268 rege
904 1181 1032 1250 exstitit
1057 1180 1122 1248 sibi
1148 1179 1292 1248 devotos
1312 1184 1346 1247 et
1362 1177 1408 1246 ta-

281 1283 426 1350 miliaris.
461 1279 559 1362 Quod
584 1283 676 1349 cives
701 1297 770 1350 non
796 1279 995 1370 reputabant
1018 1285 1052 1348 et
1076 1297 1117 1348 ec
1141 1281 1251 1347 minus
1277 1276 1408 1346 domino

280 1373 492 1470 imperatori*
511 1397 578 1448 non
604 1379 819 1448 adherebant.
852 1379 1045 1466 Diligebant
1067 1380 1173 1449 eciam
1191 1378 1284 1447 cives
1303 1375 1409 1446 domi·

282 1499 360 1548 num
377 1478 576 1548 Landoliom
602 1480 796 1568 episcopum
813 1477 930 1569 valde,
955 1485 989 1547 et
1004 1477 1082 1547 ideo
1099 1477 1324 1568 permiserunt
1340 1495 1407 1544 eum

283 1580 432 1667 equitare
457 1577 501 1646 ad
523 1595 653 1668 regem,
673 1578 728 1666 qui
745 1579 828 1667 ipsis
846 1579 960 1665 gravis
979 1579 1124 1668 exstitit,
1143 1575 1409 1664 quandocunque

283 1678 397 1746 voluit.
422 1677 465 1746 Et
482 1695 560 1746 erce
579 1676 727 1746 decanus
746 1683 780 1746 et
797 1682 874 1746 octo
893 1677 998 1745 etalii
1018 1676 1060 1745 de
1079 1676 1243 1766 capitulo,
1263 1675 1408 1764 quicum

283 1777 451 1864 eligerunt
475 1775 574 1845 valde
598 1776 763 1867 benigne,
790 1775 994 1864 incipiebant
1011 1775 1074 1844 sibi
1092 1774 1260 1865 invidere,
1287 1773 1407 1842 maehi-

282 1882 402 1946 nantes
420 1875 452 1945 ei
469 1877 556 1947 mala
574 1893 638 1964 que
655 1879 820 1964 poterant.
854 1875 935 1944 Erat
960 1876 1047 1944 enim
1065 1875 1220 1951 dominus
1237 1875 1407 1964 imperator

282 1977 317 2044 in
333 1973 502 2046 veniendo
520 1980 634 2044 contra
652 1974 753 2044 tilium
772 1992 876 2042 suurn.
895 1971 948 2042 dd
966 1993 1064 2062 quem
1082 1973 1162 2043 dicti
1180 1972 1336 2043 canonici
1349 1972 1406 2040 mi-

283 2079 417 2164 serunt,
436 2080 636 2144 accusantes
654 2073 821 2142 dominum
840 2075 1034 2162 episcopum
1051 2072 1150 2144 valde
1168 2073 1326 2160 graviter.

356 2171 489 2243 Accidit
514 2179 623 2242 autern
648 2191 722 2240 cum
747 2172 901 2241 dominns
923 2173 1101 2262 imperator
1125 2173 1285 2241 intrasset
1309 2171 1406 2261 primo

283 2272 522 2362 wormaciam,
547 2279 580 2340 et
597 2273 683 2341 sicut
709 2271 820 2340 decuit
837 2272 1072 2342 honestissime
1091 2291 1111 2341 a
1128 2272 1219 2340 clero
1238 2275 1272 2340 ot
1289 2289 1309 2339 a
1327 2269 1406 2338 oiri·

283 2372 347 2440 bus
373 2370 471 2440 inerit
495 2377 661 2460 receptus7
687 2389 775 2440 anno
800 2369 923 2440 domini
940 2389 1143 2441 mccxxuv.
1165 2372 1200 2456 in
1228 2368 1282 2439 dic
1307 2369 1406 2438 saneti

283 2468 430 2540 Udalrici
457 2465 530 2560 [iul.
553 2467 595 2562 n]
624 2469 762 2538 aderant
787 2469 963 2539 duodecim
990 2471 1141 2560 episcopi
1166 2467 1405 2558 pontificalibus

283 2567 407 2660 induti,
425 2570 510 2638 inter
530 2587 615 2657 quos
633 2575 703 2638 erat
719 2569 873 2638 dominus
889 2568 1075 2639 Landolius
1089 2568 1281 2659 episcopus.
1308 2566 1404 2648 Quem

284 2686 358 2738 cum
384 2670 561 2758 imperator
590 2667 733 2738 vidisset
755 2673 833 2736 ante
862 2670 1099 2737 monasterium
1126 2669 1235 2759 stetit,
1260 2671 1294 2736 et
1317 2666 1406 2734 iussit

285 2786 359 2838 enm
377 2767 469 2837 abire
488 2767 531 2836 de
546 2773 684 2856 aspectu
704 2785 776 2836 suo.
802 2768 843 2836 Et
859 2768 937 2855 quia
956 2767 1109 2837 dominus
1130 2773 1210 2836 tuno
1231 2771 1302 2836 erat
1317 2766 1404 2848 nimis

283 2871 466 2958 prepotens
473 2919 483 2957 ‚
506 2867 611 2936 timuit
630 2867 717 2934 enim
742 2885 816 2936 eum
836 2869 943 2937 omnis
970 2867 1088 2958 homo,
1113 2867 1272 2936 continuo
1294 2869 1404 2934 exutus

284 2971 339 3036 est
353 2965 533 3055 episcopus
558 2960 610 3034 et⁵
626 2965 759 3034 intrarit
781 2965 914 3034 domum
936 2965 1145 3036 Constantini
1165 2965 1328 3054 capellani
1349 2963 1403 3031 sui.

283 3062 326 3134 Et
342 3065 501 3133 continuo
519 3069 736 3133 accesserunt
750 3065 842 3134 cives
859 3064 902 3134 ad
916 3065 1084 3134 dominum
1100 3067 1340 3153 imperatorem,
1354 3079 1403 3129 ro-

284 3167 406 3250 gantes
425 3161 598 3249 diligentia
612 3182 678 3251 qua
692 3169 863 3254 poterant,
882 3181 1014 3234 necnon
1028 3165 1264 3252 obsequiorum
1280 3177 1402 3231 suorum

283 3263 392 3352 ipsum
418 3269 687 3353 commonentes,
707 3281 766 3352 pro
785 3265 946 3352 episcopo
964 3281 1096 3353 eornm,
1114 3269 1151 3331 ut
1171 3263 1283 3352 ipsum
1300 3259 1402 3347 gracie

285 3377 346 3430 suo
373 3362 544 3450 reciperet.
580 3359 632 3430 Ac
654 3362 729 3450 ipse
752 3363 930 3450 imperator
953 3363 1097 3432 totaliter
1117 3363 1200 3452 ipsis
1224 3359 1401 3446 denegavit,

285 3459 375 3550 quod
397 3466 487 3530 certe
513 3461 605 3531 cives
630 3460 886 3549 supramodum
911 3480 1013 3548 grave
1035 3461 1194 3530 terebant.
1220 3461 1263 3530 Et
1282 3463 1402 3548 propter

282 3561 482 3630 instanciam
508 3558 773 3629 adversariorum
803 3559 927 3629 domini
956 3560 1107 3651 episcopi
1135 3559 1311 3650 oportebat
1339 3575 1400 3625 eun

283 3661 374 3728 exire
391 3660 566 3728 civitatem.
592 3659 634 3727 Et
646 3657 723 3726 inde
751 3659 964 3728 contristatus
984 3660 1085 3728 exivit
1103 3657 1146 3728 ad
1171 3657 1314 3728 moniale
1335 3673 1398 3723 mo-

282 3759 463 3827 nasterium
482 3759 516 3826 in
538 3758 661 3826 curiam
682 3757 862 3827 abbatisse.

357 3855 554 3946 Supervenit
573 3857 685 3945 itaque
706 3856 848 3926 breviter
871 3856 1005 3926 domina
1026 3855 1198 3926 Elizobeth
1216 3855 1398 3946 imperatrix,

320 3990 348 4055 i)
384 3989 486 4043 essedit
503 3987 545 4044 hs.
581 3988 829 4057 brennacensis.
864 3990 896 4055 3)
915 3987 1042 4044 Conrado
1061 3988 1100 4042 hs.
1130 3991 1162 4052 di
1180 3987 1400 4050 roudbenrerirurrg

282 4004 533 4136 desbatsebreibers
555 4056 605 4110 der
621 4056 843 4112 hochstistisehen
860 4056 916 4114 ha:
939 4057 988 4111 ille
1011 4058 1156 4129 imperator
1180 4056 1233 4111 suit
1249 4073 1265 4110 a
1282 4070 1345 4128 papa
1360 4053 1398 4105 de-

280 4131 385 4244 f⁰⁵¹.²¹¹⁸
408 4140 493 4204 quare
515 4125 732 4180 Wormacienses
749 4126 776 4178 ei
793 4125 969 4191 adheserunt,
996 4125 1069 4197 quod
1092 4141 1199 4196 semper
1224 4124 1356 4189 iecerunt,
1378 4127 1399 4172 et

290 4191 363 4246 rodre
380 4209 466 4247 eoram
491 4201 583 4244 eorrtra
601 4209 633 4262 pa
653 4209 693 4244 am
719 4199 746 4246 ct
769 4193 911 4248 ecelesiam
935 4197 1079 4249 Romanam
1107 4193 1196 4246 iacere
1221 4211 1276 4247 non
1301 4197 1398 4246 cessant.

283 4261 314 4326 5)
334 4260 422 4313 dieses
447 4268 474 4314 et
497 4259 566 4314 steht
585 4261 611 4312 iu
631 4210 678 4314 Xer
695 4261 735 4314 hs.
755 4261 891 4316 zwisehen
908 4261 989 4316 homo
1008 4261 1063 4315 und
1081 4263 1216 4316 continuo.
