2890 4832
364 255 401 299 rx
423 251 586 300 aoorvnmo
610 251 787 300 cenomansi.
1073 227 1142 295 365

38 397 185 463 lebannes
201 392 363 460 deBerito
379 395 567 481 imperatori
583 394 617 460 in
631 399 716 460 terra
735 395 953 462 transmarina
966 402 1140 483 repugnat.
1160 407 1225 466 1232

38 495 88 575 Qui
104 493 173 560 dum
190 493 321 560 incaute
340 510 377 559 se
397 495 484 578 gerit
501 499 603 560 noctu
622 494 881 580 superveniente
900 511 999 561 manu
1017 495 1145 563 militari

37 593 165 681 spoliatis
191 592 341 660 omnibus
368 610 440 659 cum
467 593 583 680 paucis
610 593 666 658 vix
691 591 813 660 evadit.
845 591 920 659 Non
945 593 1047 660 multo
1066 599 1145 682 post

37 693 185 760 lohannes
198 697 392 778 recuperata
407 708 505 758 mana
518 690 630 758 valida
648 691 789 779 Cyprum
808 697 962 780 occupat,
982 699 1015 759 et
1031 710 1145 778 regem

38 789 119 878 typri
144 789 240 857 filium
265 793 391 857 sororis
411 807 472 859 suc
492 789 555 857 sibi
574 791 733 858 associat.
765 789 905 861 Mittitur
922 797 1037 858 contra
1054 792 1145 859 illum

36 889 193 958 bichardus
212 889 439 957 marschalcus
456 889 644 976 imperialis.
671 887 734 969 Qui
752 905 959 974 congressus
979 892 1144 979 cumipse

37 990 173 1077 vincitur,
191 988 301 1054 multis
320 988 475 1055 militibus
494 987 536 1055 de
554 989 702 1056 exercitu
719 989 877 1075 imperiali
897 990 1015 1076 captis.

91 1089 125 1155 ln
143 1088 304 1155 Teutonia
329 1087 431 1155 multe
457 1087 596 1155 hereses
619 1086 820 1173 deteguntur
839 1094 871 1155 et
888 1087 1028 1155 heretici
1046 1087 1144 1156 ilam-

33 1187 80 1252 nis
95 1179 296 1274 puniuntur.¹
322 1186 400 1274 lpso
427 1204 515 1252 anno
541 1185 662 1253 bellum
688 1187 790 1253 oritur
807 1187 892 1254 inter
910 1187 1144 1275 archiepisco-

33 1304 92 1372 pum
108 1286 339 1370 Mogontinum
357 1293 391 1352 et
407 1285 629 1371 lantgravium
647 1285 837 1371 Thuringie.
860 1283 1002 1373 Opidum
1022 1285 1144 1354 dietum

33 1383 182 1451 Vritstlare
202 1403 223 1452 a
240 1385 426 1470 lantgravio
445 1389 692 1473 concrematur,
711 1384 767 1451 ubi
786 1385 965 1472 episcopus
984 1385 1146 1454 Worma-

34 1484 136 1550 elensis
163 1489 195 1550 et
220 1501 335 1551 omnes
354 1484 507 1568 canonici
525 1482 613 1552 illius
632 1482 745 1571 oppidi
764 1501 836 1550 eum
855 1483 965 1551 multis
984 1485 1057 1551 aliis
1079 1503 1144 1552 no-

31 1580 130 1648 bilibus
155 1583 338 1670 capiuntur.
364 1583 508 1670 Eolipsis
534 1581 617 1649 solis
641 1583 847 1670 particularis
874 1589 953 1668 post
976 1581 1145 1651 meridiem

31 1681 87 1745 visa
110 1686 161 1746 est
187 1679 308 1748 eodem
334 1699 443 1770 anuo,
469 1698 538 1748 non
562 1687 672 1748 tamen
690 1681 823 1748 multum
843 1681 1010 1750 natabilis.
1038 1682 1144 1750 Colo-

30 1779 136 1846 niensis
155 1779 431 1867 archiepiscopus
447 1781 482 1846 in
504 1779 714 1847 Westialiam
734 1798 808 1847 earn
830 1781 943 1847 militia
965 1782 1091 1869 transit,
1111 1787 1145 1848 et
1221 1801 1224 1812 ·

31 1875 161 1944 hostibus
185 1880 222 1945 in
243 1877 447 1946 deditionem
473 1880 616 1970 receptis
642 1896 804 1966 prospere
832 1881 1013 1946 revertitur.
1057 1877 1143 1960 Qui-

29 1973 76 2042 bus
99 1976 252 2044 bostibus
270 1995 353 2044 -cum
377 1977 588 2045 Waleramus
615 1977 656 2044 de
683 1976 840 2062 limburg
865 1995 938 2044 oum
969 1978 1039 2046 suis
1066 1976 1142 2045 lau-

30 2074 133 2142 toribus
157 2077 192 2142 in
213 2093 406 2144 succursum
427 2078 596 2165 venisset,
620 2076 662 2146 ab
687 2077 846 2164 episcopo
870 2075 1141 2165 monasteriensi,

28 2189 74 2258 per
93 2176 184 2243 caius
211 2174 365 2243 diocesin
387 2175 528 2242 transire
552 2175 755 2264 intenderat,
780 2174 955 2242 retruditur
977 2181 1010 2243 et
1034 2174 1142 2244 redire

28 2274 223 2359 conpellitur.

85 2368 179 2440 Anno
206 2373 332 2440 domini
358 2374 572 2441 mccxxxiii.
598 2373 780 2462 Imperator
807 2372 999 2442 Messanam
1024 2374 1142 2442 civita-

28 2472 79 2534 tem
96 2471 205 2539 Sicilie
226 2471 427 2560 ingreditur,
447 2479 480 2540 et
497 2473 603 2560 captis
623 2474 694 2539 suis
709 2471 889 2540 rebellibus
905 2491 965 2541 eos
979 2474 1049 2559 igni
1067 2491 1142 2540 cre-

28 2575 86 2634 mat.
110 2569 264 2638 Miranda
282 2589 336 2638 res
352 2577 384 2639 et
401 2573 534 2638 nimium
551 2571 727 2660 stupenda,
747 2570 837 2657 quod
855 2571 918 2638 hiis
938 2572 1142 2659 temporibus

28 2665 99 2750 ignis
117 2678 235 2738 contra
252 2689 361 2756 genus
387 2671 568 2737 mortalium
594 2672 643 2738 sic
661 2669 805 2736 invaluit.
833 2669 915 2737 Nam
935 2669 1052 2737 eodem
1071 2669 1141 2738 iere

28 2769 155 2854 tempore
182 2775 218 2836 et
242 2768 385 2836 rebelles
403 2771 592 2856 imperatori
612 2770 644 2835 in
665 2769 776 2836 Sicilia
795 2769 878 2834 etin
897 2768 1071 2835 Germania
1088 2769 1142 2835 in-

28 2861 119 2933 finitus
138 2885 295 2936 numerus
315 2867 482 2935 bominum
496 2875 528 2934 et
544 2869 645 2934 multa
663 2869 772 2934 menia
790 2866 945 2934 incendio
963 2868 1141 2955 perierunt.

28 2959 92 3029 Nam
109 2972 140 3033 et
165 2971 303 3055 propter
327 2985 426 3034 veras
444 2966 582 3034 hereses
602 2972 636 3034 et
652 2973 787 3054 propter
804 2965 897 3033 fictas
922 2966 1013 3034 multi
1039 2965 1141 3034 nobi-

28 3058 63 3126 les
79 3070 109 3130 et
130 3065 317 3154 ignobiles,
345 3065 456 3132 elerici
480 3065 633 3133 monachi
656 3065 786 3133 incluse
813 3065 1002 3150 burgenses
1027 3066 1142 3133 rustici

28 3162 187 3245 aquodam
216 3163 315 3230 iratre
343 3161 497 3232 Conrado
523 3165 612 3250 ignis
638 3163 803 3253 supplicio
822 3182 882 3250 per
899 3163 1033 3232 diversa
1050 3165 1141 3232 Teu-

28 3261 99 3326 tonie
116 3262 209 3351 loca,
231 3263 258 3329 si
277 3261 327 3330 ias
343 3269 395 3330 est
414 3262 494 3352 diei,
513 3265 610 3330 nimis
629 3263 778 3350 precipiti
797 3265 964 3331 sententia
984 3269 1060 3330 sunt
1079 3261 1141 3330 ad-

28 3353 96 3424 dicti.
120 3360 204 3428 Nam
225 3359 343 3428 eodem
363 3361 416 3428 die
436 3379 502 3448 quo
522 3363 596 3449 qais
615 3368 792 3430 accusatus
813 3367 874 3449 est,
895 3377 956 3429 seu
973 3364 1060 3430 iuste
1080 3379 1141 3429 seu

28 3453 146 3547 iniuste,
165 3459 291 3527 nullius
310 3461 563 3550 appellationis,
591 3460 713 3528 nullius
733 3459 940 3528 detensionis
963 3459 1027 3527 sibi
1046 3458 1139 3527 reiu-

28 3554 66 3635 glo
83 3557 292 3647 proliciente,
319 3565 371 3626 est
395 3557 592 3648 dampnatus
616 3567 649 3627 ot
667 3559 806 3626 llammis
823 3558 1013 3627 crudelibus
1031 3559 1139 3625 iniec·

28 3657 74 3717 tus.
98 3653 146 3722 (lb
165 3675 265 3744 quam
284 3675 420 3724 causam
438 3657 538 3726 irater
555 3657 728 3726 Conradus
739 3711 748 3748 ,
774 3658 870 3724 buius
894 3658 1138 3745 persecutionis

28 3747 225 3822 leretioorum
244 3757 408 3844 minister,
428 3775 447 3824 a
466 3756 663 3844 quibusdam
681 3755 867 3845 nobilibus,
886 3757 1009 3824 nullum
1028 3757 1137 3824 locum

28 3852 103 3918 vome
127 3855 181 3920 vel
208 3856 314 3940 gratie
342 3854 430 3942 apud
455 3857 563 3943 ipsum
590 3854 852 3944 invenientibus,
872 3855 962 3938 iuxta
980 3855 1140 3942 blarburg

28 3953 66 4012 est
83 3954 222 4021 occisus.
240 3952 328 4021 Ante
347 3955 441 4021 onius
460 3961 597 4022 mortem
615 3953 746 4028 modico
762 3961 909 4042 tempore
929 3973 1042 4022 comes
1059 3955 1138 4023 Sei-

28 4049 122 4116 nensis
149 4069 249 4140 saper
272 4052 383 4120 heresi
407 4051 493 4120 ialso
520 4053 580 4120 luit
606 4053 793 4120 intematus.
821 4054 882 4121 Pro
901 4055 994 4120 cuius
1015 4071 1138 4141 expar-

28 4147 140 4225 ratione
168 4169 230 4218 seu
256 4149 455 4220 defensione
474 4169 532 4219 rex
549 4151 724 4220 Heinrieus
745 4159 944 4220 conventum
964 4153 1138 4220 maltorum

48 4256 74 4317 l)
92 4254 147 4310 bier
164 4257 225 4312 sind
244 4262 270 4314 in
290 4260 338 4315 der
357 4260 395 4316 ba.
415 4262 474 4314 vier
492 4261 579 4314 zellen
599 4260 758 4316 auaradiert.
