2886 4834
276 175 323 242 42
660 208 789 254 narrans
809 207 1033 254 cotararmsrs.

198 351 265 406 taoa
282 347 402 410 euntes
429 343 680 432 eleemosynam
711 343 954 414 mendicabant.
1003 343 1179 414 Heinrieus
1206 346 1354 414 scolaris
1376 345 1414 414 da

278 439 491 510 Hobinbercb
507 446 697 514 meretrices
725 446 963 534 congregavit,
989 445 1023 512 in
1041 443 1173 513 domum
1201 462 1276 512 cum
1296 462 1416 530 magna

279 539 451 626 diligentia
477 543 597 612 clausit
624 550 657 612 ct
683 545 732 612 ais
759 561 819 632 per
835 542 1114 613 mendicationcm
1138 544 1339 612 necessaria
1358 546 1415 610 mi-

278 641 450 730 nistravit,
476 647 511 710 ct
532 648 648 710 vestes
674 643 782 712 lineas
808 641 904 712 albas
931 641 973 710 de
1000 641 1056 710 filo
1084 659 1207 729 grosso
1232 648 1267 711 et
1286 643 1416 710 tumeas

277 737 322 808 ad
339 739 441 808 talum
453 739 706 810 descendentes
731 747 765 810 et
790 742 890 829 pallia
915 740 1068 810 breviora
1092 759 1152 831 pro
1178 740 1350 810 vestibus
1366 743 1415 808 in-

279 837 420 929 duebat,
447 844 480 908 et
506 838 623 910 decem
646 841 701 910 val
725 842 844 926 viginti
871 841 925 909 vel
950 841 1063 929 plures
1087 842 1122 910 in
1140 859 1208 909 una
1225 842 1368 908 civitate
1385 842 1415 907 in

278 955 378 1006 unam
395 936 528 1008 domum
546 939 723 1008 claudebat
741 945 775 1008 ot
801 941 850 1008 eis
877 941 1069 1008 necessaria
1093 945 1192 1028 prout
1216 941 1333 1027 potuit
1359 941 1416 1006 mi·

278 1037 439 1107 nistravit.
464 1037 566 1108 Festo
584 1045 802 1128 pentecostes
820 1037 937 1108 iratres
956 1037 1081 1107 ordinis
1106 1037 1360 1107 Predioatorum
1378 1038 1414 1106 dc

276 1133 415 1204 Francia
449 1139 628 1226 capitulum
662 1139 820 1226 generale
851 1139 886 1206 in
910 1137 1064 1206 Bisuntio
1090 1137 1354 1206 celebraverunt
1378 1137 1416 1204 ad

279 1234 369 1322 quod
386 1235 503 1304 iratres
522 1239 661 1306 trecenti
677 1242 910 1326 pervenerunt.
937 1234 1066 1306 Octava
1083 1235 1248 1306 lobannis
1268 1236 1416 1324 baptiste

271 1335 370 1402 namt
386 1336 588 1406 venerabilis
614 1336 713 1406 irater
730 1335 943 1405 Bernhardns
968 1337 1128 1422 magister
1153 1335 1282 1405 ordinis
1305 1335 1415 1404 Predi-

278 1440 426 1502 catorum
443 1437 477 1502 in
495 1435 745 1505 Columbariam.
780 1435 952 1504 Venemnt
969 1436 1074 1506 nuntii
1090 1433 1218 1504 Alberti
1236 1437 1335 1521 regis
1353 1434 1415 1502 Ro·

279 1549 466 1623 manorum,
493 1537 684 1604 nuntiantes
712 1537 741 1603 ei
769 1534 860 1622 quod
894 1535 1048 1602 dominus
1081 1552 1169 1622 papa
1202 1533 1415 1622 predicasset

279 1649 354 1700 aum
371 1633 405 1700 in
422 1633 600 1702 manifesto
627 1633 718 1722 quod
744 1640 838 1702 asset
863 1652 963 1703 verus
988 1652 1046 1702 rex
1062 1631 1287 1702 Romanorum
1316 1639 1352 1701 et
1369 1633 1415 1700 di·

278 1731 387 1800 lectus
406 1730 492 1800 lilius
511 1734 594 1802 eius.
637 1733 709 1802 Rex
725 1732 934 1820 Arragonurn
960 1733 1149 1821 composuit
1174 1750 1249 1801 cum
1276 1749 1371 1820 papa
1389 1737 1416 1798 et

278 1832 366 1898 misit
384 1831 415 1899 ei
432 1831 623 1901 cathedram
647 1851 781 1901 auream
806 1838 839 1900 et
864 1850 999 1900 aureum
1017 1830 1200 1901 scabellum
1226 1832 1258 1898 ei
1277 1831 1416 1900 fideliter

281 1930 449 2018 copulato.
493 1931 686 2000 cardinales
708 1931 750 2000 de
769 1931 948 2020 Columna,
977 1932 1033 2018 qui
1058 1947 1096 2000 sc
1121 1930 1165 1998 ad
1182 1947 1301 2016 regem
1320 1928 1414 1999 Arra-

280 2047 406 2116 gonum
430 2031 649 2122 contulerant,
668 2030 711 2099 ad
729 2048 843 2117 regem
859 2030 997 2099 Francia
1016 2048 1054 2098 sc
1072 2030 1298 2098 contulerunt.
1338 2030 1412 2096 Tres

280 2129 421 2198 abbates
455 2129 687 2199 cluniacensis
719 2129 951 2198 cisterciensis
987 2135 1020 2197 et
1045 2127 1411 2197 Premonstratensisa

279 2245 360 2314 rege
386 2228 523 2296 Francia
541 2231 733 2318 capiuntur,
760 2230 838 2315 qnia
855 2229 1033 2310 noluerunt
1057 2228 1089 2295 ei
1108 2232 1223 2296 contra
1240 2245 1368 2315 papam
1383 2228 1411 2292 in

281 2328 351 2397 suis
378 2327 671 2396 constitutionibus
691 2327 836 2396 obedire.
876 2328 965 2416 Papa
983 2344 1095 2413 regem
1112 2327 1250 2394 Francia
1270 2344 1409 2394 excom-

279 2427 458 2496 municavit
467 2479 477 2516 ,
494 2427 602 2495 omnia
624 2427 798 2515 privilegia
816 2427 951 2496 sustulit
969 2431 1031 2494 etc.
1055 2424 1126 2494 Rex
1142 2426 1282 2493 Francia
1306 2426 1410 2513 parla-

272 2530 425 2596 mentum
442 2526 476 2594 in
493 2525 582 2594 lesto
600 2526 765 2594 lobannis
790 2525 935 2614 baptiste
954 2524 1072 2594 dicitur
1089 2524 1268 2614 habuisse,
1297 2525 1334 2592 in
1353 2541 1411 2610 quo
1441 2581 1442 2612 ,

280 2624 482 2711 significavit
508 2625 674 2694 dominum
691 2643 812 2713 papam
830 2627 863 2692 in
880 2624 1029 2714 pluribus
1056 2624 1203 2692 articulis
1230 2621 1313 2690 fidei
1339 2641 1410 2708 gra·

280 2725 364 2794 viter
388 2726 592 2794 excessisse.
628 2724 829 2812 Sollempnis
855 2729 1049 2812 procurator
1074 2723 1164 2808 regis
1190 2721 1409 2790 llomanonrm

280 2822 403 2892 domini
420 2822 557 2911 Alberti,
577 2825 633 2911 qui
651 2823 871 2892 aRinvelden
886 2840 995 2910 usque
1012 2823 1045 2890 in
1058 2821 1235 2890 Solezistat
1249 2821 1410 2890 inclusive

274 2921 519 3010 dominabatur,
535 2924 570 2989 in
585 2923 694 2990 turrim
711 2923 745 2990 in
762 2922 952 2996 Ensisbeim
969 2920 1185 2990 claudebatur
1202 2926 1235 2987 ct
1253 2922 1410 2988 rationem

281 3020 323 3088 de
343 3020 405 3088 sibi
424 3021 556 3088 creditis
575 3021 714 3090 reddare
732 3019 925 3107 cogebatur.
951 3018 1075 3100 Quarta
1094 3019 1174 3087 scria
1190 3025 1271 3108 post
1291 3019 1409 3086 nativi·
1440 3021 1441 3054 ³

280 3125 381 3188 tatem
400 3118 497 3187 beate
514 3119 660 3206 Virginis
672 3120 738 3188 lrlia
752 3121 835 3188 civis
850 3120 1047 3188 Basibcnsis
1062 3120 1117 3206 qui
1136 3119 1255 3186 dicitur
1272 3117 1316 3188 de
1337 3117 1409 3186 Sole

280 3236 355 3286 cum
372 3237 495 3304 magna
513 3217 763 3308 sollempnitate
776 3219 842 3287 lrlio
861 3219 984 3287 domini
1001 3218 1042 3286 de
1060 3218 1227 3306 Eptingen
1245 3219 1408 3286 matrimo-

200 3390 203 3396 ,
273 3313 1409 3406 ·niocopulatur.RexFranciecomposuitonmFlandrensibus,red·

280 3415 362 3486 didit
370 3417 456 3486 enim
466 3419 519 3485 cis
534 3419 685 3485 comitem
696 3417 864 3486 dominum
883 3435 978 3486 suum
996 3423 1029 3484 et
1046 3416 1243 3503 filiumeiuS,
1262 3407 1408 3483 etomnia

280 3535 346 3603 qne
363 3515 524 3606 petebant
541 3517 747 3585 voluntarius
773 3516 977 3584 admittebat.
999 3515 1101 3584 Rome
1115 3533 1204 3603 papa
1220 3513 1407 3582 Bonil'aeius
1439 3551 1440 3608 l

280 3615 379 3704 obiit,
406 3622 483 3684 ante
510 3617 605 3684 ouius
632 3615 766 3684 domum
792 3633 849 3684 rex
876 3614 1014 3683 Francia
1038 3613 1232 3682 Ludovicus
1258 3613 1408 3680 vexillum
1439 3611 1440 3706 l

281 3732 375 3782 suum
393 3715 496 3784 tribus
523 3713 641 3782 diebus
660 3715 694 3781 in
713 3715 845 3801 signum
864 3715 1000 3783 victorie
1020 3713 1136 3781 dicitur
1154 3712 1383 3799 suspendisse.
1439 3709 1440 3765 l

354 3806 550 3881 ltl.cco.iiii.¹
573 3813 735 3882 Dominus
760 3813 1034 3902 archiepiscopus
1053 3813 1261 3880 Trevirensis
1280 3815 1405 3900 proptor

281 3910 538 3980 inobedientiam
558 3911 861 3982 Continentinorum
887 3911 1020 3982 obsedit
1044 3928 1104 3980 eos
1129 3928 1202 3978 eum
1221 3908 1404 3996 attingentis

281 4013 377 4097 equis
394 4009 590 4099 phaleratis,
627 4019 659 4078 et
684 4013 797 4097 coegit
822 4029 883 4080 eos
907 4013 938 4078 vi
963 4018 1000 4078 nt
1017 4011 1048 4078 ei
1066 4011 1099 4078 in
1119 4009 1273 4076 omnibus
1292 4006 1404 4077 obedi-

327 4172 345 4293 ἒ
365 4149 440 4250 diese
458 4167 510 4224 und
531 4167 574 4224 die
593 4167 717 4238 folgenda
736 4169 871 4225 iabrszabl
891 4168 960 4223 baba
980 4167 1021 4222 ieb
1041 4169 1109 4223 nach
1128 4167 1268 4236 massgabe
1288 4167 1404 4222 dealbat·

280 4255 325 4293 sae
345 4255 381 4293 en
397 4237 542 4306 arngelbgt.

317 4175 327 4228 1
