2884 4834
409 201 542 258 'rnnrtues
566 211 800 258 troannrrnrsss.
1108 181 1176 249 too

60 349 194 418 dominus
217 348 403 418 ltarrdoiius
430 349 692 428 Wormaoiensis
722 351 905 438 episeopus
929 349 983 436 pio
1014 347 1170 416 memorie

61 464 135 515 auno
157 445 280 515 domini
306 448 497 516 meentvii.
522 448 556 516 in
582 447 635 517 die
663 449 770 517 saneti
793 445 945 516 Medardi
970 447 1121 536 episcopi
1144 449 1177 514 vi

59 649 190 712 minster
206 652 284 714 ante
303 647 398 714 altari
416 647 553 732 virginis
570 647 728 732 gloriose.
755 647 857 714 Cuius
872 645 1016 714 eeeiesie
1032 661 1176 714 eonver-

60 743 192 812 sationis
218 745 290 833 ipse
315 750 431 814 auetor
454 751 487 813 et
505 744 662 814 fundator
678 745 852 814 existebat.
886 745 928 812 Et
944 762 1004 832 per
1022 743 1076 812 dei
1093 761 1176 829 gra-

58 844 127 911 eiam
152 849 185 910 et
210 849 344 933 propter
360 845 467 933 ipsius
485 843 688 935 fidelitatem,
708 845 850 912 Domino
877 849 1091 932 oooperante,
1110 849 1176 932 tam

57 941 101 1010 diu
117 939 257 1010 durabat
282 959 518 1012 suooessorum
536 959 671 1012 suorum
694 943 859 1030 litigaeio,
886 959 1063 1030 quousque
1088 941 1175 1010 iude-

55 1043 192 1108 iussores
212 1043 265 1109 sui
282 1059 345 1110 sua
370 1059 493 1129 magna
510 1041 622 1111 debita
642 1041 787 1111 totaliter
804 1041 930 1110 iebant
945 1040 1110 1110 absoluta.

116 1139 197 1208 Post
213 1140 337 1209 obitum
355 1159 436 1210 vero
453 1142 560 1230 ipsius
578 1142 787 1210 eoueorditer
804 1140 864 1208 init
882 1141 1009 1209 oleatus
1027 1141 1061 1208 in
1080 1139 1176 1229 epis-

57 1255 161 1326 copum
186 1257 207 1308 a
230 1241 377 1328 eapitulo
396 1239 550 1309 dominus
575 1240 749 1309 Conradus
775 1239 926 1308 deoauus
944 1237 1175 1325 moguntinos,

57 1339 104 1424 qui
120 1336 240 1406 dietum
259 1337 426 1409 dominum
443 1338 642 1408 Landolium
663 1341 857 1428 episeopom
874 1340 908 1406 in
926 1339 1035 1406 mrdtis
1053 1355 1176 1424 grava-

3 1505 5 1522 ,
57 1442 137 1504 vorat
163 1443 197 1505 et
219 1439 254 1505 in
279 1440 455 1508 sententiis
480 1437 783 1528 dampniiroaverat.
815 1436 876 1506 Hie
898 1455 972 1506 oum
997 1443 1091 1506 esset
1114 1438 1176 1505 tri-

3 1533 5 1598 }
55 1535 135 1621 ginta
156 1535 277 1605 diebus
305 1537 432 1607 eleetos
457 1539 604 1607 aeeessit
621 1538 786 1628 Nussiam,
805 1544 839 1605 et
862 1535 984 1605 ibidem
1003 1555 1021 1604 a
1040 1536 1175 1604 domino

3 1635 4 1650 ²
57 1635 157 1720 legato
175 1643 256 1704 tuno
271 1635 393 1705 ibidem
411 1638 577 1706 existente
602 1639 637 1705 in
655 1639 850 1725 episcopum
869 1633 931 1704 suit
947 1641 1175 1705 conseeratus.

3 1779 5 1792 t
56 1732 216 1801 utstatim
239 1733 430 1804 aseendens
455 1741 489 1804 et
514 1736 634 1805 volens
660 1735 822 1804 accedere
840 1735 1060 1804 Wormaeiom
1085 1736 1177 1804 venit

3 1881 5 1910 ς
55 1830 222 1924 borabam,
248 1839 282 1902 et
304 1834 349 1902 ibi
373 1834 559 1904 infirmitate
577 1835 776 1922 gravissima
792 1833 949 1903 detentos
968 1833 1049 1903 obiit
1065 1849 1175 1902 nonas

56 1930 191 2000 ootobris
219 1928 304 2022 [oet.
332 1929 371 2025 t]
400 1935 573 2020 trigesimo
597 1935 701 2023 primo
726 1934 781 2002 die
807 1933 1072 2002 oonseoratiouis
1103 1950 1174 2002 sue.

55 2027 88 2097 lit
102 2029 220 2099 duetus
236 2031 453 2119 Moguuoiam
477 2033 629 2122 sepultus
655 2039 708 2102 est
729 2034 762 2100 in
788 2033 934 2102 eeclesia
957 2031 1072 2100 maiori
1096 2037 1174 2100 ante

53 2127 142 2198 altare
159 2132 268 2200 saneti
288 2131 383 2200 Petri.

3 2261 4 2264 ¹
116 2228 269 2298 Tandem
293 2247 373 2300 vero
398 2236 478 2319 post
500 2231 607 2320 ipsius
631 2230 758 2300 obitum
783 2229 843 2299 iuit
866 2229 994 2299 eleetos
1021 2227 1175 2298 dominus

53 2325 254 2412 Eberhardus
278 2330 369 2417 prius
387 2332 597 2421 prepositus,
623 2329 798 2399 virbonus
824 2335 857 2398 et
873 2331 999 2422 iustus,
1027 2333 1060 2397 et
1077 2329 1174 2398 bonis

3 2461 4 2464 =
53 2426 187 2496 moribus
204 2445 267 2517 per
284 2429 395 2496 omnia
413 2428 612 2518 adornatus
632 2430 764 2498 eomitis
781 2430 879 2498 Irsuti
897 2428 984 2497 tilius
993 2481 1003 2519 ,
1029 2428 1085 2516 qui
1103 2433 1174 2496 sta·

54 2525 100 2592 tim
116 2541 135 2594 a
152 2524 290 2596 domino
315 2526 437 2597 Sitrido
462 2528 716 2617 arehiepiseopo
734 2527 937 2614 Mogontino
964 2527 1024 2596 init
1048 2527 1174 2596 eontr-

4 2661 6 2716 ἰ
52 2629 177 2714 natus,
196 2632 441 2715 etpresentate
468 2626 600 2696 inerunt
623 2628 687 2696 sibi
713 2627 920 2696 monteiones
945 2627 1100 2696 eoeleste.
1133 2626 1176 2693 Et

52 2721 184 2807 eredens
203 2741 242 2792 se
259 2726 373 2794 vivere
397 2733 431 2795 et
455 2725 574 2796 sedere
591 2727 625 2794 in
647 2744 743 2815 paee,
769 2726 968 2794 substitutus
992 2725 1054 2792 sibi
1078 2723 1175 2792 inita

50 2818 173 2892 domino
200 2823 297 2891 Petro
323 2826 438 2912 iegato
464 2823 619 2894 dominus
644 2825 845 2914 Riebardus,
870 2823 970 2893 irater
994 2823 1108 2892 Wiriei
1132 2822 1175 2890 de

50 2917 146 2990 buna.
172 2921 365 3009 Litigabaut
381 2925 482 3010 igitur
506 2925 603 2993 simul
628 2925 737 2993 multis
764 2923 968 3012 temporibus
996 2929 1060 2990 tam
1086 2920 1174 3010 apud

50 3016 241 3106 Lugdunum
267 3021 402 3092 domino
426 3041 514 3112 papa
532 3023 576 3092 ibi
594 3025 779 3112 existente,
810 3039 908 3111 quum
934 3021 1022 3111 apud
1039 3020 1175 3092 Romam

51 3115 174 3188 donuno
191 3137 280 3210 papa
297 3122 376 3190 illue
392 3123 621 3213 perveniente,
642 3140 708 3211 quo
727 3122 814 3190 idem
832 3121 987 3190 dominus
1006 3120 1174 3190 Eberhar-

50 3213 102 3284 dus
119 3220 339 3306 personaliter
356 3222 504 3290 aooessit
517 3239 640 3308 graves
654 3237 823 3310 expensas
842 3218 1007 3290 iaoiendo.
1026 3218 1174 3288 Tandem

51 3332 121 3385 vero
139 3315 283 3386 obtinuit
300 3318 454 3388 dominus
472 3319 667 3411 bichardus,
682 3325 717 3389 et
733 3319 945 3388 oonirmatus
964 3318 1034 3387 init.
1053 3317 1175 3387 Postea

50 3410 101 3481 tuit
116 3417 298 3485 ooneordia
315 3417 404 3487 taeta
421 3420 507 3488 inter
525 3435 597 3510 eos,
616 3421 663 3488 ita
680 3418 771 3507 quod
789 3417 944 3486 dominus
964 3416 1145 3486 iiiohardus
1164 3410 1174 3452 ¹

52 3514 221 3603 episeopus
238 3515 332 3585 daret
345 3516 480 3588 domino
494 3517 687 3587 Eborberde
705 3517 909 3606 temporibus
924 3517 991 3585 vite
1008 3533 1069 3584 sue
1087 3533 1171 3584 een-

50 3615 106 3679 tum
130 3613 232 3682 libras
262 3617 531 3686 wormacienses.
570 3618 611 3686 Et
636 3617 699 3686 hee
723 3617 930 3704 eomposioio
949 3613 1035 3682 taeta
1053 3619 1173 3702 posteo

5 3753 6 3802 3
51 3710 184 3780 stabilita
202 3712 264 3781 suit
284 3733 345 3804 per
369 3717 619 3784 serenissimum
640 3715 809 3784 dominum
830 3714 1041 3782 Wilbelmum
1060 3731 1173 3800 regem

50 3805 269 3880 Romanorum.
456 3889 459 3895 A

114 3909 249 3980 Intravit
273 3912 386 4000 itaque
410 3911 564 3982 dominus
583 3911 765 3982 Riehardus
793 3913 975 4002 episeopus
1002 3929 1091 3980 anno
1110 3909 1173 3980 do·

51 4006 118 4074 nini
134 4011 278 4079 maelii.
297 4013 331 4078 in
353 4012 519 4081 divitatem
540 4011 824 4081 Wormaeiensom
852 4013 886 4080 in
915 4010 1030 4099 vigilia
1051 4009 1173 4079 buthe-

51 4101 100 4172 dro
125 4109 231 4177 saneti
253 4109 339 4178 Petri
366 4107 448 4201 [iob.
472 4108 548 4201 21].
575 4111 747 4180 utstatim
770 4117 848 4199 post
875 4111 981 4200 ipsius
1006 4109 1173 4178 introitum

78 4216 106 4282 t)
121 4215 292 4274 Reinhardua
310 4217 350 4274 hs.
370 4217 425 4274 und
443 4233 473 4274 so
492 4217 570 4274 diter.
