2884 4834
268 210 338 280 tit
639 238 766 285 auurnrs
787 239 1023 288 wonuarrrusrs.

265 378 398 446 Martini
421 379 571 466 proximo
597 376 639 446 ad
663 396 784 446 annum
811 378 871 447 luit
895 397 936 447 ex
960 378 1131 448 voluntate
1156 379 1279 450 domiui
1299 388 1383 472 epis-

266 479 341 567 eopi
368 476 546 546 llberlrardi
571 477 813 567 prolongatum.

710 675 920 686 v——u—n--a-—n

184 801 247 856 ¹²²¹
342 795 441 867 llnno
468 797 590 867 domini
616 799 784 866 moenai.
806 805 1030 888 pervenerunt
1053 800 1159 890 primo
1182 801 1217 867 in
1242 799 1386 869 Worma-

264 897 348 966 ciam
366 896 484 966 iratres
508 898 667 966 Minores,
694 899 735 966 Et
759 905 837 966 tunc
855 905 1054 988 receperunt
1078 898 1210 968 domurn
1228 898 1272 967 ad
1289 917 1384 968 sane·

264 1003 332 1066 tum
348 997 534 1132 duranum.
560 997 683 1066 Postea
705 997 946 1066 transtulerunt
969 1017 1007 1068 se
1032 1017 1137 1088 prope
1162 1000 1272 1067 vicum
1290 998 1387 1067 sancti

263 1097 376 1166 Petri.

337 1195 471 1265 Fratres
496 1193 727 1264 Prodicatores
753 1196 959 1264 intraverunt
981 1197 1087 1285 primo
1111 1195 1332 1264 Wonnaciam
1350 1198 1386 1266 ad

264 1293 533 1363 commorandum
559 1313 648 1363 anno
673 1295 796 1363 domini
813 1296 1003 1363 meuxnvi.
1022 1303 1255 1384 comparantes
1274 1298 1386 1365 curiam

264 1395 441 1462 Wernheri
460 1393 571 1461 militis
589 1395 674 1462 inter
692 1395 886 1485 senatores,
906 1401 939 1462 et
955 1396 1151 1483 inceperunt
1167 1395 1213 1462 ibi
1230 1394 1385 1464 edificare.

264 1491 427 1562 Dominus
452 1500 561 1561 autern
588 1491 763 1560 Heinrious
787 1494 966 1582 episcopus
994 1500 1064 1562 erat
1086 1495 1169 1583 ipsis
1195 1497 1386 1585 contrarius

266 1591 328 1661 sed
347 1595 438 1660 cives
456 1591 614 1661 favebant
632 1595 692 1661 eis.
719 1593 840 1660 Institit
857 1611 938 1662 vero
957 1595 1137 1682 episeopus
1157 1592 1265 1661 modis
1284 1596 1387 1662 omni-

264 1693 328 1761 bus
355 1691 493 1780 qualiter
518 1709 578 1759 eos
605 1691 647 1760 de
672 1693 805 1760 civitate
829 1699 1032 1782 removeret,
1060 1694 1149 1760 clero
1176 1692 1240 1761 sibi
1265 1709 1387 1782 semper

265 1793 454 1860 assistente.
480 1791 521 1859 Et
543 1791 643 1858 nichil
668 1791 873 1880 proficiebat.
906 1789 1060 1859 Habebat
1084 1793 1186 1859 eciam
1207 1792 1306 1859 tilium
1325 1791 1387 1861 lra-

263 1893 323 1959 tris
343 1891 394 1959 sui
412 1892 542 1960 comitis
565 1891 607 1958 de
624 1891 791 1976 Liningen
819 1892 852 1958 in
871 1889 987 1958 ordine
1001 1892 1134 1960 nomine
1156 1890 1387 1981 Eberhardun‚

265 1993 320 2078 qui
339 1990 469 2059 obiitin
489 1989 606 2058 eodem
626 1989 725 2058 domo
745 1997 777 2058 et
796 1990 947 2078 sepultus
965 1990 999 2057 in
1017 2007 1095 2058 area
1113 1989 1249 2058 fratrum
1264 1991 1386 2058 ibidem.

264 2087 338 2169 Quo
363 2089 530 2158 accedens
554 2090 652 2157 iussit
670 2107 745 2158 eum
768 2089 925 2158 alludere.
951 2088 992 2156 Et
1009 2095 1196 2158 convocato
1216 2097 1286 2158 toto
1306 2091 1386 2158 clero

254 2189 361 2257 'iussit
374 2190 496 2278 portari
514 2207 589 2256 eum
611 2193 644 2255 et
662 2187 804 2256 honeste
827 2207 901 2255 eum
922 2189 1056 2276 sepeliri
1070 2190 1102 2256 in
1118 2189 1264 2257 claustro
1283 2189 1386 2258 ecole-

264 2289 313 2356 sie
332 2289 476 2356 maioris.
503 2285 651 2355 Tandem
668 2305 749 2354 vero
770 2293 848 2375 post
862 2287 979 2354 multas
997 2288 1202 2374 litigationes
1217 2289 1386 2376 oportebat

262 2388 356 2475 ipsos
377 2384 492 2454 iratres
510 2384 677 2476 recedere,
698 2393 731 2453 et
749 2392 931 2454 structuras
947 2405 1059 2455 eorum
1074 2387 1245 2476 deponere
1260 2387 1303 2456 de
1318 2387 1386 2454 loco

261 2486 329 2554 illo.
355 2484 423 2574 lpsi
441 2503 521 2554 uero
539 2484 653 2553 divino
673 2485 797 2554 arixilio
814 2485 856 2553 ad
870 2487 978 2553 loeum
1000 2487 1168 2554 meliorem
1193 2493 1225 2554 et
1249 2487 1386 2574 amplio-

262 2603 329 2652 rem
346 2603 384 2654 se
403 2586 656 2675 transtulerunt,
674 2585 833 2652 uidelicet
848 2584 891 2652 ad
908 2586 1029 2652 curiam
1046 2583 1259 2671 Hiltegundis
1274 2584 1386 2653 dictam

262 2691 339 2753 ante
365 2683 551 2772 Monetam,
571 2703 668 2773 quarn
694 2687 797 2752 eciam
822 2685 891 2751 suis
917 2683 1061 2752 denariis
1087 2685 1212 2752 auxilio
1231 2685 1386 2753 bonorum

261 2783 431 2852 hominum
445 2791 728 2873 conparaverunt,
748 2782 867 2851 domus
884 2787 918 2850 et
931 2801 1026 2851 areas
1041 2784 1316 2852 circumiacentes
1331 2782 1386 2851 sibi

261 2881 369 2951 modis
388 2883 540 2951 omnibus
558 2883 780 2951 adtrahentes

336 2978 434 3049 Anno
453 2984 640 3051 meonxui.
658 2980 832 3050 Heinrious
851 2981 1031 3070 episcopus
1050 2980 1317 3049 Wormaciensis
1334 2983 1383 3048 in-

263 3082 352 3168 cepit
369 3083 604 3149 monasterium
622 3082 656 3148 in
677 3081 871 3166 Kirsgarten
889 3086 982 3148 extra
1000 3098 1109 3148 muros
1130 3081 1273 3148 civitatis
1287 3081 1383 3148 Wor-

263 3180 443 3247 maciensis
461 3182 494 3246 in
516 3199 595 3248 area
612 3183 683 3249 sive
701 3179 797 3248 hortu
818 3179 1024 3247 dominorum
1039 3179 1173 3248 maioris
1190 3179 1342 3248 ecclesie.
1434 3217 1435 3238 2

338 3277 440 3347 Arrno
460 3278 584 3346 domini
604 3279 804 3346 mcoxmvii.
821 3296 936 3346 mense
952 3279 1076 3346 marcio
1099 3279 1231 3364 egressi
1256 3283 1332 3346 sunt
1347 3275 1382 3344 de

262 3377 396 3446 civitate
416 3378 459 3443 u
461 3379 660 3446 ormariensi
677 3378 774 3444 simul
790 3384 822 3444 ot
842 3379 945 3445 semel
961 3377 1036 3464 plus
1052 3395 1150 3465 quiam
1161 3375 1434 3468 quadringenti

264 3479 356 3547 cives
373 3495 470 3546 oruoe
489 3479 615 3564 signati
636 3476 678 3544 ad
701 3476 884 3566 subsidium
909 3484 994 3544 terre
1017 3483 1132 3544 sancte
1151 3475 1194 3545 ad
1211 3473 1382 3565 partesul-

262 3578 467 3645 tramarinas.
500 3575 626 3644 Eodem
645 3593 786 3689 quoque
811 3579 959 3664 tempore
986 3575 1211 3644 transfretavit
1239 3575 1381 3643 dominus

262 3675 445 3744 Friderious
466 3677 538 3744 eius
564 3675 706 3742 nominis
726 3673 895 3742 secundus
914 3675 1093 3763 imperator
1113 3674 1318 3760 magnificus
1349 3671 1382 3737 llt

263 3775 479 3860 subiugasset
498 3775 609 3842 subito
628 3773 690 3842 sibi
710 3780 827 3841 terram
848 3780 1007 3860 sanctam,
1028 3791 1056 3840 sr
1048 3773 1226 3841 dominus
1245 3792 1329 3862 papa
1341 3771 1381 3837 ci·

263 3873 382 3941 vitatos
403 3891 483 3942 suas
509 3876 542 3940 in
556 3872 674 3962 Apulia
701 3879 734 3940 et
759 3873 870 3940 Sicilia
895 3873 929 3939 in
952 3874 1057 3962 ipsius
1081 3871 1236 3940 absentia
1257 3890 1320 3940 non
1336 3872 1380 3936 in·

263 3972 426 4062 vasisset‚
447 3974 738 4040 excommunicans
761 3973 865 4040 eciam
889 3973 1117 4061 imperatorem
1142 3977 1206 4038 tarn
1226 3971 1281 4039 illa
1297 3973 1379 4058 parte
1431 4037 1432 4060 ἶ

262 4072 362 4138 nmris
382 4089 479 4158 quam
502 4073 576 4140 ista.
603 4073 644 4140 Et
661 4073 711 4138 sio
733 4072 910 4158 oportebat
928 4089 1001 4138 eum
1023 4086 1081 4158 pro
1100 4067 1379 4137 innumerabilibus

263 4169 509 4256 gravaminibus
526 4178 559 4238 et
576 4171 727 4258 dampnis
746 4187 811 4258 que
825 4171 887 4258 ipsi
904 4169 1055 4239 dominus
1071 4187 1159 4257 papa
1174 4167 1292 4237 inferre
1310 4182 1379 4254 pro-

299 4280 329 4347 l)
348 4277 377 4333 ln
396 4278 472 4332 einer
490 4278 592 4332 andern
609 4278 650 4332 hs.
669 4276 753 4333 steht:
772 4277 1054 4333 Aunomcaxnviiii.
1074 4276 1380 4344 blinoresingressisunt.
