2890 4832
380 247 417 292 rx
439 246 602 293 eoonrnrnc
624 247 801 294 concurrisse
1090 217 1159 286 aba

49 387 229 476 prevenitru.
256 384 386 472 Corpus
405 386 478 452 eius
497 385 669 454 Coloniam
686 390 885 474 reportatura
902 385 936 451 in
954 387 1077 452 nraiora
1094 401 1154 452 ec·
1175 391 1242 446 lace

51 487 139 552 clesia
156 485 259 552 sancti
278 484 363 551 Petri
382 485 526 572 apostoli
545 502 619 552 curn
636 485 772 573 planctu
790 490 823 552 et
839 484 981 551 lacrimis
999 485 1159 574 plurinrc-

49 603 105 650 run
123 583 286 670 sepelitur.

110 683 185 748 ltenr
217 699 306 748 anno
333 681 456 748 donini
491 683 666 768 rn.cu.viii.‚
692 681 733 748 ab
768 680 848 747 urbe
882 685 993 748 autern
1025 680 1160 748 condita

46 779 291 868 n.dcccc.l.viiii,
312 781 485 868 conpletis
503 781 544 848 ab
567 782 696 866 origine
720 778 832 847 nundi
856 780 952 846 annis
975 796 1037 846 sex
1057 779 1158 846 nrilli-

46 879 97 946 bus
114 879 365 965 quadringentis
385 887 530 969 septem,
556 881 591 947 in
609 879 695 947 testo
715 880 822 946 sancti
835 877 968 945 Martini
988 873 1157 969 [noull]

49 977 124 1064 apud
140 977 162 1043 F
166 979 358 1046 ranhinvort
376 979 610 1046 celeberrimus
630 983 816 1046 conventus
834 975 1018 1065 principum
1037 977 1106 1064 suit,
1126 983 1160 1044 et

46 1083 73 1142 ut
86 1076 192 1162 plures
211 1079 324 1144 testati
342 1084 420 1145 sunt
438 1079 493 1164 qui
511 1081 686 1166 presentes
704 1076 853 1166 aderant,
872 1089 940 1143 non
958 1077 992 1144 in
1008 1075 1158 1164 pluribus

47 1175 128 1242 annis
145 1180 194 1243 tot
212 1176 342 1244 nobiles
360 1182 410 1244 tot
426 1184 582 1264 potentes
600 1178 632 1243 in
652 1177 749 1243 sinrul
768 1176 978 1243 convenisse.
998 1175 1060 1242 Ubi
1079 1172 1158 1242 Otto

46 1291 93 1339 rex
115 1276 336 1360 nonagesimo
360 1277 463 1344 tercio
488 1277 565 1344 loco
585 1275 627 1343 ab
644 1274 801 1361 Augusto
820 1273 861 1340 ab
880 1274 1033 1340 omnibus
1050 1275 1084 1340 in
1103 1291 1158 1341 re-

44 1389 107 1456 gern
132 1373 281 1461 eligitur,
306 1373 524 1462 diademaque
544 1393 617 1442 cunr
635 1375 753 1442 lancea
770 1373 928 1460 irnperiali
947 1374 977 1440 ci
996 1374 1158 1458 assigna-

44 1475 100 1558 tur,
118 1471 182 1538 filia
200 1473 340 1560 Philippi
358 1475 447 1558 regis
466 1492 539 1541 cunr
558 1474 722 1541 universis
742 1491 806 1559 quc
824 1471 1023 1557 possederat
1039 1473 1074 1538 in
1090 1471 1157 1539 do·-

44 1573 96 1634 ten
113 1571 140 1636 ei
159 1570 264 1638 datur.
284 1569 355 1650 Quo
374 1574 478 1639 eciarn
497 1589 607 1640 coram
627 1589 706 1657 rege
725 1577 756 1638 et
769 1569 972 1657 principibus
991 1569 1033 1638 de
1052 1575 1157 1638 nrcrte
1237 1595 1240 1614 ¹

42 1668 126 1752 patris
145 1677 342 1759 conquesta,
354 1670 477 1739 iudicio
496 1671 640 1739 omnium
659 1669 827 1758 predictus
847 1668 1014 1736 Palatinus
1034 1670 1156 1736 eteius

43 1763 173 1834 fautores
192 1769 444 1854 proscribuntur
462 1776 495 1836 et
512 1769 739 1857 dampnantur.
758 1768 805 1834 lbi
824 1785 882 1834 rex
899 1769 1015 1856 primo,
1034 1767 1156 1834 deinde

42 1867 126 1931 ceteri
143 1868 325 1955 principeS,
344 1869 453 1936 iurant
471 1868 593 1934 lirrnarn
611 1886 727 1954 pacern
748 1874 831 1934 terra
848 1867 995 1952 marique
1015 1883 1156 1934 servan-

43 1959 116 2051 dam,
149 1981 267 2032 ornnes
295 1967 435 2034 iniustas
462 1969 655 2034 exactiones
686 1965 898 2050 vectigalium
925 1964 1155 2052 deponendas

43 2064 136 2129 onnia
161 2065 268 2136 eciarn
293 2066 401 2132 iuraa
422 2064 544 2134 llarolo
571 2083 694 2151 rnagno
720 2067 871 2132 instituta
896 2062 1108 2131 observanda
1126 2068 1159 2130 ct

42 2161 179 2228 tenenda.

102 2259 254 2328 Generali
278 2261 379 2348 igitur
404 2262 568 2330 electione
592 2262 731 2331 Colonlc
756 2262 886 2350 habita,
904 2260 1070 2349 prioribus
1089 2276 1158 2327 non

44 2359 320 2450 concordantibus7
335 2378 393 2428 rex
410 2362 520 2429 missis
538 2362 656 2429 litteris
675 2360 852 2429 adventurn
872 2379 968 2428 suurn
984 2359 1158 2448 prestolari

44 2452 191 2542 deposcit.
220 2457 284 2538 Qui
310 2460 413 2526 eciarn
439 2468 515 2528 ante
538 2462 649 2528 natale
674 2459 797 2528 donini
822 2459 992 2528 Coloniam
1018 2459 1157 2526 veniens

41 2569 100 2621 cun
116 2555 246 2625 honore
264 2559 406 2626 nraxinno
426 2560 612 2648 suscipitur.
637 2559 700 2626 Ubi
721 2557 948 2626 Theodericus
966 2559 1156 2644 prepositus

43 2660 219 2722 sanctorum
237 2654 474 2744 Apostolorum
492 2660 564 2726 eius
591 2658 730 2726 consilio
750 2663 783 2724 et
801 2658 925 2726 auxilio
944 2656 985 2724 ab
1004 2655 1157 2723 ornnibus

39 2749 65 2815 in
81 2754 273 2841 episcopurn
292 2756 438 2843 eligitur,
458 2763 492 2824 et
509 2776 529 2825 a
547 2759 675 2824 cunctis
689 2756 857 2824 nobilibus
872 2762 957 2822 terre
974 2756 1048 2842 ipsa
1066 2754 1157 2820 elec-

41 2848 76 2914 tio
99 2853 309 2940 approbatur.
343 2853 481 2940 Regalia
507 2873 641 2942 quoque
667 2855 708 2923 de
736 2873 835 2922 rnanu
861 2856 932 2922 eius
954 2853 1155 2940 suscipiens²

41 2945 178 3018 ducatum
203 2949 370 3042 Angarie,
394 2953 544 3042 Philippo
570 2953 676 3022 lelicis
703 2955 857 3022 memorie
883 2951 1075 3020 Coloniensi
1102 2969 1156 3016 ar-

40 3045 244 3138 chiepiscopo
263 3069 282 3118 a
300 3051 464 3120 Fridericc
483 3055 681 3140 imperatore
701 3053 870 3141 traditura,
889 3052 1031 3138 expulso
1050 3049 1156 3116 llein-

39 3143 93 3212 rico
111 3147 194 3216 duce
215 3141 362 3217 Sano'nie
380 3157 472 3238 patre
490 3153 597 3239 ipsius
616 3153 726 3240 regis,
746 3169 819 3218 cun
837 3151 958 3218 ducatu
974 3149 1156 3218 Lolbarin-

40 3244 98 3331 gie,
126 3264 237 3314 corarn
261 3248 418 3318 Heinrico
444 3251 592 3336 palatino
618 3251 736 3318 cornito
767 3249 871 3317 Rheni
900 3251 999 3316 tratre
1026 3249 1097 3316 eius
1123 3251 1156 3314 ct

40 3344 232 3432 principibus
251 3349 306 3433 qui
325 3353 500 3435 presentes
519 3348 676 3438 aderant,
694 3350 758 3436 ipsi
776 3349 970 3434 assignavit.

100 3441 177 3529 lpso
205 3446 309 3512 eciarn
334 3464 422 3513 anno
450 3447 591 3515 audiens
615 3466 702 3535 papa
734 3465 793 3535 per
825 3453 926 3514 totarn
951 3445 1155 3512 Provinciam
1245 3497 1247 3504 .

41 3537 181 3621 plurimas
201 3544 354 3612 civitates
374 3563 446 3611 curn
465 3545 645 3613 baronibus
665 3551 698 3612 ct
714 3545 880 3612 nobilibus
903 3550 988 3611 terre
1011 3549 1044 3610 ct
1066 3543 1154 3609 clero

42 3651 57 3698 a
73 3636 130 3706 fide
149 3641 312 3710 catholica
331 3645 516 3712 recessisse
536 3650 568 3712 et
585 3647 618 3711 in
635 3645 776 3711 heresin
795 3643 981 3732 decidisse,
1001 3639 1155 3709 cardine-

40 3731 92 3800 lcn
116 3739 280 3824 quendam
304 3743 407 3810 virunr
432 3744 617 3831 sapientem
642 3749 674 3810 et
692 3743 885 3828 religiosum
903 3743 980 3808 illuc
999 3741 1155 3806 transmi-

39 3831 87 3920 sit,
110 3842 145 3902 ut
169 3839 395 3926 predicatione
427 3847 460 3909 et
485 3842 714 3909 exhortatione
739 3859 800 3908 sua
824 3842 900 3908 illos
920 3839 962 3908 ad
982 3839 1078 3906 trdcro
1097 3857 1155 3906 re-

40 3942 169 4003 uocaret.
196 3936 258 4017 Qui
279 3957 356 4007 nrox
380 3945 417 4006 ut
444 3939 528 4008 lines
553 3957 665 4008 eorurn
691 3942 801 4025 attigit
824 3947 856 4008 et
873 3941 921 4006 eis
943 3939 1154 4023 evangelium

41 4032 121 4111 pacis
140 4035 264 4126 obtulit,
283 4039 329 4104 illi
347 4037 499 4106 infelices
518 4045 554 4106 ut
572 4038 708 4126 aspides
724 4038 924 4107 obdurantes
943 4054 1050 4126 aureo,
1070 4055 1154 4104 eun-

40 4123 105 4194 den
121 4134 220 4202 virurn
238 4142 387 4204 sanetum
406 4137 696 4225 apprehendentes
715 4137 892 4207 crudeliter
909 4139 1153 4204 interemerunt.

42 4222 130 4295 Cuius
156 4249 275 4323 corpus
295 4254 315 4302 a
334 4234 487 4304 fidelibus
516 4237 689 4306 collectura
715 4242 749 4304 et
774 4237 816 4306 ad
842 4237 1016 4306 cenobionr
1033 4251 1154 4302 nnona-
