2916 4834
412 204 544 252 aurnuns
567 203 801 252 connumerans.
1120 177 1165 246 23

17 357 18 408 l
54 347 117 412 sunt
136 358 263 412 sorores
284 360 350 430 que
375 342 530 412 dieantur
550 345 740 412 Ponitentes
761 341 915 412 iratribus
941 341 1162 412 Prediontori-
1182 353 1248 410 reso

55 443 103 510 bus
118 440 158 509 ad
179 441 372 528 regendum.
403 442 553 530 Legatus
571 443 736 512 Teutonie
756 443 791 510 in
812 440 926 510 Metim
956 459 994 510 se
1021 442 1166 512 transle-

55 541 130 608 rabat
153 543 228 628 quia
255 540 399 610 lurorem
422 543 680 611 Teutonioorum
709 559 777 610 non
803 543 962 610 immerito
988 541 1165 610 metuebat.

55 641 164 708 Glaeles
191 657 257 728 que
282 639 375 710 duxit
398 642 432 710 in
455 640 571 710 Rheno
591 659 654 710 orrv
679 657 784 709 naves
806 639 985 708 submersit
1012 646 1046 708 et
1070 639 1165 710 villas

16 765 19 836 ξ
55 739 162 826 aliquas
177 738 376 809 devastavit.

16 845 18 936 ξ
88 837 322 908 llleolxrrnvii.
347 839 499 926 Legatos
523 858 542 908 a
564 839 669 908 latere
691 838 814 908 domini
830 855 917 928 papo
935 840 1059 908 missus
1078 855 1165 908 eon-

16 939 18 1024 ξ
52 937 141 1004 ellium
166 939 234 1007 xvii
257 939 323 1010 irai.
347 939 457 1028 aprilis
484 938 588 1028 [minz
612 939 674 1027 16]
697 937 869 1006 eelebrare
894 937 1077 1028 voluisset,
1104 938 1165 1008 sed

52 1054 97 1123 per
110 1037 363 1126 appellationem
383 1040 535 1128 episeopi
555 1037 768 1108 Coloniensis
790 1042 823 1106 et
850 1037 1000 1124 episeopi
1023 1037 1165 1106 Tullen-

51 1136 87 1203 sis
102 1135 192 1204 Probi
209 1139 345 1206 nomine
366 1137 491 1207 ordinis
515 1137 680 1207 Minorum
701 1133 761 1206 luit
778 1135 922 1204 totaliter
939 1137 1164 1225 interruptum.

52 1234 168 1304 lleeimo
185 1243 287 1306 sexto
301 1237 367 1306 lral.
389 1237 502 1326 aprilis
521 1236 625 1323 [mrim
644 1231 707 1326 15]
727 1235 881 1306 dominus
896 1233 939 1303 de
955 1235 1164 1324 Rapoltstein

51 1333 138 1402 villam
166 1337 277 1404 saneti
304 1336 477 1425 Hippolyti
505 1354 579 1404 enm
603 1337 751 1406 exereitn
774 1336 940 1424 introivit,
971 1352 1111 1422 eamque
1131 1341 1164 1402 et

51 1433 204 1502 eeclesiam
222 1435 358 1522 ignibus
380 1435 587 1525 devastavit;
598 1436 739 1504 elerious
761 1433 803 1504 de
818 1434 964 1502 eeclesia
981 1434 1115 1502 saltavit
1131 1439 1166 1502 et

17 1527 18 1530 ’
49 1531 380 1624 eonlraotusperiitin
398 1536 546 1604 instanti.
580 1534 750 1604 Honorius
774 1552 862 1622 papa
878 1532 968 1602 obiit.
1000 1533 1163 1602 Dominus

49 1629 80 1698 de
100 1631 306 1722 Rapoltstein
345 1653 419 1704 eum
459 1635 607 1704 exereitu
639 1640 759 1703 terram
796 1633 995 1702 Gadioomm
1019 1632 1163 1722 intravit,

50 1734 74 1796 et
98 1748 156 1808 arur
186 1733 289 1802 villas
322 1735 469 1824 exussit,
506 1740 539 1802 et
571 1753 687 1804 eorum
711 1751 766 1802 res
788 1729 847 1800 luit
868 1732 1014 1801 totaliter
1037 1730 1163 1820 depre-

51 1827 135 1898 datus.
161 1831 270 1910 Sexto
288 1832 364 1901 idus
386 1835 462 1902 maii
481 1833 562 1920 [mai
580 1832 643 1922 lll]
658 1832 813 1903 dominus
832 1831 874 1900 de
888 1829 1056 1900 Baldeolro
1072 1849 1162 1900 uxo-

48 1945 99 1996 ren
121 1928 234 2021 duxit,
263 1937 297 2000 et
314 1934 405 2001 nives
420 1931 712 2002 columbarienses
730 1948 785 2000 res
808 1929 932 2000 domini
954 1929 996 1998 dn
1020 1927 1163 2018 Rapolt-

49 2029 115 2096 stein
139 2032 359 2100 communiter
383 2034 588 2102 invaserunt.
615 2031 777 2100 Dominus
805 2029 847 2099 de
870 2028 1079 2117 Rapoltstein
1098 2027 1161 2096 do-

16 2121 17 2126 ’
48 2128 146 2198 ninum
174 2129 219 2198 de
248 2129 422 2200 Horburoh
446 2131 583 2200 viriliter
609 2130 817 2221 impugnavit
841 2134 941 2216 atque
967 2127 1010 2198 ad
1037 2125 1161 2195 Callis-

46 2225 126 2296 beroh
148 2231 306 2316 pervenit
330 2237 365 2299 ut
390 2232 542 2319 eaptivos
568 2249 629 2300 sun
657 2229 809 2319 potentin
832 2227 998 2296 liberaret.
1040 2225 1161 2295 Domi-

45 2342 93 2394 nus
127 2333 240 2398 autem
278 2327 320 2397 de
351 2329 527 2399 Horburob
559 2348 633 2399 oum
662 2329 839 2398 balistariis
879 2326 921 2396 de
956 2325 1161 2394 Cellisberoh

15 2467 16 2518 3
46 2421 221 2519 deseendit,
245 2430 343 2516 eique
368 2435 445 2498 oeto
466 2445 574 2517 equos
592 2427 756 2499 interlneit
774 2433 808 2496 et
824 2427 899 2516 plus
925 2443 1024 2514 quam
1044 2426 1161 2511 viginti

45 2542 125 2593 unum
146 2531 282 2616 equites
295 2528 493 2597 vulneravit.
518 2528 615 2598 Porto
632 2527 764 2596 fratrum
783 2525 1028 2594 Predioatorum
1045 2525 1079 2591 iu
1094 2520 1160 2591 Ar-

44 2626 158 2707 gentina
173 2645 194 2694 a
208 2627 339 2696 oivibus
354 2627 603 2718 olaudebantur,
616 2626 776 2696 volebant
793 2641 855 2694 eos
869 2640 993 2710 eogere
1010 2629 1046 2691 nt
1065 2640 1160 2692 snam

45 2741 88 2807 per
106 2727 217 2794 omnia
246 2725 396 2796 sanarent
421 2727 638 2796 voluntatem.
683 2722 845 2793 liudollus
871 2741 929 2792 rex
953 2720 1160 2810 Rapoltstein

44 2821 126 2890 tribus
141 2823 264 2894 diebus
283 2825 432 2911 obsedit,
459 2825 522 2896 sed
544 2825 586 2895 ab
608 2823 786 2895 obsidione
802 2822 942 2892 reoessit
963 2838 1036 2890 oum
1055 2819 1160 2888 intel·

45 2919 269 3012 texissetquod
295 2943 370 2994 oum
393 2927 444 2994 sui
470 2927 567 2994 morti
589 2923 719 2994 tradere
740 2923 936 2992 voluissent
970 2919 1159 3010 Episeopus

44 3017 144 3090 Probus
175 3025 313 3094 nornine
348 3023 475 3093 ordinis
500 3023 666 3094 Minomm
699 3022 759 3092 luit
795 3021 1100 3090 excommunicatus
1125 3021 1160 3088 in

42 3117 210 3205 ingemina
239 3124 273 3192 in
295 3122 507 3193 dedioatione
530 3123 677 3192 eoelesie
702 3121 837 3190 maioris
860 3139 882 3188 a
906 3119 1073 3188 Gordiano
1097 3135 1157 3186 or·
1274 3133 1277 3138 ·

43 3214 111 3288 dinis
129 3220 267 3292 lratrum
295 3222 470 3292 Minomm.
497 3222 604 3311 Prope
621 3222 845 3291 Brunnenlrut
871 3217 1004 3288 luerunt
1025 3216 1068 3286 de
1092 3217 1159 3286 ho-

43 3319 163 3389 minibus
183 3322 385 3391 Basiliensis
402 3323 556 3411 episeopi
575 3320 707 3410 quidam
729 3318 893 3388 interleeli
909 3324 944 3386 et
960 3318 1037 3406 plus
1059 3335 1158 3404 quam

42 3413 198 3488 duodeoim
224 3421 345 3490 milites
376 3422 545 3510 captivati.
592 3417 623 3488 A
645 3419 764 3489 Judeis
792 3415 986 3488 interleotus
1017 3421 1071 3484 est
1098 3413 1158 3484 der

41 3523 124 3598 vuote
138 3519 308 3590 Wemher
321 3521 357 3590 in
372 3520 501 3590 Wesilo
516 3537 621 3609 prope
636 3519 849 3608 Baearaeum,
866 3533 932 3604 que
949 3513 1157 3584 mariamnes
1173 3605 1177 3613 ⁵

41 3613 89 3683 site
111 3635 220 3709 snper
236 3617 397 3690 Rhenum.
430 3617 592 3689 liudolfus
624 3635 684 3687 rex
712 3635 786 3686 oum
819 3613 1006 3686 civitatibus
1036 3612 1156 3682 vicinis

41 3721 163 3785 nastrum
185 3720 337 3806 ligneum
356 3721 391 3788 in
411 3719 530 3788 Gemer
549 3717 592 3786 ad
612 3715 833 3786 obsidendum
857 3719 999 3783 nastrum
1015 3711 1156 3801 Rapolt-

41 3815 109 3883 stein
124 3819 276 3887 nosoitur
294 3819 536 3888 nonstrurrisse.
561 3815 632 3885 ilex
646 3814 807 3884 Rudollus
828 3813 915 3902 oepit
937 3811 981 3882 de
999 3810 1157 3882 llotvvilre

42 3909 163 3984 ludeum
182 3918 242 4005 qni
259 3936 279 3986 a
296 3915 415 3987 Judeis
432 3933 575 4004 magnus
594 3916 629 3984 in
644 3915 756 3984 multis
773 3913 922 3982 soienliis
937 3910 1107 3981 dioebatnr
1124 3917 1158 3978 et

41 4012 111 4098 npud
126 4015 175 4084 eis
193 4035 337 4104 magnus
351 4016 537 4086 habebatur
552 4017 586 4084 in
607 4015 753 4084 solennia
773 4013 960 4082 ethonore.
993 4009 1155 4078 Dominus

42 4108 73 4176 le
86 4110 289 4202 Rapoltstein
308 4115 430 4185 multos
449 4115 600 4184 homines
626 4113 751 4184 domini
775 4110 948 4181 Horburoh
975 4115 1008 4178 et
1025 4107 1155 4178 multos

39 4205 69 4276 de
90 4210 301 4300 sigoltsheim
322 4217 411 4305 oepit
433 4221 466 4284 et
493 4214 567 4284 sino
586 4231 700 4303 pugna
725 4211 768 4282 ad
792 4211 924 4301 propria
951 4205 1155 4297 perdurabat
