<?xml version="1.0" encoding="UTF-8"?>
<!DOCTYPE html PUBLIC "-//W3C//DTD XHTML 1.0 Transitional//EN"
    "http://www.w3.org/TR/xhtml1/DTD/xhtml1-transitional.dtd">
<html xmlns="http://www.w3.org/1999/xhtml" xml:lang="en" lang="en">
 <head>
  <title>
</title>
<meta http-equiv="Content-Type" content="text/html;charset=utf-8" />
  <meta name='ocr-system' content='tesseract 3.04.00' />
  <meta name='ocr-capabilities' content='ocr_page ocr_carea ocr_par ocr_line ocrx_word'/>
</head>
<body>
  <div class='ocr_page' id='page_1' title='image "./fontesrerumgerm00hubegoog_0568.png"; bbox 0 0 2950 4836; ppageno 0'>
   <div class='ocr_carea' id='block_1_1' title="bbox 442 228 1220 301">
    <p class='ocr_par' dir='ltr' id='par_1_1' title="bbox 442 228 1220 301">
     <span class='ocr_line' id='line_1_1' title="bbox 442 228 1220 301; baseline -0.008 -1"><span class='ocrx_word' id='word_1_1' title='bbox 442 254 614 301; x_wconf 80' lang='lat' dir='ltr'>asculanus</span> <span class='ocrx_word' id='word_1_2' title='bbox 635 254 822 300; x_wconf 43' lang='lat' dir='ltr'>nitranensis.</span> <span class='ocrx_word' id='word_1_3' title='bbox 1151 228 1220 296; x_wconf 83' lang='lat'>505</span> 
     </span>
    </p>
   </div>
   <div class='ocr_carea' id='block_1_2' title="bbox 72 392 1303 1873">
    <p class='ocr_par' dir='ltr' id='par_1_2' title="bbox 73 392 1303 881">
     <span class='ocr_line' id='line_1_2' title="bbox 75 392 1303 484; baseline -0.006 -20"><span class='ocrx_word' id='word_1_4' title='bbox 75 400 180 464; x_wconf 91' lang='lat' dir='ltr'>sente</span> <span class='ocrx_word' id='word_1_5' title='bbox 198 393 367 462; x_wconf 86' lang='lat' dir='ltr'>Friderico</span> <span class='ocrx_word' id='word_1_6' title='bbox 385 395 605 484; x_wconf 62' lang='lat' dir='ltr'>imperatore„</span> <span class='ocrx_word' id='word_1_7' title='bbox 621 392 685 474; x_wconf 87' lang='lat' dir='ltr'>Qui</span> <span class='ocrx_word' id='word_1_8' title='bbox 712 395 810 462; x_wconf 90' lang='lat' dir='ltr'>etiam</span> <span class='ocrx_word' id='word_1_9' title='bbox 835 398 914 460; x_wconf 90' lang='lat' dir='ltr'>tunc</span> <span class='ocrx_word' id='word_1_10' title='bbox 937 396 1094 482; x_wconf 91' lang='lat' dir='ltr'>temporis</span> <span class='ocrx_word' id='word_1_11' title='bbox 1111 392 1217 463; x_wconf 92' lang='lat' dir='ltr'>Hein-</span> <span class='ocrx_word' id='word_1_12' title='bbox 1238 403 1303 458; x_wconf 77' lang='lat' dir='ltr'>lasa</span> 
     </span>
     <span class='ocr_line' id='line_1_3' title="bbox 74 493 1222 582; baseline 0 -20"><span class='ocrx_word' id='word_1_13' title='bbox 74 495 187 562; x_wconf 90' lang='lat' dir='ltr'>ricum</span> <span class='ocrx_word' id='word_1_14' title='bbox 216 511 330 581; x_wconf 90' lang='lat' dir='ltr'>regem</span> <span class='ocrx_word' id='word_1_15' title='bbox 357 493 553 562; x_wconf 90' lang='lat' dir='ltr'>Alamannie</span> <span class='ocrx_word' id='word_1_16' title='bbox 575 494 675 562; x_wconf 91' lang='lat' dir='ltr'>lilium</span> <span class='ocrx_word' id='word_1_17' title='bbox 699 511 807 582; x_wconf 92' lang='lat' dir='ltr'>suum,</span> <span class='ocrx_word' id='word_1_18' title='bbox 835 510 895 580; x_wconf 93' lang='lat' dir='ltr'>pro</span> <span class='ocrx_word' id='word_1_19' title='bbox 917 504 958 561; x_wconf 91' lang='lat' dir='ltr'>co</span> <span class='ocrx_word' id='word_1_20' title='bbox 986 493 1077 582; x_wconf 93' lang='lat' dir='ltr'>quod</span> <span class='ocrx_word' id='word_1_21' title='bbox 1105 501 1222 562; x_wconf 91' lang='lat' dir='ltr'>contra</span> 
     </span>
     <span class='ocr_line' id='line_1_4' title="bbox 73 593 1222 681; baseline 0.002 -21"><span class='ocrx_word' id='word_1_22' title='bbox 73 595 192 681; x_wconf 91' lang='lat' dir='ltr'>ipsum</span> <span class='ocrx_word' id='word_1_23' title='bbox 216 612 289 661; x_wconf 93' lang='lat' dir='ltr'>cum</span> <span class='ocrx_word' id='word_1_24' title='bbox 305 593 503 662; x_wconf 91' lang='lat' dir='ltr'>Lombardis</span> <span class='ocrx_word' id='word_1_25' title='bbox 524 593 785 681; x_wconf 77' lang='lat' dir='ltr'>conspiraverat,</span> <span class='ocrx_word' id='word_1_26' title='bbox 802 593 981 679; x_wconf 71' lang='lat' dir='ltr'>captivavit</span> <span class='ocrx_word' id='word_1_27' title='bbox 1001 599 1034 662; x_wconf 90' lang='lat' dir='ltr'>et</span> <span class='ocrx_word' id='word_1_28' title='bbox 1049 593 1147 661; x_wconf 89' lang='lat' dir='ltr'>exilio</span> <span class='ocrx_word' id='word_1_29' title='bbox 1163 611 1222 662; x_wconf 87' lang='lat' dir='ltr'>rc-</span> 
     </span>
     <span class='ocr_line' id='line_1_5' title="bbox 74 690 1223 783; baseline 0 -23"><span class='ocrx_word' id='word_1_30' title='bbox 74 694 233 783; x_wconf 88' lang='lat' dir='ltr'>legavit,</span> <span class='ocrx_word' id='word_1_31' title='bbox 252 693 309 760; x_wconf 94' lang='lat' dir='ltr'>ubi</span> <span class='ocrx_word' id='word_1_32' title='bbox 334 699 367 760; x_wconf 93' lang='lat' dir='ltr'>ct</span> <span class='ocrx_word' id='word_1_33' title='bbox 387 695 489 761; x_wconf 92' lang='lat' dir='ltr'>vitam</span> <span class='ocrx_word' id='word_1_34' title='bbox 510 694 543 760; x_wconf 92' lang='lat' dir='ltr'>in</span> <span class='ocrx_word' id='word_1_35' title='bbox 568 692 660 760; x_wconf 91' lang='lat' dir='ltr'>brevi</span> <span class='ocrx_word' id='word_1_36' title='bbox 680 692 793 760; x_wconf 92' lang='lat' dir='ltr'>linivit.</span> <span class='ocrx_word' id='word_1_37' title='bbox 820 691 861 759; x_wconf 83' lang='lat' dir='ltr'>Et</span> <span class='ocrx_word' id='word_1_38' title='bbox 879 690 946 760; x_wconf 91' lang='lat' dir='ltr'>duo</span> <span class='ocrx_word' id='word_1_39' title='bbox 966 691 1023 760; x_wconf 84' lang='lat' dir='ltr'>otti</span> <span class='ocrx_word' id='word_1_40' title='bbox 1046 694 1118 760; x_wconf 92' lang='lat' dir='ltr'>eius</span> <span class='ocrx_word' id='word_1_41' title='bbox 1137 693 1170 761; x_wconf 86' lang='lat' dir='ltr'>F.</span> <span class='ocrx_word' id='word_1_42' title='bbox 1188 699 1223 762; x_wconf 90' lang='lat' dir='ltr'>et</span> 
     </span>
     <span class='ocr_line' id='line_1_6' title="bbox 73 790 664 881; baseline -0.003 -21"><span class='ocrx_word' id='word_1_43' title='bbox 73 791 119 859; x_wconf 86' lang='lat' dir='ltr'>ll.</span> <span class='ocrx_word' id='word_1_44' title='bbox 140 793 292 860; x_wconf 89' lang='lat' dir='ltr'>similiter</span> <span class='ocrx_word' id='word_1_45' title='bbox 310 793 344 859; x_wconf 94' lang='lat' dir='ltr'>in</span> <span class='ocrx_word' id='word_1_46' title='bbox 355 790 481 881; x_wconf 43' lang='lat' dir='ltr'>*Apulia</span> <span class='ocrx_word' id='word_1_47' title='bbox 501 793 664 860; x_wconf 91' lang='lat' dir='ltr'>obierunt.</span> 
     </span>
    </p>

    <p class='ocr_par' dir='ltr' id='par_1_3' title="bbox 157 889 1220 978">
     <span class='ocr_line' id='line_1_7' title="bbox 157 889 1220 978; baseline 0 -20"><span class='ocrx_word' id='word_1_48' title='bbox 157 891 391 959; x_wconf 86' lang='lat' dir='ltr'>ltl.cc.xxx.vii.</span> <span class='ocrx_word' id='word_1_49' title='bbox 409 892 599 961; x_wconf 87' lang='lat' dir='ltr'>Elrkbertus</span> <span class='ocrx_word' id='word_1_50' title='bbox 613 890 910 976; x_wconf 89' lang='lat' dir='ltr'>Babcnbergensis</span> <span class='ocrx_word' id='word_1_51' title='bbox 929 889 1112 978; x_wconf 89' lang='lat' dir='ltr'>episcopus</span> <span class='ocrx_word' id='word_1_52' title='bbox 1129 889 1220 958; x_wconf 92' lang='lat' dir='ltr'>obiit.</span> 
     </span>
    </p>

    <p class='ocr_par' dir='ltr' id='par_1_4' title="bbox 73 988 1220 1458">
     <span class='ocr_line' id='line_1_8' title="bbox 157 988 1220 1078; baseline 0 -21"><span class='ocrx_word' id='word_1_53' title='bbox 157 990 413 1058; x_wconf 86' lang='lat' dir='ltr'>lll.cc.xxx.viiii.</span> <span class='ocrx_word' id='word_1_54' title='bbox 438 991 627 1061; x_wconf 87' lang='lat' dir='ltr'>Fridericus</span> <span class='ocrx_word' id='word_1_55' title='bbox 654 992 833 1078; x_wconf 91' lang='lat' dir='ltr'>imperator</span> <span class='ocrx_word' id='word_1_56' title='bbox 858 988 1030 1056; x_wconf 91' lang='lat' dir='ltr'>adomino</span> <span class='ocrx_word' id='word_1_57' title='bbox 1058 989 1220 1075; x_wconf 84' lang='lat' dir='ltr'>Gregorio</span> 
     </span>
     <span class='ocr_line' id='line_1_9' title="bbox 73 1088 1220 1178; baseline -0.002 -21"><span class='ocrx_word' id='word_1_58' title='bbox 73 1109 173 1178; x_wconf 90' lang='lat' dir='ltr'>papa</span> <span class='ocrx_word' id='word_1_59' title='bbox 190 1108 281 1158; x_wconf 91' lang='lat' dir='ltr'>nono</span> <span class='ocrx_word' id='word_1_60' title='bbox 300 1091 334 1157; x_wconf 93' lang='lat' dir='ltr'>in</span> <span class='ocrx_word' id='word_1_61' title='bbox 353 1093 497 1160; x_wconf 90' lang='lat' dir='ltr'>ecclesia</span> <span class='ocrx_word' id='word_1_62' title='bbox 515 1091 735 1159; x_wconf 77' lang='lat' dir='ltr'>lateranensi</span> <span class='ocrx_word' id='word_1_63' title='bbox 759 1091 793 1156; x_wconf 93' lang='lat' dir='ltr'>in</span> <span class='ocrx_word' id='word_1_64' title='bbox 816 1088 869 1155; x_wconf 91' lang='lat' dir='ltr'>die</span> <span class='ocrx_word' id='word_1_65' title='bbox 889 1088 1068 1176; x_wconf 91' lang='lat' dir='ltr'>palmarum</span> <span class='ocrx_word' id='word_1_66' title='bbox 1087 1095 1120 1156; x_wconf 90' lang='lat' dir='ltr'>ct</span> <span class='ocrx_word' id='word_1_67' title='bbox 1138 1088 1220 1156; x_wconf 90' lang='lat' dir='ltr'>sub-</span> 
     </span>
     <span class='ocr_line' id='line_1_10' title="bbox 75 1183 1218 1276; baseline -0.002 -20"><span class='ocrx_word' id='word_1_68' title='bbox 75 1197 268 1276; x_wconf 80' lang='lat' dir='ltr'>sequenter</span> <span class='ocrx_word' id='word_1_69' title='bbox 294 1191 328 1256; x_wconf 94' lang='lat' dir='ltr'>in</span> <span class='ocrx_word' id='word_1_70' title='bbox 350 1208 435 1258; x_wconf 90' lang='lat' dir='ltr'>cena</span> <span class='ocrx_word' id='word_1_71' title='bbox 463 1191 587 1260; x_wconf 91' lang='lat' dir='ltr'>domini</span> <span class='ocrx_word' id='word_1_72' title='bbox 611 1191 702 1257; x_wconf 87' lang='lat' dir='ltr'>etin</span> <span class='ocrx_word' id='word_1_73' title='bbox 724 1187 851 1276; x_wconf 85' lang='lat' dir='ltr'>pascha</span> <span class='ocrx_word' id='word_1_74' title='bbox 877 1183 1218 1276; x_wconf 67' lang='lat' dir='ltr'>[moremati]</span> 
     </span>
     <span class='ocr_line' id='line_1_11' title="bbox 73 1287 1220 1379; baseline 0 -24"><span class='ocrx_word' id='word_1_75' title='bbox 73 1307 122 1355; x_wconf 87' lang='lat' dir='ltr'>ex</span> <span class='ocrx_word' id='word_1_76' title='bbox 141 1289 253 1357; x_wconf 92' lang='lat' dir='ltr'>multis</span> <span class='ocrx_word' id='word_1_77' title='bbox 278 1292 389 1357; x_wconf 88' lang='lat' dir='ltr'>causis</span> <span class='ocrx_word' id='word_1_78' title='bbox 416 1291 643 1379; x_wconf 88' lang='lat' dir='ltr'>sollempniter</span> <span class='ocrx_word' id='word_1_79' title='bbox 661 1288 973 1376; x_wconf 87' lang='lat' dir='ltr'>excommunicatur,</span> <span class='ocrx_word' id='word_1_80' title='bbox 999 1287 1220 1375; x_wconf 89' lang='lat' dir='ltr'>approbanti-</span> 
     </span>
     <span class='ocr_line' id='line_1_12' title="bbox 74 1387 1030 1458; baseline 0.005 -3"><span class='ocrx_word' id='word_1_81' title='bbox 74 1387 144 1456; x_wconf 90' lang='lat' dir='ltr'>bus</span> <span class='ocrx_word' id='word_1_82' title='bbox 170 1387 391 1456; x_wconf 79' lang='lat' dir='ltr'>cardinalibus</span> <span class='ocrx_word' id='word_1_83' title='bbox 410 1391 586 1458; x_wconf 88' lang='lat' dir='ltr'>universis.</span> <span class='ocrx_word' id='word_1_84' title='bbox 1028 1438 1030 1447; x_wconf 86' lang='lat'>·</span> 
     </span>
    </p>

    <p class='ocr_par' dir='ltr' id='par_1_5' title="bbox 72 1484 1220 1873">
     <span class='ocr_line' id='line_1_13' title="bbox 159 1484 1219 1576; baseline -0.002 -22"><span class='ocrx_word' id='word_1_85' title='bbox 159 1487 323 1555; x_wconf 87' lang='lat' dir='ltr'>lll.cc.xl.i.</span> <span class='ocrx_word' id='word_1_86' title='bbox 342 1487 416 1556; x_wconf 92' lang='lat' dir='ltr'>lloc</span> <span class='ocrx_word' id='word_1_87' title='bbox 439 1507 528 1558; x_wconf 91' lang='lat' dir='ltr'>anno</span> <span class='ocrx_word' id='word_1_88' title='bbox 545 1507 683 1576; x_wconf 88' lang='lat' dir='ltr'>regnum</span> <span class='ocrx_word' id='word_1_89' title='bbox 705 1488 869 1576; x_wconf 89' lang='lat' dir='ltr'>Ungarie,</span> <span class='ocrx_word' id='word_1_90' title='bbox 889 1484 979 1573; x_wconf 91' lang='lat' dir='ltr'>quod</span> <span class='ocrx_word' id='word_1_91' title='bbox 997 1502 1055 1552; x_wconf 93' lang='lat' dir='ltr'>cco</span> <span class='ocrx_word' id='word_1_92' title='bbox 1073 1485 1134 1552; x_wconf 90' lang='lat' dir='ltr'>etl</span> <span class='ocrx_word' id='word_1_93' title='bbox 1152 1504 1219 1552; x_wconf 90' lang='lat' dir='ltr'>an-</span> 
     </span>
     <span class='ocr_line' id='line_1_14' title="bbox 76 1585 1220 1677; baseline 0 -24"><span class='ocrx_word' id='word_1_94' title='bbox 76 1588 137 1653; x_wconf 88' lang='lat' dir='ltr'>nis</span> <span class='ocrx_word' id='word_1_95' title='bbox 158 1587 303 1677; x_wconf 90' lang='lat' dir='ltr'>duravit,</span> <span class='ocrx_word' id='word_1_96' title='bbox 322 1607 340 1656; x_wconf 92' lang='lat' dir='ltr'>a</span> <span class='ocrx_word' id='word_1_97' title='bbox 359 1588 567 1658; x_wconf 82' lang='lat' dir='ltr'>Tartarorum</span> <span class='ocrx_word' id='word_1_98' title='bbox 585 1595 688 1676; x_wconf 90' lang='lat' dir='ltr'>gente</span> <span class='ocrx_word' id='word_1_99' title='bbox 714 1586 901 1654; x_wconf 89' lang='lat' dir='ltr'>destruitur.</span> <span class='ocrx_word' id='word_1_100' title='bbox 929 1585 1110 1671; x_wconf 85' lang='lat' dir='ltr'>Gregorius</span> <span class='ocrx_word' id='word_1_101' title='bbox 1132 1603 1220 1674; x_wconf 90' lang='lat' dir='ltr'>papa</span> 
     </span>
     <span class='ocr_line' id='line_1_15' title="bbox 74 1685 1219 1777; baseline -0.001 -24"><span class='ocrx_word' id='word_1_102' title='bbox 74 1703 196 1754; x_wconf 91' lang='lat' dir='ltr'>nonus</span> <span class='ocrx_word' id='word_1_103' title='bbox 216 1687 307 1754; x_wconf 91' lang='lat' dir='ltr'>obiit.</span> <span class='ocrx_word' id='word_1_104' title='bbox 336 1688 525 1757; x_wconf 89' lang='lat' dir='ltr'>Celcstinus</span> <span class='ocrx_word' id='word_1_105' title='bbox 547 1707 634 1777; x_wconf 92' lang='lat' dir='ltr'>papa</span> <span class='ocrx_word' id='word_1_106' title='bbox 653 1685 741 1754; x_wconf 91' lang='lat' dir='ltr'>sedit</span> <span class='ocrx_word' id='word_1_107' title='bbox 758 1685 830 1753; x_wconf 91' lang='lat' dir='ltr'>dies</span> <span class='ocrx_word' id='word_1_108' title='bbox 847 1685 936 1752; x_wconf 85' lang='lat' dir='ltr'>xviii.</span> <span class='ocrx_word' id='word_1_109' title='bbox 962 1685 1117 1771; x_wconf 86' lang='lat' dir='ltr'>Eclypsis</span> <span class='ocrx_word' id='word_1_110' title='bbox 1136 1685 1219 1752; x_wconf 93' lang='lat' dir='ltr'>solis</span> 
     </span>
     <span class='ocr_line' id='line_1_16' title="bbox 72 1783 1219 1873; baseline -0.002 -21"><span class='ocrx_word' id='word_1_111' title='bbox 72 1784 171 1853; x_wconf 86' lang='lat' dir='ltr'>sacta</span> <span class='ocrx_word' id='word_1_112' title='bbox 183 1792 236 1854; x_wconf 91' lang='lat' dir='ltr'>est</span> <span class='ocrx_word' id='word_1_113' title='bbox 254 1786 406 1855; x_wconf 90' lang='lat' dir='ltr'>inmedia</span> <span class='ocrx_word' id='word_1_114' title='bbox 425 1788 478 1856; x_wconf 94' lang='lat' dir='ltr'>die</span> <span class='ocrx_word' id='word_1_115' title='bbox 494 1789 527 1855; x_wconf 92' lang='lat' dir='ltr'>in</span> <span class='ocrx_word' id='word_1_116' title='bbox 539 1785 869 1873; x_wconf 82' lang='lat' dir='ltr'>octavellyolraelis,</span> <span class='ocrx_word' id='word_1_117' title='bbox 886 1790 919 1852; x_wconf 93' lang='lat' dir='ltr'>et</span> <span class='ocrx_word' id='word_1_118' title='bbox 936 1783 1034 1851; x_wconf 88' lang='lat' dir='ltr'>stelle</span> <span class='ocrx_word' id='word_1_119' title='bbox 1047 1784 1120 1852; x_wconf 92' lang='lat' dir='ltr'>vise</span> <span class='ocrx_word' id='word_1_120' title='bbox 1132 1789 1219 1852; x_wconf 90' lang='lat' dir='ltr'>sunt.</span> 
     </span>
    </p>
   </div>
   <div class='ocr_carea' id='block_1_3' title="bbox 52 1954 1330 4352">
    <p class='ocr_par' dir='ltr' id='par_1_6' title="bbox 71 1954 1330 3533">
     <span class='ocr_line' id='line_1_17' title="bbox 131 1954 1219 2032; baseline -0.004 -18"><span class='ocrx_word' id='word_1_121' title='bbox 131 1959 234 2014; x_wconf 89' lang='lat' dir='ltr'>Occiso</span> <span class='ocrx_word' id='word_1_122' title='bbox 252 1961 342 2031; x_wconf 86' lang='lat' dir='ltr'>itaque</span> <span class='ocrx_word' id='word_1_123' title='bbox 360 1960 497 2014; x_wconf 85' lang='lat' dir='ltr'>Friderico</span> <span class='ocrx_word' id='word_1_124' title='bbox 516 1960 703 2032; x_wconf 89' lang='lat' dir='ltr'>potentissimo</span> <span class='ocrx_word' id='word_1_125' title='bbox 721 1965 748 2010; x_wconf 90' lang='lat' dir='ltr'>et</span> <span class='ocrx_word' id='word_1_126' title='bbox 765 1957 886 2027; x_wconf 86' lang='lat' dir='ltr'>inquieto</span> <span class='ocrx_word' id='word_1_127' title='bbox 905 1956 974 2009; x_wconf 89' lang='lat' dir='ltr'>duee</span> <span class='ocrx_word' id='word_1_128' title='bbox 989 1957 1100 2012; x_wconf 88' lang='lat' dir='ltr'>Austrie</span> <span class='ocrx_word' id='word_1_129' title='bbox 1118 1954 1219 2026; x_wconf 82' lang='lat' dir='ltr'>etSty·</span> 
     </span>
     <span class='ocr_line' id='line_1_18' title="bbox 72 2025 1219 2101; baseline -0.002 -21"><span class='ocrx_word' id='word_1_130' title='bbox 72 2029 130 2092; x_wconf 87' lang='lat' dir='ltr'>rie,</span> <span class='ocrx_word' id='word_1_131' title='bbox 150 2035 251 2097; x_wconf 89' lang='lat' dir='ltr'>quanta</span> <span class='ocrx_word' id='word_1_132' title='bbox 269 2029 339 2082; x_wconf 88' lang='lat' dir='ltr'>nrala</span> <span class='ocrx_word' id='word_1_133' title='bbox 356 2028 414 2082; x_wconf 83' lang='lat' dir='ltr'>lere</span> <span class='ocrx_word' id='word_1_134' title='bbox 432 2047 480 2101; x_wconf 89' lang='lat' dir='ltr'>per</span> <span class='ocrx_word' id='word_1_135' title='bbox 498 2045 546 2082; x_wconf 87' lang='lat' dir='ltr'>sex</span> <span class='ocrx_word' id='word_1_136' title='bbox 564 2044 648 2082; x_wconf 90' lang='lat' dir='ltr'>annos</span> <span class='ocrx_word' id='word_1_137' title='bbox 666 2035 778 2096; x_wconf 91' lang='lat' dir='ltr'>utraque</span> <span class='ocrx_word' id='word_1_138' title='bbox 803 2025 942 2096; x_wconf 87' lang='lat' dir='ltr'>provincia</span> <span class='ocrx_word' id='word_1_139' title='bbox 959 2025 994 2079; x_wconf 89' lang='lat' dir='ltr'>sit</span> <span class='ocrx_word' id='word_1_140' title='bbox 1011 2039 1138 2097; x_wconf 86' lang='lat' dir='ltr'>perpessa</span> <span class='ocrx_word' id='word_1_141' title='bbox 1157 2025 1219 2078; x_wconf 91' lang='lat' dir='ltr'>nul-</span> 
     </span>
     <span class='ocr_line' id='line_1_19' title="bbox 73 2093 1218 2166; baseline -0.003 -18"><span class='ocrx_word' id='word_1_142' title='bbox 73 2095 123 2149; x_wconf 90' lang='lat' dir='ltr'>lus</span> <span class='ocrx_word' id='word_1_143' title='bbox 141 2095 216 2149; x_wconf 82' lang='lat' dir='ltr'>valet</span> <span class='ocrx_word' id='word_1_144' title='bbox 233 2096 350 2150; x_wconf 89' lang='lat' dir='ltr'>seribere</span> <span class='ocrx_word' id='word_1_145' title='bbox 368 2097 413 2150; x_wconf 82' lang='lat' dir='ltr'>vel</span> <span class='ocrx_word' id='word_1_146' title='bbox 432 2113 549 2151; x_wconf 84' lang='lat' dir='ltr'>narrare.</span> <span class='ocrx_word' id='word_1_147' title='bbox 567 2097 636 2150; x_wconf 87' lang='lat' dir='ltr'>Nam</span> <span class='ocrx_word' id='word_1_148' title='bbox 654 2095 767 2166; x_wconf 85' lang='lat' dir='ltr'>quilibet</span> <span class='ocrx_word' id='word_1_149' title='bbox 785 2093 927 2158; x_wconf 84' lang='lat' dir='ltr'>nobilium,</span> <span class='ocrx_word' id='word_1_150' title='bbox 947 2095 1028 2146; x_wconf 89' lang='lat' dir='ltr'>immo</span> <span class='ocrx_word' id='word_1_151' title='bbox 1042 2094 1127 2160; x_wconf 86' lang='lat' dir='ltr'>magis</span> <span class='ocrx_word' id='word_1_152' title='bbox 1140 2094 1218 2161; x_wconf 80' lang='lat' dir='ltr'>igno-</span> 
     </span>
     <span class='ocr_line' id='line_1_20' title="bbox 75 2161 1217 2234; baseline -0.001 -18"><span class='ocrx_word' id='word_1_153' title='bbox 75 2163 187 2228; x_wconf 91' lang='lat' dir='ltr'>bilium,</span> <span class='ocrx_word' id='word_1_154' title='bbox 211 2180 262 2218; x_wconf 86' lang='lat' dir='ltr'>nec</span> <span class='ocrx_word' id='word_1_155' title='bbox 285 2165 365 2218; x_wconf 88' lang='lat' dir='ltr'>deum</span> <span class='ocrx_word' id='word_1_156' title='bbox 389 2182 440 2219; x_wconf 90' lang='lat' dir='ltr'>nec</span> <span class='ocrx_word' id='word_1_157' title='bbox 463 2165 587 2220; x_wconf 89' lang='lat' dir='ltr'>homines</span> <span class='ocrx_word' id='word_1_158' title='bbox 610 2164 757 2228; x_wconf 87' lang='lat' dir='ltr'>reveritus,</span> <span class='ocrx_word' id='word_1_159' title='bbox 775 2177 936 2234; x_wconf 87' lang='lat' dir='ltr'>quecunque</span> <span class='ocrx_word' id='word_1_160' title='bbox 960 2161 1069 2216; x_wconf 87' lang='lat' dir='ltr'>volebat</span> <span class='ocrx_word' id='word_1_161' title='bbox 1094 2161 1217 2228; x_wconf 85' lang='lat' dir='ltr'>iaciebat,</span> 
     </span>
     <span class='ocr_line' id='line_1_21' title="bbox 74 2229 1218 2300; baseline -0.003 -15"><span class='ocrx_word' id='word_1_162' title='bbox 74 2231 207 2285; x_wconf 90' lang='lat' dir='ltr'>homines</span> <span class='ocrx_word' id='word_1_163' title='bbox 229 2232 262 2284; x_wconf 87' lang='lat' dir='ltr'>ad</span> <span class='ocrx_word' id='word_1_164' title='bbox 286 2235 453 2286; x_wconf 87' lang='lat' dir='ltr'>municiones</span> <span class='ocrx_word' id='word_1_165' title='bbox 479 2233 523 2286; x_wconf 90' lang='lat' dir='ltr'>vel</span> <span class='ocrx_word' id='word_1_166' title='bbox 551 2249 682 2287; x_wconf 86' lang='lat' dir='ltr'>cavernas</span> <span class='ocrx_word' id='word_1_167' title='bbox 701 2240 772 2284; x_wconf 87' lang='lat' dir='ltr'>terre</span> <span class='ocrx_word' id='word_1_168' title='bbox 789 2231 883 2298; x_wconf 84' lang='lat' dir='ltr'>sugere</span> <span class='ocrx_word' id='word_1_169' title='bbox 902 2247 955 2284; x_wconf 90' lang='lat' dir='ltr'>non</span> <span class='ocrx_word' id='word_1_170' title='bbox 973 2229 1111 2296; x_wconf 88' lang='lat' dir='ltr'>valentes,</span> <span class='ocrx_word' id='word_1_171' title='bbox 1129 2232 1218 2300; x_wconf 92' lang='lat' dir='ltr'>capti-</span> 
     </span>
     <span class='ocr_line' id='line_1_22' title="bbox 72 2297 1218 2368; baseline 0 -16"><span class='ocrx_word' id='word_1_172' title='bbox 72 2299 169 2353; x_wconf 89' lang='lat' dir='ltr'>vando</span> <span class='ocrx_word' id='word_1_173' title='bbox 188 2300 354 2354; x_wconf 86' lang='lat' dir='ltr'>vulnerando</span> <span class='ocrx_word' id='word_1_174' title='bbox 373 2302 520 2355; x_wconf 90' lang='lat' dir='ltr'>occidendo</span> <span class='ocrx_word' id='word_1_175' title='bbox 539 2318 570 2355; x_wconf 90' lang='lat' dir='ltr'>ae</span> <span class='ocrx_word' id='word_1_176' title='bbox 588 2302 747 2368; x_wconf 79' lang='lat' dir='ltr'>excogitatis</span> <span class='ocrx_word' id='word_1_177' title='bbox 759 2305 786 2352; x_wconf 89' lang='lat' dir='ltr'>et</span> <span class='ocrx_word' id='word_1_178' title='bbox 803 2308 913 2352; x_wconf 87' lang='lat' dir='ltr'>actenus</span> <span class='ocrx_word' id='word_1_179' title='bbox 931 2297 1058 2351; x_wconf 85' lang='lat' dir='ltr'>inauditis</span> <span class='ocrx_word' id='word_1_180' title='bbox 1077 2299 1218 2352; x_wconf 90' lang='lat' dir='ltr'>tormentis</span> 
     </span>
     <span class='ocr_line' id='line_1_23' title="bbox 73 2365 1218 2436; baseline 0 -16"><span class='ocrx_word' id='word_1_181' title='bbox 73 2367 272 2422; x_wconf 86' lang='lat' dir='ltr'>miserabiliter</span> <span class='ocrx_word' id='word_1_182' title='bbox 294 2371 445 2426; x_wconf 87' lang='lat' dir='ltr'>cruciando.</span> <span class='ocrx_word' id='word_1_183' title='bbox 468 2370 536 2426; x_wconf 88' lang='lat' dir='ltr'>Bela</span> <span class='ocrx_word' id='word_1_184' title='bbox 558 2371 643 2424; x_wconf 89' lang='lat' dir='ltr'>eciam</span> <span class='ocrx_word' id='word_1_185' title='bbox 671 2386 719 2422; x_wconf 84' lang='lat' dir='ltr'>rex</span> <span class='ocrx_word' id='word_1_186' title='bbox 744 2367 912 2436; x_wconf 81' lang='lat' dir='ltr'>Ungarcrum</span> <span class='ocrx_word' id='word_1_187' title='bbox 939 2365 1046 2420; x_wconf 89' lang='lat' dir='ltr'>orbatas</span> <span class='ocrx_word' id='word_1_188' title='bbox 1070 2365 1218 2420; x_wconf 87' lang='lat' dir='ltr'>heredibus</span> 
     </span>
     <span class='ocr_line' id='line_1_24' title="bbox 74 2434 1219 2510; baseline -0.002 -20"><span class='ocrx_word' id='word_1_189' title='bbox 74 2445 167 2490; x_wconf 90' lang='lat' dir='ltr'>terras</span> <span class='ocrx_word' id='word_1_190' title='bbox 185 2436 237 2490; x_wconf 88' lang='lat' dir='ltr'>sibi</span> <span class='ocrx_word' id='word_1_191' title='bbox 255 2438 390 2492; x_wconf 86' lang='lat' dir='ltr'>attrahere</span> <span class='ocrx_word' id='word_1_192' title='bbox 409 2441 528 2510; x_wconf 89' lang='lat' dir='ltr'>cupiens,</span> <span class='ocrx_word' id='word_1_193' title='bbox 549 2438 632 2491; x_wconf 92' lang='lat' dir='ltr'>multa</span> <span class='ocrx_word' id='word_1_194' title='bbox 650 2437 724 2490; x_wconf 89' lang='lat' dir='ltr'>milia</span> <span class='ocrx_word' id='word_1_195' title='bbox 736 2437 874 2490; x_wconf 89' lang='lat' dir='ltr'>bominum</span> <span class='ocrx_word' id='word_1_196' title='bbox 889 2452 938 2504; x_wconf 88' lang='lat' dir='ltr'>per</span> <span class='ocrx_word' id='word_1_197' title='bbox 976 2451 1076 2504; x_wconf 83' lang='lat' dir='ltr'>egenos</span> <span class='ocrx_word' id='word_1_198' title='bbox 1095 2434 1219 2488; x_wconf 88' lang='lat' dir='ltr'>homines</span> 
     </span>
     <span class='ocr_line' id='line_1_25' title="bbox 72 2453 1218 2578; baseline 0 -22"><span class='ocrx_word' id='word_1_199' title='bbox 72 2503 209 2558; x_wconf 86' lang='lat' dir='ltr'>videlicet</span> <span class='ocrx_word' id='word_1_200' title='bbox 233 2506 367 2560; x_wconf 89' lang='lat' dir='ltr'>Cumanos</span> <span class='ocrx_word' id='word_1_201' title='bbox 390 2509 418 2561; x_wconf 94' lang='lat' dir='ltr'>in</span> <span class='ocrx_word' id='word_1_202' title='bbox 442 2509 626 2578; x_wconf 87' lang='lat' dir='ltr'>captivitatem</span> <span class='ocrx_word' id='word_1_203' title='bbox 650 2505 770 2568; x_wconf 85' lang='lat' dir='ltr'>adduxit,</span> <span class='ocrx_word' id='word_1_204' title='bbox 789 2503 873 2556; x_wconf 88' lang='lat' dir='ltr'>multa</span> <span class='ocrx_word' id='word_1_205' title='bbox 891 2453 1005 2569; x_wconf 75' lang='lat' dir='ltr'>occidit,</span> <span class='ocrx_word' id='word_1_206' title='bbox 1029 2519 1060 2556; x_wconf 89' lang='lat' dir='ltr'>ac</span> <span class='ocrx_word' id='word_1_207' title='bbox 1078 2505 1218 2575; x_wconf 87' lang='lat' dir='ltr'>utriusque</span> 
     </span>
     <span class='ocr_line' id='line_1_26' title="bbox 75 2571 1217 2629; baseline 0 -5"><span class='ocrx_word' id='word_1_208' title='bbox 75 2581 155 2626; x_wconf 89' lang='lat' dir='ltr'>terre</span> <span class='ocrx_word' id='word_1_209' title='bbox 188 2574 319 2628; x_wconf 80' lang='lat' dir='ltr'>marchias</span> <span class='ocrx_word' id='word_1_210' title='bbox 343 2574 400 2628; x_wconf 83' lang='lat' dir='ltr'>iere</span> <span class='ocrx_word' id='word_1_211' title='bbox 423 2575 612 2629; x_wconf 83' lang='lat' dir='ltr'>inhabitabiles</span> <span class='ocrx_word' id='word_1_212' title='bbox 635 2573 716 2627; x_wconf 84' lang='lat' dir='ltr'>laeto.</span> <span class='ocrx_word' id='word_1_213' title='bbox 747 2573 823 2626; x_wconf 84' lang='lat' dir='ltr'>Tunc</span> <span class='ocrx_word' id='word_1_214' title='bbox 846 2572 1016 2624; x_wconf 88' lang='lat' dir='ltr'>Hermannus</span> <span class='ocrx_word' id='word_1_215' title='bbox 1039 2571 1158 2624; x_wconf 88' lang='lat' dir='ltr'>marchio</span> <span class='ocrx_word' id='word_1_216' title='bbox 1183 2571 1217 2624; x_wconf 88' lang='lat' dir='ltr'>de</span> 
     </span>
     <span class='ocr_line' id='line_1_27' title="bbox 71 2639 1217 2712; baseline -0.002 -18"><span class='ocrx_word' id='word_1_217' title='bbox 71 2640 184 2706; x_wconf 83' lang='lat' dir='ltr'>Badeo,</span> <span class='ocrx_word' id='word_1_218' title='bbox 204 2651 281 2695; x_wconf 90' lang='lat' dir='ltr'>natus</span> <span class='ocrx_word' id='word_1_219' title='bbox 299 2659 332 2696; x_wconf 85' lang='lat' dir='ltr'>ex</span> <span class='ocrx_word' id='word_1_220' title='bbox 350 2645 486 2712; x_wconf 82' lang='lat' dir='ltr'>lringardc</span> <span class='ocrx_word' id='word_1_221' title='bbox 505 2660 600 2698; x_wconf 88' lang='lat' dir='ltr'>sorore</span> <span class='ocrx_word' id='word_1_222' title='bbox 615 2641 723 2696; x_wconf 90' lang='lat' dir='ltr'>domine</span> <span class='ocrx_word' id='word_1_223' title='bbox 735 2641 848 2709; x_wconf 84' lang='lat' dir='ltr'>Agnetis</span> <span class='ocrx_word' id='word_1_224' title='bbox 866 2639 971 2693; x_wconf 87' lang='lat' dir='ltr'>ducisse</span> <span class='ocrx_word' id='word_1_225' title='bbox 989 2640 1123 2700; x_wconf 86' lang='lat' dir='ltr'>Bawarie,</span> <span class='ocrx_word' id='word_1_226' title='bbox 1142 2641 1217 2692; x_wconf 86' lang='lat' dir='ltr'>auxi-</span> 
     </span>
     <span class='ocr_line' id='line_1_28' title="bbox 72 2706 1330 2773; baseline -0.001 -12"><span class='ocrx_word' id='word_1_227' title='bbox 72 2708 116 2761; x_wconf 91' lang='lat' dir='ltr'>lio</span> <span class='ocrx_word' id='word_1_228' title='bbox 137 2709 249 2763; x_wconf 88' lang='lat' dir='ltr'>Ottonis</span> <span class='ocrx_word' id='word_1_229' title='bbox 273 2710 349 2764; x_wconf 90' lang='lat' dir='ltr'>ducis</span> <span class='ocrx_word' id='word_1_230' title='bbox 375 2712 501 2765; x_wconf 90' lang='lat' dir='ltr'>Bawarie</span> <span class='ocrx_word' id='word_1_231' title='bbox 522 2711 597 2764; x_wconf 84' lang='lat' dir='ltr'>duxit</span> <span class='ocrx_word' id='word_1_232' title='bbox 621 2712 648 2763; x_wconf 94' lang='lat' dir='ltr'>in</span> <span class='ocrx_word' id='word_1_233' title='bbox 672 2726 784 2762; x_wconf 83' lang='lat' dir='ltr'>uxorem</span> <span class='ocrx_word' id='word_1_234' title='bbox 802 2707 978 2773; x_wconf 88' lang='lat' dir='ltr'>Gerdrudam,</span> <span class='ocrx_word' id='word_1_235' title='bbox 997 2706 1079 2759; x_wconf 86' lang='lat' dir='ltr'>liliam</span> <span class='ocrx_word' id='word_1_236' title='bbox 1098 2707 1217 2761; x_wconf 88' lang='lat' dir='ltr'>Heinrici</span> <span class='ocrx_word' id='word_1_237' title='bbox 1327 2731 1330 2734; x_wconf 97' lang='lat'>·</span> 
     </span>
     <span class='ocr_line' id='line_1_29' title="bbox 73 2775 1217 2848; baseline 0 -18"><span class='ocrx_word' id='word_1_238' title='bbox 73 2777 158 2830; x_wconf 86' lang='lat' dir='ltr'>ducis</span> <span class='ocrx_word' id='word_1_239' title='bbox 175 2779 222 2848; x_wconf 88' lang='lat' dir='ltr'>qui</span> <span class='ocrx_word' id='word_1_240' title='bbox 240 2777 328 2832; x_wconf 87' lang='lat' dir='ltr'>luerat</span> <span class='ocrx_word' id='word_1_241' title='bbox 350 2779 434 2834; x_wconf 84' lang='lat' dir='ltr'>irater</span> <span class='ocrx_word' id='word_1_242' title='bbox 457 2779 588 2833; x_wconf 90' lang='lat' dir='ltr'>Friderici</span> <span class='ocrx_word' id='word_1_243' title='bbox 607 2778 684 2832; x_wconf 87' lang='lat' dir='ltr'>ducis</span> <span class='ocrx_word' id='word_1_244' title='bbox 701 2779 813 2832; x_wconf 86' lang='lat' dir='ltr'>Austrie</span> <span class='ocrx_word' id='word_1_245' title='bbox 830 2775 967 2839; x_wconf 88' lang='lat' dir='ltr'>antedicti,</span> <span class='ocrx_word' id='word_1_246' title='bbox 985 2782 1012 2828; x_wconf 90' lang='lat' dir='ltr'>et</span> <span class='ocrx_word' id='word_1_247' title='bbox 1029 2775 1143 2830; x_wconf 87' lang='lat' dir='ltr'>ducatus</span> <span class='ocrx_word' id='word_1_248' title='bbox 1160 2776 1217 2830; x_wconf 90' lang='lat' dir='ltr'>Au·</span> 
     </span>
     <span class='ocr_line' id='line_1_30' title="bbox 73 2842 1216 2916; baseline 0.001 -19"><span class='ocrx_word' id='word_1_249' title='bbox 73 2847 144 2898; x_wconf 89' lang='lat' dir='ltr'>strie</span> <span class='ocrx_word' id='word_1_250' title='bbox 164 2855 191 2898; x_wconf 91' lang='lat' dir='ltr'>et</span> <span class='ocrx_word' id='word_1_251' title='bbox 210 2844 301 2916; x_wconf 89' lang='lat' dir='ltr'>Styrie</span> <span class='ocrx_word' id='word_1_252' title='bbox 319 2849 423 2902; x_wconf 83' lang='lat' dir='ltr'>ratione</span> <span class='ocrx_word' id='word_1_253' title='bbox 441 2848 503 2902; x_wconf 88' lang='lat' dir='ltr'>talis</span> <span class='ocrx_word' id='word_1_254' title='bbox 522 2848 642 2914; x_wconf 88' lang='lat' dir='ltr'>coniugii</span> <span class='ocrx_word' id='word_1_255' title='bbox 660 2847 805 2916; x_wconf 88' lang='lat' dir='ltr'>usurpavit.</span> <span class='ocrx_word' id='word_1_256' title='bbox 827 2844 880 2910; x_wconf 83' lang='lat' dir='ltr'>Qui</span> <span class='ocrx_word' id='word_1_257' title='bbox 896 2844 988 2910; x_wconf 82' lang='lat' dir='ltr'>genuit</span> <span class='ocrx_word' id='word_1_258' title='bbox 1005 2842 1089 2896; x_wconf 88' lang='lat' dir='ltr'>lilium</span> <span class='ocrx_word' id='word_1_259' title='bbox 1107 2846 1216 2898; x_wconf 89' lang='lat' dir='ltr'>nominc</span> 
     </span>
     <span class='ocr_line' id='line_1_31' title="bbox 73 2911 1216 2984; baseline -0.001 -18"><span class='ocrx_word' id='word_1_260' title='bbox 73 2913 248 2967; x_wconf 89' lang='lat' dir='ltr'>Fridericurn</span> <span class='ocrx_word' id='word_1_261' title='bbox 266 2923 294 2968; x_wconf 91' lang='lat' dir='ltr'>et</span> <span class='ocrx_word' id='word_1_262' title='bbox 312 2915 394 2968; x_wconf 89' lang='lat' dir='ltr'>liliam</span> <span class='ocrx_word' id='word_1_263' title='bbox 413 2919 521 2970; x_wconf 90' lang='lat' dir='ltr'>nomine</span> <span class='ocrx_word' id='word_1_264' title='bbox 539 2916 683 2984; x_wconf 87' lang='lat' dir='ltr'>Agnetem,</span> <span class='ocrx_word' id='word_1_265' title='bbox 702 2929 755 2982; x_wconf 89' lang='lat' dir='ltr'>que</span> <span class='ocrx_word' id='word_1_266' title='bbox 773 2913 865 2968; x_wconf 92' lang='lat' dir='ltr'>Ulrico</span> <span class='ocrx_word' id='word_1_267' title='bbox 884 2911 947 2964; x_wconf 91' lang='lat' dir='ltr'>duci</span> <span class='ocrx_word' id='word_1_268' title='bbox 964 2911 1105 2965; x_wconf 88' lang='lat' dir='ltr'>Karintbie</span> <span class='ocrx_word' id='word_1_269' title='bbox 1123 2921 1216 2982; x_wconf 87' lang='lat' dir='ltr'>postea</span> 
     </span>
     <span class='ocr_line' id='line_1_32' title="bbox 73 2980 1216 3060; baseline 0 -26"><span class='ocrx_word' id='word_1_270' title='bbox 73 2981 231 3052; x_wconf 86' lang='lat' dir='ltr'>copulatur.</span> <span class='ocrx_word' id='word_1_271' title='bbox 259 2984 294 3039; x_wconf 88' lang='lat' dir='ltr'>Et</span> <span class='ocrx_word' id='word_1_272' title='bbox 317 3001 377 3038; x_wconf 86' lang='lat' dir='ltr'>cum</span> <span class='ocrx_word' id='word_1_273' title='bbox 401 2986 489 3038; x_wconf 85' lang='lat' dir='ltr'>dictus</span> <span class='ocrx_word' id='word_1_274' title='bbox 505 2984 676 3038; x_wconf 85' lang='lat' dir='ltr'>Hermannus</span> <span class='ocrx_word' id='word_1_275' title='bbox 699 2983 753 3035; x_wconf 84' lang='lat' dir='ltr'>dux</span> <span class='ocrx_word' id='word_1_276' title='bbox 771 2988 844 3035; x_wconf 91' lang='lat' dir='ltr'>esset</span> <span class='ocrx_word' id='word_1_277' title='bbox 866 2981 999 3060; x_wconf 88' lang='lat' dir='ltr'>inpotens,</span> <span class='ocrx_word' id='word_1_278' title='bbox 1016 2987 1118 3034; x_wconf 86' lang='lat' dir='ltr'>tantam</span> <span class='ocrx_word' id='word_1_279' title='bbox 1136 2980 1216 3034; x_wconf 85' lang='lat' dir='ltr'>mali-</span> 
     </span>
     <span class='ocr_line' id='line_1_33' title="bbox 72 3050 1216 3123; baseline -0.001 -20"><span class='ocrx_word' id='word_1_280' title='bbox 72 3051 148 3103; x_wconf 91' lang='lat' dir='ltr'>ciam</span> <span class='ocrx_word' id='word_1_281' title='bbox 173 3050 309 3104; x_wconf 90' lang='lat' dir='ltr'>hominum</span> <span class='ocrx_word' id='word_1_282' title='bbox 334 3069 387 3123; x_wconf 91' lang='lat' dir='ltr'>que</span> <span class='ocrx_word' id='word_1_283' title='bbox 411 3055 463 3106; x_wconf 87' lang='lat' dir='ltr'>iarn</span> <span class='ocrx_word' id='word_1_284' title='bbox 488 3054 567 3106; x_wconf 86' lang='lat' dir='ltr'>nimis</span> <span class='ocrx_word' id='word_1_285' title='bbox 584 3051 745 3116; x_wconf 89' lang='lat' dir='ltr'>invaluerat,</span> <span class='ocrx_word' id='word_1_286' title='bbox 763 3057 849 3103; x_wconf 90' lang='lat' dir='ltr'>morte</span> <span class='ocrx_word' id='word_1_287' title='bbox 866 3057 946 3100; x_wconf 82' lang='lat' dir='ltr'>etiarn</span> <span class='ocrx_word' id='word_1_288' title='bbox 966 3050 1123 3119; x_wconf 89' lang='lat' dir='ltr'>prepetitus‚</span> <span class='ocrx_word' id='word_1_289' title='bbox 1142 3066 1216 3102; x_wconf 87' lang='lat' dir='ltr'>ccm-</span> 
     </span>
     <span class='ocr_line' id='line_1_34' title="bbox 73 3115 1215 3198; baseline 0 -28"><span class='ocrx_word' id='word_1_290' title='bbox 73 3134 195 3190; x_wconf 87' lang='lat' dir='ltr'>peseere</span> <span class='ocrx_word' id='word_1_291' title='bbox 219 3136 273 3173; x_wconf 88' lang='lat' dir='ltr'>nco</span> <span class='ocrx_word' id='word_1_292' title='bbox 298 3121 413 3175; x_wconf 89' lang='lat' dir='ltr'>valebat.</span> <span class='ocrx_word' id='word_1_293' title='bbox 432 3121 547 3179; x_wconf 88' lang='lat' dir='ltr'>lllcritur</span> <span class='ocrx_word' id='word_1_294' title='bbox 568 3122 639 3174; x_wconf 89' lang='lat' dir='ltr'>enim</span> <span class='ocrx_word' id='word_1_295' title='bbox 658 3120 700 3172; x_wconf 90' lang='lat' dir='ltr'>iiii</span> <span class='ocrx_word' id='word_1_296' title='bbox 718 3135 780 3173; x_wconf 90' lang='lat' dir='ltr'>non.</span> <span class='ocrx_word' id='word_1_297' title='bbox 799 3115 919 3172; x_wconf 91' lang='lat' dir='ltr'>octobris</span> <span class='ocrx_word' id='word_1_298' title='bbox 938 3119 1006 3187; x_wconf 89' lang='lat' dir='ltr'>[oct.</span> <span class='ocrx_word' id='word_1_299' title='bbox 1025 3119 1055 3198; x_wconf 80' lang='lat'>4]</span> <span class='ocrx_word' id='word_1_300' title='bbox 1074 3132 1144 3171; x_wconf 88' lang='lat' dir='ltr'>anno</span> <span class='ocrx_word' id='word_1_301' title='bbox 1163 3116 1215 3170; x_wconf 89' lang='lat' dir='ltr'>dc-</span> 
     </span>
     <span class='ocr_line' id='line_1_35' title="bbox 73 3184 1216 3250; baseline 0 -12"><span class='ocrx_word' id='word_1_302' title='bbox 73 3187 146 3239; x_wconf 89' lang='lat' dir='ltr'>mini</span> <span class='ocrx_word' id='word_1_303' title='bbox 165 3188 262 3240; x_wconf 73' lang='lat' dir='ltr'>mccl.</span> <span class='ocrx_word' id='word_1_304' title='bbox 282 3188 413 3243; x_wconf 89' lang='lat' dir='ltr'>Dominus</span> <span class='ocrx_word' id='word_1_305' title='bbox 432 3190 496 3244; x_wconf 91' lang='lat' dir='ltr'>Otto</span> <span class='ocrx_word' id='word_1_306' title='bbox 515 3190 600 3242; x_wconf 78' lang='lat' dir='ltr'>eciam</span> <span class='ocrx_word' id='word_1_307' title='bbox 618 3187 812 3250; x_wconf 81' lang='lat' dir='ltr'>durrBawarie‚</span> <span class='ocrx_word' id='word_1_308' title='bbox 830 3188 938 3239; x_wconf 85' lang='lat' dir='ltr'>mittens</span> <span class='ocrx_word' id='word_1_309' title='bbox 956 3184 1114 3240; x_wconf 84' lang='lat' dir='ltr'>Ludwreum</span> <span class='ocrx_word' id='word_1_310' title='bbox 1132 3185 1216 3239; x_wconf 86' lang='lat' dir='ltr'>lilium</span> 
     </span>
     <span class='ocr_line' id='line_1_36' title="bbox 73 3253 1216 3321; baseline 0 -15"><span class='ocrx_word' id='word_1_311' title='bbox 73 3271 159 3307; x_wconf 89' lang='lat' dir='ltr'>suum</span> <span class='ocrx_word' id='word_1_312' title='bbox 178 3272 238 3308; x_wconf 90' lang='lat' dir='ltr'>cum</span> <span class='ocrx_word' id='word_1_313' title='bbox 257 3259 377 3310; x_wconf 83' lang='lat' dir='ltr'>exercitu</span> <span class='ocrx_word' id='word_1_314' title='bbox 396 3257 429 3311; x_wconf 90' lang='lat' dir='ltr'>ad</span> <span class='ocrx_word' id='word_1_315' title='bbox 446 3267 546 3310; x_wconf 88' lang='lat' dir='ltr'>terram</span> <span class='ocrx_word' id='word_1_316' title='bbox 564 3256 647 3321; x_wconf 88' lang='lat' dir='ltr'>illam,</span> <span class='ocrx_word' id='word_1_317' title='bbox 665 3257 716 3310; x_wconf 90' lang='lat' dir='ltr'>sibi</span> <span class='ocrx_word' id='word_1_318' title='bbox 737 3257 862 3309; x_wconf 89' lang='lat' dir='ltr'>civitates</span> <span class='ocrx_word' id='word_1_319' title='bbox 874 3255 952 3308; x_wconf 88' lang='lat' dir='ltr'>Linlz</span> <span class='ocrx_word' id='word_1_320' title='bbox 971 3261 1001 3306; x_wconf 92' lang='lat' dir='ltr'>et</span> <span class='ocrx_word' id='word_1_321' title='bbox 1015 3253 1137 3308; x_wconf 85' lang='lat' dir='ltr'>Anasum</span> <span class='ocrx_word' id='word_1_322' title='bbox 1155 3270 1216 3306; x_wconf 87' lang='lat' dir='ltr'>cum</span> 
     </span>
     <span class='ocr_line' id='line_1_37' title="bbox 74 3321 1216 3406; baseline 0 -31"><span class='ocrx_word' id='word_1_323' title='bbox 74 3338 177 3391; x_wconf 80' lang='lat' dir='ltr'>magna</span> <span class='ocrx_word' id='word_1_324' title='bbox 203 3333 280 3393; x_wconf 83' lang='lat' dir='ltr'>parte</span> <span class='ocrx_word' id='word_1_325' title='bbox 306 3325 381 3379; x_wconf 86' lang='lat' dir='ltr'>illius</span> <span class='ocrx_word' id='word_1_326' title='bbox 407 3328 547 3406; x_wconf 91' lang='lat' dir='ltr'>provincie</span> <span class='ocrx_word' id='word_1_327' title='bbox 570 3326 732 3393; x_wconf 86' lang='lat' dir='ltr'>subiugavit.</span> <span class='ocrx_word' id='word_1_328' title='bbox 757 3325 897 3377; x_wconf 89' lang='lat' dir='ltr'>Postremo</span> <span class='ocrx_word' id='word_1_329' title='bbox 916 3321 1102 3375; x_wconf 89' lang='lat' dir='ltr'>misericordia</span> <span class='ocrx_word' id='word_1_330' title='bbox 1120 3322 1163 3374; x_wconf 88' lang='lat' dir='ltr'>dci</span> <span class='ocrx_word' id='word_1_331' title='bbox 1182 3321 1216 3375; x_wconf 88' lang='lat' dir='ltr'>de</span> 
     </span>
     <span class='ocr_line' id='line_1_38' title="bbox 74 3390 1214 3464; baseline -0.002 -20"><span class='ocrx_word' id='word_1_332' title='bbox 74 3391 140 3445; x_wconf 90' lang='lat' dir='ltr'>celo</span> <span class='ocrx_word' id='word_1_333' title='bbox 160 3395 352 3462; x_wconf 86' lang='lat' dir='ltr'>prospiciente.</span> <span class='ocrx_word' id='word_1_334' title='bbox 370 3393 489 3461; x_wconf 81' lang='lat' dir='ltr'>satagatis</span> <span class='ocrx_word' id='word_1_335' title='bbox 506 3401 534 3447; x_wconf 91' lang='lat' dir='ltr'>et</span> <span class='ocrx_word' id='word_1_336' title='bbox 551 3393 584 3447; x_wconf 93' lang='lat' dir='ltr'>de</span> <span class='ocrx_word' id='word_1_337' title='bbox 604 3395 738 3464; x_wconf 86' lang='lat' dir='ltr'>auperatis</span> <span class='ocrx_word' id='word_1_338' title='bbox 753 3395 805 3445; x_wconf 88' lang='lat' dir='ltr'>iam</span> <span class='ocrx_word' id='word_1_339' title='bbox 819 3393 929 3444; x_wconf 87' lang='lat' dir='ltr'>nimium</span> <span class='ocrx_word' id='word_1_340' title='bbox 942 3390 1115 3461; x_wconf 88' lang='lat' dir='ltr'>optimatibus</span> <span class='ocrx_word' id='word_1_341' title='bbox 1134 3399 1214 3454; x_wconf 87' lang='lat' dir='ltr'>terre,</span> 
     </span>
     <span class='ocr_line' id='line_1_39' title="bbox 73 3411 1216 3533; baseline -0.003 -21"><span class='ocrx_word' id='word_1_342' title='bbox 73 3459 205 3514; x_wconf 90' lang='lat' dir='ltr'>dominus</span> <span class='ocrx_word' id='word_1_343' title='bbox 231 3460 363 3515; x_wconf 90' lang='lat' dir='ltr'>Premizel</span> <span class='ocrx_word' id='word_1_344' title='bbox 391 3463 438 3533; x_wconf 93' lang='lat' dir='ltr'>qui</span> <span class='ocrx_word' id='word_1_345' title='bbox 465 3470 491 3515; x_wconf 94' lang='lat' dir='ltr'>et</span> <span class='ocrx_word' id='word_1_346' title='bbox 515 3411 648 3526; x_wconf 71' lang='lat' dir='ltr'>Otalriter,</span> <span class='ocrx_word' id='word_1_347' title='bbox 676 3461 747 3514; x_wconf 89' lang='lat' dir='ltr'>lilius</span> <span class='ocrx_word' id='word_1_348' title='bbox 764 3457 922 3512; x_wconf 89' lang='lat' dir='ltr'>Wenceslai</span> <span class='ocrx_word' id='word_1_349' title='bbox 947 3460 1018 3525; x_wconf 85' lang='lat' dir='ltr'>regis</span> <span class='ocrx_word' id='word_1_350' title='bbox 1043 3458 1216 3520; x_wconf 88' lang='lat' dir='ltr'>Boemornm‚</span> 
     </span>
    </p>

    <p class='ocr_par' dir='ltr' id='par_1_7' title="bbox 52 3523 1216 4352">
     <span class='ocr_line' id='line_1_40' title="bbox 52 3523 1215 3600; baseline -0.006 -16"><span class='ocrx_word' id='word_1_351' title='bbox 52 3577 55 3584; x_wconf 94' lang='lat'><em>.</em></span> <span class='ocrx_word' id='word_1_352' title='bbox 73 3527 196 3582; x_wconf 87' lang='lat' dir='ltr'>consilio</span> <span class='ocrx_word' id='word_1_353' title='bbox 214 3531 297 3600; x_wconf 89' lang='lat' dir='ltr'>patris</span> <span class='ocrx_word' id='word_1_354' title='bbox 316 3538 344 3582; x_wconf 91' lang='lat' dir='ltr'>et</span> <span class='ocrx_word' id='word_1_355' title='bbox 361 3533 504 3584; x_wconf 87' lang='lat' dir='ltr'>vocatione</span> <span class='ocrx_word' id='word_1_356' title='bbox 523 3539 685 3597; x_wconf 90' lang='lat' dir='ltr'>magnatum,</span> <span class='ocrx_word' id='word_1_357' title='bbox 705 3530 841 3581; x_wconf 89' lang='lat' dir='ltr'>civitatum</span> <span class='ocrx_word' id='word_1_358' title='bbox 856 3526 967 3579; x_wconf 90' lang='lat' dir='ltr'>Austrie</span> <span class='ocrx_word' id='word_1_359' title='bbox 978 3523 1097 3578; x_wconf 83' lang='lat' dir='ltr'>etStirie</span> <span class='ocrx_word' id='word_1_360' title='bbox 1114 3534 1215 3578; x_wconf 91' lang='lat' dir='ltr'>utrum·</span> 
     </span>
     <span class='ocr_line' id='line_1_41' title="bbox 95 3594 1215 3664; baseline -0.002 -16"><span class='ocrx_word' id='word_1_361' title='bbox 95 3614 131 3648; x_wconf 88' lang='lat' dir='ltr'>ne</span> <span class='ocrx_word' id='word_1_362' title='bbox 152 3597 276 3650; x_wconf 89' lang='lat' dir='ltr'>ducatum</span> <span class='ocrx_word' id='word_1_363' title='bbox 295 3599 347 3651; x_wconf 88' lang='lat' dir='ltr'>sibi</span> <span class='ocrx_word' id='word_1_364' title='bbox 366 3600 482 3662; x_wconf 85' lang='lat' dir='ltr'>attraxit,</span> <span class='ocrx_word' id='word_1_365' title='bbox 502 3599 635 3651; x_wconf 85' lang='lat' dir='ltr'>dominam</span> <span class='ocrx_word' id='word_1_366' title='bbox 647 3597 835 3664; x_wconf 79' lang='lat' dir='ltr'>lllargaretam.</span> <span class='ocrx_word' id='word_1_367' title='bbox 856 3594 974 3646; x_wconf 86' lang='lat' dir='ltr'>relictam</span> <span class='ocrx_word' id='word_1_368' title='bbox 993 3594 1114 3646; x_wconf 89' lang='lat' dir='ltr'>Heinrici</span> <span class='ocrx_word' id='word_1_369' title='bbox 1129 3609 1215 3664; x_wconf 90' lang='lat' dir='ltr'>quon-</span> 
     </span>
     <span class='ocr_line' id='line_1_42' title="bbox 72 3614 1215 3734; baseline -0.004 -15"><span class='ocrx_word' id='word_1_370' title='bbox 72 3614 139 3719; x_wconf 58' lang='lat' dir='ltr'>dam</span> <span class='ocrx_word' id='word_1_371' title='bbox 165 3667 235 3732; x_wconf 84' lang='lat' dir='ltr'>regis</span> <span class='ocrx_word' id='word_1_372' title='bbox 259 3665 455 3731; x_wconf 83' lang='lat' dir='ltr'>Romanorum,</span> <span class='ocrx_word' id='word_1_373' title='bbox 476 3684 596 3720; x_wconf 87' lang='lat' dir='ltr'>sororem</span> <span class='ocrx_word' id='word_1_374' title='bbox 615 3666 718 3718; x_wconf 90' lang='lat' dir='ltr'>scilicet</span> <span class='ocrx_word' id='word_1_375' title='bbox 737 3663 884 3734; x_wconf 87' lang='lat' dir='ltr'>supradicti</span> <span class='ocrx_word' id='word_1_376' title='bbox 902 3662 1033 3714; x_wconf 85' lang='lat' dir='ltr'>Friderici</span> <span class='ocrx_word' id='word_1_377' title='bbox 1051 3661 1147 3725; x_wconf 89' lang='lat' dir='ltr'>ducis,</span> <span class='ocrx_word' id='word_1_378' title='bbox 1166 3678 1215 3714; x_wconf 88' lang='lat' dir='ltr'>ao·</span> 
     </span>
     <span class='ocr_line' id='line_1_43' title="bbox 74 3729 1215 3803; baseline -0.004 -17"><span class='ocrx_word' id='word_1_379' title='bbox 74 3734 184 3803; x_wconf 88' lang='lat' dir='ltr'>cipiens</span> <span class='ocrx_word' id='word_1_380' title='bbox 208 3735 235 3786; x_wconf 90' lang='lat' dir='ltr'>ia</span> <span class='ocrx_word' id='word_1_381' title='bbox 260 3751 380 3790; x_wconf 86' lang='lat' dir='ltr'>uxorem.</span> <span class='ocrx_word' id='word_1_382' title='bbox 407 3735 450 3788; x_wconf 87' lang='lat' dir='ltr'>Ad</span> <span class='ocrx_word' id='word_1_383' title='bbox 470 3736 547 3787; x_wconf 88' lang='lat' dir='ltr'>cuius</span> <span class='ocrx_word' id='word_1_384' title='bbox 565 3734 759 3787; x_wconf 88' lang='lat' dir='ltr'>subiectionem</span> <span class='ocrx_word' id='word_1_385' title='bbox 778 3733 866 3785; x_wconf 90' lang='lat' dir='ltr'>statim</span> <span class='ocrx_word' id='word_1_386' title='bbox 886 3738 941 3783; x_wconf 92' lang='lat' dir='ltr'>tota</span> <span class='ocrx_word' id='word_1_387' title='bbox 958 3730 1070 3783; x_wconf 80' lang='lat' dir='ltr'>Austris</span> <span class='ocrx_word' id='word_1_388' title='bbox 1088 3738 1114 3783; x_wconf 90' lang='lat' dir='ltr'>et</span> <span class='ocrx_word' id='word_1_389' title='bbox 1133 3729 1215 3785; x_wconf 88' lang='lat' dir='ltr'>Stiria</span> 
     </span>
     <span class='ocr_line' id='line_1_44' title="bbox 73 3798 1216 3872; baseline -0.003 -18"><span class='ocrx_word' id='word_1_390' title='bbox 73 3819 138 3854; x_wconf 89' lang='lat' dir='ltr'>curn</span> <span class='ocrx_word' id='word_1_391' title='bbox 157 3801 343 3872; x_wconf 87' lang='lat' dir='ltr'>superioribus</span> <span class='ocrx_word' id='word_1_392' title='bbox 362 3811 389 3856; x_wconf 91' lang='lat' dir='ltr'>et</span> <span class='ocrx_word' id='word_1_393' title='bbox 412 3802 586 3857; x_wconf 81' lang='lat' dir='ltr'>interioribus</span> <span class='ocrx_word' id='word_1_394' title='bbox 609 3801 762 3854; x_wconf 84' lang='lat' dir='ltr'>civitatibus</span> <span class='ocrx_word' id='word_1_395' title='bbox 781 3809 821 3853; x_wconf 90' lang='lat' dir='ltr'>est</span> <span class='ocrx_word' id='word_1_396' title='bbox 840 3814 979 3852; x_wconf 86' lang='lat' dir='ltr'>conversa.</span> <span class='ocrx_word' id='word_1_397' title='bbox 1006 3798 1134 3852; x_wconf 86' lang='lat' dir='ltr'>Attamen</span> <span class='ocrx_word' id='word_1_398' title='bbox 1152 3799 1216 3869; x_wconf 88' lang='lat' dir='ltr'>quia</span> 
     </span>
     <span class='ocr_line' id='line_1_45' title="bbox 72 3867 1215 3938; baseline -0.002 -16"><span class='ocrx_word' id='word_1_399' title='bbox 72 3869 145 3922; x_wconf 88' lang='lat' dir='ltr'>Bela</span> <span class='ocrx_word' id='word_1_400' title='bbox 173 3887 218 3922; x_wconf 83' lang='lat' dir='ltr'>rex</span> <span class='ocrx_word' id='word_1_401' title='bbox 246 3870 413 3938; x_wconf 81' lang='lat' dir='ltr'>ngarcrum</span> <span class='ocrx_word' id='word_1_402' title='bbox 437 3871 597 3925; x_wconf 83' lang='lat' dir='ltr'>Bethaniam</span> <span class='ocrx_word' id='word_1_403' title='bbox 621 3872 757 3923; x_wconf 89' lang='lat' dir='ltr'>civitatem</span> <span class='ocrx_word' id='word_1_404' title='bbox 775 3871 829 3921; x_wconf 90' lang='lat' dir='ltr'>iam</span> <span class='ocrx_word' id='word_1_405' title='bbox 849 3884 908 3920; x_wconf 91' lang='lat' dir='ltr'>eum</span> <span class='ocrx_word' id='word_1_406' title='bbox 927 3883 1021 3934; x_wconf 82' lang='lat' dir='ltr'>magna</span> <span class='ocrx_word' id='word_1_407' title='bbox 1039 3876 1115 3938; x_wconf 88' lang='lat' dir='ltr'>porte</span> <span class='ocrx_word' id='word_1_408' title='bbox 1134 3867 1215 3920; x_wconf 89' lang='lat' dir='ltr'>duca-</span> 
     </span>
     <span class='ocr_line' id='line_1_46' title="bbox 75 3935 1214 4009; baseline -0.004 -17"><span class='ocrx_word' id='word_1_409' title='bbox 75 3947 122 3992; x_wconf 87' lang='lat' dir='ltr'>tus</span> <span class='ocrx_word' id='word_1_410' title='bbox 141 3936 225 3990; x_wconf 82' lang='lat' dir='ltr'>Stiria</span> <span class='ocrx_word' id='word_1_411' title='bbox 244 3947 436 4009; x_wconf 87' lang='lat' dir='ltr'>occupaverat,</span> <span class='ocrx_word' id='word_1_412' title='bbox 455 3957 510 3993; x_wconf 90' lang='lat' dir='ltr'>non</span> <span class='ocrx_word' id='word_1_413' title='bbox 533 3939 613 3992; x_wconf 91' lang='lat' dir='ltr'>desiit</span> <span class='ocrx_word' id='word_1_414' title='bbox 635 3937 727 3992; x_wconf 89' lang='lat' dir='ltr'>ledere</span> <span class='ocrx_word' id='word_1_415' title='bbox 751 3945 836 3990; x_wconf 88' lang='lat' dir='ltr'>utram</span> <span class='ocrx_word' id='word_1_416' title='bbox 858 3953 892 3988; x_wconf 88' lang='lat' dir='ltr'>ue</span> <span class='ocrx_word' id='word_1_417' title='bbox 915 3944 1021 4002; x_wconf 87' lang='lat' dir='ltr'>terram,</span> <span class='ocrx_word' id='word_1_418' title='bbox 1046 3935 1133 3988; x_wconf 86' lang='lat' dir='ltr'>donec</span> <span class='ocrx_word' id='word_1_419' title='bbox 1151 3952 1214 3988; x_wconf 91' lang='lat' dir='ltr'>con-</span> 
     </span>
     <span class='ocr_line' id='line_1_47' title="bbox 75 3954 1215 4078; baseline 0 -21"><span class='ocrx_word' id='word_1_420' title='bbox 75 4007 208 4059; x_wconf 85' lang='lat' dir='ltr'>ventione</span> <span class='ocrx_word' id='word_1_421' title='bbox 225 4007 296 4060; x_wconf 89' lang='lat' dir='ltr'>inter</span> <span class='ocrx_word' id='word_1_422' title='bbox 313 4023 390 4075; x_wconf 85' lang='lat' dir='ltr'>reges</span> <span class='ocrx_word' id='word_1_423' title='bbox 409 4007 479 4061; x_wconf 87' lang='lat' dir='ltr'>lacta</span> <span class='ocrx_word' id='word_1_424' title='bbox 497 4007 611 4078; x_wconf 87' lang='lat' dir='ltr'>quedam</span> <span class='ocrx_word' id='word_1_425' title='bbox 629 4023 692 4078; x_wconf 86' lang='lat' dir='ltr'>pars</span> <span class='ocrx_word' id='word_1_426' title='bbox 711 4006 823 4059; x_wconf 87' lang='lat' dir='ltr'>ducatus</span> <span class='ocrx_word' id='word_1_427' title='bbox 839 3954 934 4074; x_wconf 50' lang='lat' dir='ltr'>{tyele</span> <span class='ocrx_word' id='word_1_428' title='bbox 956 4004 1006 4056; x_wconf 89' lang='lat' dir='ltr'>sibi</span> <span class='ocrx_word' id='word_1_429' title='bbox 1026 4019 1086 4056; x_wconf 88' lang='lat' dir='ltr'>cum</span> <span class='ocrx_word' id='word_1_430' title='bbox 1105 4003 1215 4057; x_wconf 89' lang='lat' dir='ltr'>distine-</span> 
     </span>
     <span class='ocr_line' id='line_1_48' title="bbox 75 4072 1214 4143; baseline -0.003 -17"><span class='ocrx_word' id='word_1_431' title='bbox 75 4076 112 4128; x_wconf 89' lang='lat' dir='ltr'>tis</span> <span class='ocrx_word' id='word_1_432' title='bbox 131 4075 254 4128; x_wconf 83' lang='lat' dir='ltr'>terrainis</span> <span class='ocrx_word' id='word_1_433' title='bbox 281 4077 443 4141; x_wconf 76' lang='lat' dir='ltr'>assignatur,</span> <span class='ocrx_word' id='word_1_434' title='bbox 462 4076 573 4129; x_wconf 88' lang='lat' dir='ltr'>domino</span> <span class='ocrx_word' id='word_1_435' title='bbox 592 4076 714 4129; x_wconf 87' lang='lat' dir='ltr'>Otalrero</span> <span class='ocrx_word' id='word_1_436' title='bbox 739 4075 766 4126; x_wconf 91' lang='lat' dir='ltr'>io</span> <span class='ocrx_word' id='word_1_437' title='bbox 792 4088 856 4143; x_wconf 89' lang='lat' dir='ltr'>pace</span> <span class='ocrx_word' id='word_1_438' title='bbox 883 4080 985 4142; x_wconf 87' lang='lat' dir='ltr'>partem</span> <span class='ocrx_word' id='word_1_439' title='bbox 1004 4072 1135 4141; x_wconf 89' lang='lat' dir='ltr'>reliquam</span> <span class='ocrx_word' id='word_1_440' title='bbox 1154 4088 1214 4124; x_wconf 89' lang='lat' dir='ltr'>eom</span> 
     </span>
     <span class='ocr_line' id='line_1_49' title="bbox 76 4139 1215 4210; baseline -0.004 -15"><span class='ocrx_word' id='word_1_441' title='bbox 76 4153 152 4195; x_wconf 86' lang='lat' dir='ltr'>terra</span> <span class='ocrx_word' id='word_1_442' title='bbox 170 4143 278 4196; x_wconf 88' lang='lat' dir='ltr'>Austrie</span> <span class='ocrx_word' id='word_1_443' title='bbox 297 4145 438 4197; x_wconf 84' lang='lat' dir='ltr'>retinente.</span> <span class='ocrx_word' id='word_1_444' title='bbox 466 4145 506 4197; x_wconf 87' lang='lat' dir='ltr'>Ex</span> <span class='ocrx_word' id='word_1_445' title='bbox 525 4153 587 4197; x_wconf 88' lang='lat' dir='ltr'>tune</span> <span class='ocrx_word' id='word_1_446' title='bbox 605 4145 688 4210; x_wconf 80' lang='lat' dir='ltr'>gratia</span> <span class='ocrx_word' id='word_1_447' title='bbox 707 4142 798 4194; x_wconf 89' lang='lat' dir='ltr'>divina</span> <span class='ocrx_word' id='word_1_448' title='bbox 817 4140 933 4194; x_wconf 86' lang='lat' dir='ltr'>donante</span> <span class='ocrx_word' id='word_1_449' title='bbox 951 4155 982 4193; x_wconf 88' lang='lat' dir='ltr'>ae</span> <span class='ocrx_word' id='word_1_450' title='bbox 1001 4140 1133 4210; x_wconf 87' lang='lat' dir='ltr'>probitate</span> <span class='ocrx_word' id='word_1_451' title='bbox 1151 4139 1215 4192; x_wconf 90' lang='lat' dir='ltr'>dieti</span> 
     </span>
     <span class='ocr_line' id='line_1_50' title="bbox 74 4207 1213 4282; baseline -0.003 -19"><span class='ocrx_word' id='word_1_452' title='bbox 74 4211 181 4263; x_wconf 88' lang='lat' dir='ltr'>domini</span> <span class='ocrx_word' id='word_1_453' title='bbox 210 4210 341 4276; x_wconf 84' lang='lat' dir='ltr'>iaciente,</span> <span class='ocrx_word' id='word_1_454' title='bbox 362 4229 411 4282; x_wconf 87' lang='lat' dir='ltr'>pax</span> <span class='ocrx_word' id='word_1_455' title='bbox 440 4211 538 4266; x_wconf 90' lang='lat' dir='ltr'>ibidem</span> <span class='ocrx_word' id='word_1_456' title='bbox 563 4214 665 4282; x_wconf 87' lang='lat' dir='ltr'>optima</span> <span class='ocrx_word' id='word_1_457' title='bbox 690 4217 850 4274; x_wconf 86' lang='lat' dir='ltr'>renovatur,</span> <span class='ocrx_word' id='word_1_458' title='bbox 867 4225 930 4262; x_wconf 88' lang='lat' dir='ltr'>rura</span> <span class='ocrx_word' id='word_1_459' title='bbox 954 4209 1061 4263; x_wconf 88' lang='lat' dir='ltr'>deserta</span> <span class='ocrx_word' id='word_1_460' title='bbox 1079 4207 1213 4273; x_wconf 88' lang='lat' dir='ltr'>coluntur,</span> 
     </span>
     <span class='ocr_line' id='line_1_51' title="bbox 72 4279 835 4352; baseline -0.003 -19"><span class='ocrx_word' id='word_1_461' title='bbox 72 4296 206 4333; x_wconf 79' lang='lat' dir='ltr'>scararum</span> <span class='ocrx_word' id='word_1_462' title='bbox 225 4279 324 4351; x_wconf 91' lang='lat' dir='ltr'>ubique</span> <span class='ocrx_word' id='word_1_463' title='bbox 342 4282 484 4352; x_wconf 85' lang='lat' dir='ltr'>acquirunt</span> <span class='ocrx_word' id='word_1_464' title='bbox 503 4283 644 4336; x_wconf 84' lang='lat' dir='ltr'>transitum</span> <span class='ocrx_word' id='word_1_465' title='bbox 664 4286 835 4333; x_wconf 82' lang='lat' dir='ltr'>mercatores.</span> 
     </span>
    </p>
   </div>
   <div class='ocr_carea' id='block_1_4' title="bbox 0 0 1480 4836">
    <p class='ocr_par' dir='ltr' id='par_1_8' title="bbox 0 0 1480 4836">
     <span class='ocr_line' id='line_1_52' title="bbox 0 0 1480 4836; baseline 0 1"><span class='ocrx_word' id='word_1_466' title='bbox 0 0 1480 4836; x_wconf 95' lang='lat' dir='ltr'> </span> 
     </span>
    </p>
   </div>
  </div>
 </body>
</html>
