2890 4832
351 241 487 290 cumcun
508 241 578 290 mun
600 243 624 290 s
646 243 832 292 muccosum.
1090 217 1157 286 311

48 380 227 470 verebatur,
245 397 322 450 mox
341 379 383 448 de
402 397 491 469 equo
510 379 695 470 descendit,
716 388 751 450 ct
771 381 853 451 sede
875 384 1061 471 composita
1084 384 1161 454 loco

50 480 133 546 ducis
147 477 189 547 ad
210 478 419 547 iudicandum
435 479 572 571 sedens,
590 497 692 569 super
706 479 806 550 leudo
823 481 864 549 dc
882 499 948 569 quo
963 483 1064 551 vidua
1077 499 1161 551 con-

48 577 237 665 querebatur
250 581 448 646 sententiam
461 581 606 667 quesivit
621 585 654 648 et
673 582 812 668 accepit.
837 578 988 648 Audiens
1002 600 1084 650 vero
1100 599 1161 670 pro

47 696 78 745 se
94 684 125 744 et
142 683 257 745 contra
271 675 402 746 viduam
419 680 619 748 sententium
639 696 717 746 esse
734 679 832 746 lutam
840 732 850 768 ,
870 697 911 746 ex
931 681 1033 748 multa
1051 681 1161 750 cordis

46 776 323 844 commiseratione
349 778 486 864 protulit
507 777 644 846 verbum
668 780 824 846 memorie
848 778 1002 864 dignum:
1028 780 1079 847 liu
1098 781 1161 846 do-

45 877 139 958 miuo,
164 877 288 964 inquit,
304 875 441 958 feodum
460 875 523 943 lroc
548 877 589 944 de
606 894 671 962 quc
693 879 867 962 conqueric
882 877 940 945 tilrc‘
954 897 1015 963 per
1030 883 1161 946 centec-

44 975 111 1040 ttom
126 971 275 1041 ablutum
288 973 426 1060 uultque
439 975 664 1042 adiudicatum
678 979 736 1042 cst.
750 975 819 1044 Sed
828 993 889 1062 epo
898 983 1039 1062 propter
1056 977 1161 1060 deoru

44 1072 147 1139 doleres
162 1074 332 1140 miserium
346 1077 455 1157 tuom,
469 1074 506 1141 id
519 1073 578 1142 croi
592 1074 752 1160 relinquo.
778 1074 889 1142 Porro
905 1076 1043 1143 alterius
1058 1093 1161 1162 cepo·

44 1172 129 1238 com
149 1171 199 1238 ad
217 1189 270 1238 rue
283 1175 501 1258 conpertiuet
516 1175 728 1259 qucrimonia.
755 1172 868 1242 Simile
893 1173 1050 1260 quiddam
1073 1175 1161 1261 legi-

44 1289 105 1338 mus
121 1271 154 1338 in
179 1269 328 1338 Romana
351 1273 488 1340 historia
505 1272 548 1340 de
570 1273 627 1361 pio
651 1273 801 1360 principe
818 1273 970 1342 Traiano.
997 1271 1061 1354 Qui
1086 1291 1161 1342 cum

44 1375 125 1437 essct
148 1369 182 1436 in
206 1370 418 1456 expeditione
440 1373 571 1459 positus
595 1377 629 1438 et
656 1371 770 1438 militia
795 1371 956 1458 vallatus,
979 1372 1080 1441 vidua
1105 1373 1162 1440 illa

43 1469 262 1536 vetustissima
276 1471 309 1536 in
325 1469 400 1538 loro·
413 1472 565 1561 occurrit,
584 1475 618 1537 ct
636 1471 786 1537 iniuriam
804 1487 899 1538 suam
914 1471 960 1538 illi
976 1479 1162 1559 conquesta

45 1574 95 1633 est.
120 1567 271 1654 Cumque
287 1568 342 1637 ille
361 1567 501 1659 diceret,
519 1587 558 1638 se
573 1571 625 1637 ius
643 1570 673 1636 ei
693 1568 856 1637 dicturum
877 1587 950 1636 cnm
971 1570 1108 1661 rediret,
1129 1578 1162 1638 ct

43 1669 89 1734 illa
102 1666 324 1754 responderet
345 1669 504 1736 incertum
528 1683 607 1736 esse
636 1667 774 1735 reditum
793 1669 886 1756 eius,
912 1686 990 1736 mox
1007 1669 1161 1737 dominns

43 1769 122 1838 orbis
140 1765 307 1854 substitit,
325 1766 459 1834 viduam
475 1766 603 1835 audivit
620 1772 654 1833 et
671 1765 851 1833 vindicavit
867 1769 978 1834 omnio
999 1769 1044 1835 illi
1060 1770 1161 1837 resti-

44 1875 138 1934 tuens.
164 1863 317 1952 Amplius
340 1865 465 1952 aliquid
488 1869 648 1954 operatus
672 1872 725 1932 est
748 1866 903 1952 princeps
921 1875 1045 1934 noster.
1074 1868 1161 1934 Tra-

43 1969 128 2033 ianus
150 1981 211 2052 pcr
226 1963 384 2032 iudicium
404 1963 503 2033 vidue
525 1964 602 2032 iecit
619 1965 785 2030 iustitium.
812 1963 1037 2049 Engclbcrtus
1064 1983 1161 2034 omne

43 2065 186 2132 iudicium
218 2065 383 2133 convertit
403 2065 436 2131 in
460 2061 729 2132 misericordiam.
755 2064 795 2129 tlt
816 2064 892 2148 quia
912 2064 986 2130 sine
1008 2063 1072 2132 lide
1095 2067 1162 2132 im-

44 2162 194 2251 possibile
216 2170 270 2231 est
296 2163 429 2252 placere
449 2163 534 2254 dec,
560 2163 588 2230 si
613 2164 791 2250 imperator
814 2161 901 2228 illam
927 2162 1161 2230 humanitatem

45 2263 179 2330 exercuit
201 2261 277 2330 zelo
295 2264 437 2352 iustitie,
456 2279 524 2349 non
541 2262 689 2350 appetitu
706 2259 868 2328 secularis
886 2259 993 2346 glorie
1003 2313 1012 2350 ,
1031 2268 1164 2350 poterut

45 2363 69 2428 ei
86 2378 160 2428 esse
184 2359 229 2427 ad
253 2363 494 2448 mitigationem
516 2377 623 2450 pene,
649 2358 739 2446 quod
761 2358 929 2427 sacerdoti
944 2359 1095 2450 Domini,
1122 2377 1162 2430 eo

43 2459 123 2545 quod
144 2463 242 2527 esset
257 2463 307 2529 vir
324 2460 506 2528 cutlrclicus
528 2460 690 2529 contritus
709 2463 742 2526 et
759 2457 949 2547 conlcssnS,
964 2461 1163 2528 meritorium

41 2557 133 2626 inisse
150 2557 296 2628 creditur
312 2561 381 2628 vite
402 2566 526 2628 eterne.
553 2556 647 2646 Opus
661 2557 871 2644 imperatoris
886 2575 958 2624 cum
979 2549 1071 2625 extra
1082 2559 1163 2625 cha-

41 2659 155 2725 ritalem
185 2657 308 2726 lactum
336 2659 380 2726 sit
403 2665 563 2726 mortuum
590 2657 766 2742 remansit;
794 2673 881 2743 opus
905 2673 985 2723 vero
1013 2658 1164 2744 episcopi

42 2755 120 2843 quod
138 2773 181 2824 ex
196 2755 356 2826 charitate
375 2756 496 2826 lactum
511 2773 682 2845 speramus
697 2753 738 2822 ad
756 2755 900 2840 martyrii
914 2755 1052 2839 gloriam
1065 2755 1163 2823 vuldo

42 2873 106 2922 carn
123 2854 268 2922 habilem
286 2855 438 2925 reddidit.

107 2955 219 3040 Caput
233 2961 372 3024 eretum.
399 2955 479 3024 Cum
505 2960 613 3022 autem
639 2956 820 3044 episcopus
839 2957 1032 3042 properaret
1050 2951 1090 3020 ad
1110 2953 1164 3020 lo·

43 3071 105 3120 cnm
125 3053 345 3144 destinatum,
370 3071 483 3123 comes
507 3053 692 3122 Fridcricus
718 3055 807 3120 circa
824 3052 993 3120 meridiem
1011 3053 1104 3119 venit
1122 3050 1164 3119 ad

44 3169 118 3241 eum,
135 3156 258 3222 certior
276 3153 346 3222 lieri
365 3155 504 3242 cupiens
522 3170 589 3239 qno
609 3151 775 3240 tenderet,
794 3157 827 3219 et
845 3154 901 3239 qui
919 3151 972 3218 vel
992 3157 1074 3238 quot
1092 3169 1165 3218 cum

43 3267 78 3318 cc
94 3260 219 3321 essent.
245 3251 432 3343 Episcopus
450 3251 539 3319 illum
560 3251 700 3340 salutat,
723 3257 828 3337 utque
852 3249 940 3338 apud
965 3267 1003 3317 se
1022 3267 1164 3337 pernoc-

43 3355 117 3416 taret
133 3352 306 3440 plurimum
325 3352 451 3419 invitat.
470 3347 538 3418 Sed
556 3349 698 3438 ille-non
716 3351 910 3437 acquiescit,
929 3347 1054 3434 aliquid
1071 3365 1162 3414 scm·

43 3466 94 3535 per
116 3457 153 3516 ut
179 3452 271 3539 prius
297 3467 399 3518 cause
424 3455 615 3537 pretexens.
644 3445 671 3516 0
699 3466 757 3515 cor
782 3450 962 3533 agninum,
993 3445 1163 3513 oocnlnm

45 3548 270 3636 columbinum!
298 3547 362 3616 Cor
380 3549 453 3616 sinc
472 3546 566 3636 lello,
585 3547 703 3616 oculus
723 3548 795 3613 sine
814 3546 1017 3632 suspicione.
1043 3544 1165 3610 Invitat

45 3648 158 3715 amicus
176 3649 317 3736 hostem,
337 3645 541 3714 domesticus
559 3647 732 3734 latronem,
751 3645 860 3712 hostia
880 3643 1076 3710 carnificem.
1096 3641 1163 3709 Co-

45 3746 112 3811 mite
136 3741 315 3815 recedente
342 3752 375 3812 et
391 3743 549 3832 pontifice
568 3743 789 3832 procedente,
816 3747 945 3829 tempus
965 3741 1062 3808 adest
1079 3757 1163 3808 ves-

44 3844 205 3926 pertinum.
241 3843 401 3932 Vesperis
425 3859 505 3911 vero
536 3842 632 3910 dictis
659 3859 772 3912 rursus
798 3839 895 3910 adest
922 3857 1045 3908 comes.
1081 3840 1163 3907 llum

46 3955 177 4011 cernens
203 3945 333 4011 eminus
358 3941 531 4010 Conradns
556 3959 670 4011 comes
697 3941 873 4008 Tremonie
898 3940 944 4006 eit
966 3939 1008 4007 ad
1027 3940 1164 4028 episco-

45 4053 129 4122 pum:
154 4042 293 4110 Domine
310 4039 424 4108 creber
440 4042 569 4108 comitia
582 4039 678 4108 dolos
695 4055 850 4106 accessos
867 4042 900 4104 ct
916 4055 1069 4106 recessus
1089 4036 1165 4103 rur’la'

47 4138 170 4208 moltam
198 4147 248 4209 est
271 4143 463 4226 suspectos..
499 4139 549 4208 Ere
576 4155 662 4206 cccc
686 4139 788 4206 tercio
809 4140 910 4220 cerac,
941 4141 974 4203 ct
995 4155 1060 4204 ccc
1081 4138 1166 4203 etcot

49 4240 116 4303 cote
128 4239 356 4325 leporesque,
373 4235 435 4306 ced
455 4241 489 4305 irc
508 4239 691 4305 dectracto.
718 4236 861 4305 Consule
879 4235 984 4316 codis,
1002 4239 1040 4302 ot
1059 4238 1091 4300 et
1106 4249 1164 4300 ccc
