2886 4834
281 183 327 250 fill
646 209 807 257 cunomcon
830 210 1040 260 cocularrusu.

279 349 331 417 lle
355 353 458 416 niorto
482 349 593 434 reptos
618 348 747 430 liudolfi
770 351 859 436 repis
884 349 1112 418 Romanorum.

198 477 261 531 ¹28¹
354 477 452 548 Auno
478 479 600 548 domini
624 483 826 549 mcclxxxi.
861 485 976 569 regina
999 483 1129 552 lludolb
1156 483 1244 571 cepit
1268 485 1391 568 graviter
1427 479 1428 546 l

278 581 440 647 infirmari.
466 579 602 668 Propter
620 580 710 667 quod
728 583 903 650 accersivit
920 583 1142 650 consiliarium
1161 581 1390 650 consessorem-

280 697 344 767 quc
364 678 426 746 sibi
443 680 614 765 inquiens:
641 678 757 745 Mortis
771 681 953 764 perieulum
971 683 1075 748 sentio
1099 679 1174 748 mibi
1191 679 1326 747 breviter
1342 682 1391 746 im-

278 780 413 859 minere,
441 795 524 864 rope
537 780 636 863 iqitur
650 794 709 844 ocs
720 781 881 862 quomodo
904 797 1024 865 eorpus
1039 783 1073 846 et
1088 781 1232 846 ultimam
1248 778 1294 844 dd
1308 778 1393 846 cetum

280 881 313 943 et
330 877 377 943 dd
392 877 589 961 paradisum
607 877 737 944 Domini
758 877 919 964 disipulis.
945 878 1007 958 Qui
1027 877 1122 946 dixit:
1142 876 1264 945 Omnes
1284 878 1391 943 unicos

279 979 423 1057 uestros,
443 991 553 1042 omnes
570 975 700 1042 dicitius
722 973 942 1059 buiusseeoli,
961 993 1148 1062 omnemque
1162 976 1304 1062 plotium
1316 992 1392 1041 omn·
1428 1045 1429 1048 ,

280 1075 314 1141 di
331 1074 370 1140 de
381 1075 480 1166 eorde
496 1077 614 1156 oestro,
629 1078 784 1158 quantum
795 1077 944 1160 potestis,
959 1094 982 1141 a
996 1078 1108 1142 cestro
1122 1075 1283 1142 memoria
1301 1074 1392 1157 repet-

280 1173 371 1254 totis,
391 1189 433 1239 cc
449 1173 510 1240 deo
525 1177 557 1239 et
574 1171 752 1240 bominibus
769 1173 965 1258 satisfacere
979 1174 1189 1259 promittetis.
1216 1170 1289 1252 Que
1307 1171 1390 1239 dixit:

279 1271 499 1339 Libentissime
509 1270 637 1355 facicm
650 1289 712 1356 que
727 1272 865 1340 dicistis.
892 1272 972 1340 Post
988 1272 1050 1340 hec
1064 1270 1211 1339 condidit
1226 1277 1392 1338 testamen·
1429 1321 1430 1332 ,

280 1379 366 1459 tum,
398 1375 431 1436 et
448 1371 551 1456 elegit
575 1371 609 1436 in
626 1370 760 1438 Basilea
785 1372 819 1438 in
834 1372 959 1439 maiore
984 1371 1130 1439 ecclesia
1148 1370 1394 1438 ecclesiasticam

282 1469 492 1556 sepulturam.
525 1469 668 1554 Prelegit
694 1474 803 1536 aretem
828 1471 938 1537 locum
963 1471 1228 1556 prenominatum
1254 1485 1295 1535 co
1322 1467 1395 1554 quod

281 1585 340 1636 rex
370 1567 532 1636 Rudollus
567 1575 870 1656 antecessorcsque
907 1569 957 1636 sui
982 1568 1201 1635 Basiliensem
1235 1567 1394 1635 ecclesian
1430 1638 1431 1642 Ἴ

282 1667 397 1754 sepius
435 1665 730 1754 dampnificassent
760 1685 799 1734 ao
832 1668 904 1735 eius
939 1667 1119 1754 episcopos
1150 1665 1396 1754 perturbassent.

282 1762 453 1832 Ordinuvit
471 1766 607 1833 enimin
626 1771 836 1856 testamento,
855 1773 892 1833 ut
905 1764 1038 1852 quidam
1051 1764 1214 1854 dixerunt,
1232 1763 1320 1850 quod
1334 1761 1395 1830 red·
1430 1799 1431 1804 =

282 1863 370 1944 ditus
402 1855 567 1952 quatuor¹
590 1863 832 1951 prebendarum
864 1865 1066 1932 monasterio
1094 1863 1271 1952 darentur,
1301 1869 1335 1929 ut
1361 1862 1397 1927 sic

282 1962 347 2032 deo
366 1970 399 2031 et
416 1963 603 2030 hominibus
623 1961 841 2032 satisfaceret.
1431 2025 1432 2040 ,

356 2061 516 2131 Posthac
534 2063 650 2148 regina
668 2065 819 2151 moritur,
839 2066 1060 2152 exenteratur,
1080 2069 1112 2128 et
1131 2067 1249 2129 venter
1267 2061 1336 2128 eius
1353 2077 1397 2125 sa-

282 2160 361 2228 bulo
380 2166 414 2228 et
431 2161 597 2229 cineribus
615 2161 786 2248 impletur,
812 2160 916 2228 iacies
941 2162 1014 2228 eius
1033 2160 1183 2228 balsamo
1201 2159 1328 2248 linitur,
1356 2163 1396 2224 to-

282 2266 417 2346 tumque
450 2278 571 2347 corpus
599 2260 670 2326 eius
705 2277 818 2346 panno
843 2277 940 2327 cereo
967 2258 1200 2347 circumdatur,
1230 2276 1272 2325 ac
1301 2257 1397 2324 sericis

282 2359 490 2426 vestimentis
507 2357 651 2426 induitur
668 2360 832 2446 pretiosis.
859 2358 965 2446 Caput
983 2359 1054 2426 eius
1073 2358 1149 2424 albo
1169 2358 1279 2425 serico
1297 2355 1396 2444 pepla·
1432 2429 1433 2438 ἵ

283 2465 351 2546 tur,
383 2461 416 2524 et
441 2474 567 2526 corona
591 2457 653 2524 sibi
680 2459 913 2546 superponitur
930 2456 1097 2525 deaurata.
1130 2457 1210 2524 Post
1228 2456 1293 2524 hec
1309 2456 1340 2520 in
1356 2471 1397 2518 ar·
1432 2467 1433 2472 ¹

283 2573 354 2623 cunr
374 2573 415 2622 ex
432 2555 512 2642 sago
530 2557 714 2644 peroptime
731 2555 849 2623 iactam
869 2557 998 2646 supina,
1017 2555 1167 2622 manibus
1183 2557 1398 2642 superpeotus
1432 2565 1433 2570 ’

282 2655 413 2745 positis,
432 2656 624 2746 imponitur,
651 2661 684 2722 et
709 2655 815 2722 serreo
835 2655 996 2722 clauditur·
1019 2656 1249 2722 instrumento.
1275 2653 1333 2720 His
1350 2668 1397 2716 er-

282 2755 380 2842 plctis
399 2755 432 2822 in
449 2755 614 2822 Basileum
639 2772 713 2822 cum
732 2755 827 2841 equis
846 2753 1068 2841 qrradraginta
1091 2751 1218 2820 ducitur·
1238 2757 1272 2819 ct
1289 2756 1324 2818 ut
1340 2766 1397 2816 cre-

283 2851 423 2920 debatur
440 2872 514 2924 cum
532 2854 675 2940 pecunia
692 2855 840 2942 copiosa.
875 2853 1019 2920 Fuerunt
1036 2853 1069 2918 in
1088 2851 1246 2918 comitatu
1265 2867 1326 2918 suo
1344 2847 1397 2913 lra-

281 2956 349 3018 tres
367 2951 610 3019 Prodicatomm
633 2951 717 3040 duo,
742 2951 906 3019 Minorum
925 2950 991 3018 duo
1001 3003 1010 3040 ‚
1043 2957 1076 3017 et
1093 2949 1226 3017 domine
1247 2967 1328 3036 quas
1346 2954 1398 3013 tres

283 3067 397 3116 currus
417 3049 537 3117 ducere
555 3056 720 3138 poterunt.
759 3048 990 3118 Adiunxerunt
1007 3055 1116 3117 autem
1135 3065 1172 3116 sc
1192 3049 1242 3116 eis
1262 3047 1396 3116 homines

283 3148 410 3215 circiter
428 3147 669 3235 quadringenti.

355 3245 426 3315 Rex
444 3253 554 3315 autem
571 3247 785 3316 mandaverat
811 3248 972 3336 episcopo
990 3247 1184 3334 Basiliensi,
1210 3251 1249 3312 ut
1266 3244 1397 3329 reginam

283 3344 473 3414 defunctam
492 3347 718 3435 sollempniter
736 3348 901 3434 sepeliret.
935 3347 1122 3433 Episcopus
1147 3345 1288 3412 clericos
1312 3358 1396 3425 regu-

282 3445 370 3513 lares
394 3450 436 3512 'et
466 3447 634 3514 seculares
660 3447 811 3514 invitavit
837 3445 1011 3514 Basileam.
1052 3444 1288 3511 Convenerunt
1317 3439 1399 3525 igitur

284 3545 411 3612 circiter
428 3545 516 3612 mille
535 3543 684 3634 ducenti,
709 3545 765 3632 qui
792 3561 908 3611 omnes
937 3541 1095 3610 candelas
1123 3543 1157 3609 in
1181 3540 1332 3608 manibus
1348 3537 1398 3603 ha-

282 3641 406 3710 bebant
432 3650 464 3711 et
492 3645 607 3730 regine
632 3645 666 3710 in
692 3644 910 3732 processione
938 3660 1012 3711 oum
1037 3648 1156 3708 ornatu
1174 3641 1322 3728 pretioso
1340 3633 1398 3701 sol-

282 3739 455 3828 lempniter
474 3749 663 3831 occurrunt,
689 3741 789 3810 etad
813 3743 918 3809 maius
944 3742 1178 3808 monasterium
1202 3737 1395 3828 pertulerunt.

178 3886 182 3890 -
284 3838 401 3906 Tribus
420 3841 586 3928 episcopis
613 3839 736 3909 ibidem
761 3841 872 3908 divina
896 3837 1140 3906 celebrantibus
1159 3839 1275 3923 regine
1294 3846 1397 3918 corpus

283 3938 317 4003 iu
335 3937 447 4005 tumba
457 3942 599 4026 positum
619 3941 752 4025 erigitur
770 3947 803 4008 et
819 3938 969 4007 omnibus
988 3936 1199 4026 presentibus
1220 3931 1397 4034 ostenditur,¹

285 4041 414 4123 etpost
437 4039 570 4106 missam
597 4037 772 4126 deponitur
798 4045 831 4106 et
854 4055 913 4126 por
938 4035 1077 4104 abbates
1096 4036 1138 4104 ad
1157 4035 1283 4103 lossam
1303 4025 1397 4098 tumul

320 4212 350 4274 1)
368 4225 399 4264 so
417 4207 462 4262 die
479 4211 531 4276 hs,
550 4209 598 4264 der
615 4210 700 4266 druclr
719 4213 765 4268 hat
784 4211 906 4266 duarum.
