2950 4836
282 221 353 292 530
644 253 836 300 rornutnnrs
857 252 1045 298 turtunensis.

201 402 267 458 terr
285 392 402 478 warte,
430 395 463 458 et
484 389 558 458 aliis
584 389 694 460 multis
711 390 881 459 nobilibus
901 390 942 458 de
959 391 1055 458 Reno
1071 389 1259 458 Franoonia
1275 396 1313 458 et
1332 389 1415 458 Sue-

284 491 347 558 via.
372 489 414 558 Et
437 489 589 557 divitates
615 489 737 558 ibidem
762 495 796 557 et
819 495 929 559 eastra
951 507 988 558 se
1007 507 1070 558 suo
1089 487 1235 558 dominio
1253 487 1416 560 subdide-

280 595 370 676 runt,
398 593 540 676 excepta
570 589 704 657 oiritate
731 589 948 679 wiennensi,
975 607 1073 676 quarn
1102 590 1208 656 eniam
1237 587 1415 657 obsidione

280 689 400 775 pinxit,
424 704 488 756 neo
512 694 622 756 tamen
648 706 709 775 per
733 688 931 756 violenoiam
957 689 1054 776 oepit.
1081 686 1150 756 Sed
1166 705 1228 776 per
1245 687 1414 774 quoddam

281 787 466 875 arbitrium,
486 785 577 873 quod
593 787 658 874 ipsi
676 785 773 855 ambo
790 805 890 872 reges
908 787 1069 876 inierunt,
1092 787 1219 876 inoepit
1235 787 1349 875 ipsam
1371 786 1414 852 oi-

279 888 415 954 vitatem
441 886 684 954 Wiennensem
708 891 742 954 et
765 890 867 954 totam
885 892 1003 954 terram
1022 882 1157 954 Austrie
1182 891 1276 954 trans
1298 885 1415 952 Danu-

280 985 369 1054 bium
387 1002 506 1053 versus
524 983 692 1053 meridiem
709 983 848 1074 paoiboe
861 984 1049 1073 possidere,
1067 986 1133 1053 alia
1150 989 1245 1072 parte
1264 983 1414 1052 eiusdem

280 1089 367 1152 terre
394 1089 484 1152 trans
501 1083 689 1152 Danubium
706 1101 827 1152 versus
851 1085 1042 1171 aquilonem
1061 1085 1133 1153 sive
1150 1083 1353 1152 Bobemiam
1369 1083 1414 1150 ei-

280 1183 356 1253 dem
373 1185 446 1270 regi
463 1182 622 1252 Bohemie
639 1201 699 1271 per
716 1182 803 1251 idem
822 1182 989 1252 arbitrium
1006 1189 1208 1252 remanente.

356 1281 506 1352 Tandem
521 1274 603 1370 per1
620 1288 689 1350 tres
713 1282 768 1350 vol
785 1281 871 1350 duos
894 1299 1021 1371 annos,
1041 1283 1130 1351 oisso
1148 1280 1309 1370 predioto
1328 1279 1415 1347 arbi-

281 1383 361 1470 trio,
378 1380 528 1471 prefatus
546 1399 606 1449 rex
622 1380 781 1449 Bohemie
799 1381 841 1450 de
859 1381 952 1450 terris
971 1382 1041 1448 suis
1060 1379 1187 1449 soilioet
1204 1379 1373 1449 Bobemia
1385 1386 1413 1446 et

279 1481 448 1571 Moravia,
468 1487 501 1548 et
519 1481 622 1548 eniam
641 1479 683 1548 de
701 1480 775 1548 aliis
793 1480 889 1548 terris
914 1481 1041 1548 scilieet
1058 1480 1199 1549 Paionia
1217 1479 1415 1547 Pomerania

281 1578 428 1648 Saxonie
454 1585 487 1646 et
512 1579 683 1669 Miobsna,
708 1578 826 1648 sortem
852 1580 1032 1648 exereitum
1053 1595 1287 1668 oongreganS‚
1309 1582 1415 1646 eastra

280 1683 421 1746 metatus
448 1683 501 1746 est
524 1695 624 1766 super
645 1676 767 1746 ssumen
792 1677 908 1746 Marob
931 1679 966 1746 in
990 1694 1107 1766 eampo
1126 1679 1183 1766 qui
1201 1676 1328 1746 dieitur
1345 1676 1414 1743 bla-

279 1777 418 1845 riohvelt
442 1794 547 1865 prope
571 1775 766 1845 Cistesduri.
801 1777 843 1845 Et
863 1794 938 1845 oum
957 1775 1047 1844 idem
1070 1795 1130 1846 rex
1152 1777 1321 1845 Bobemie
1346 1794 1414 1844 oum

280 1875 414 1944 domino
435 1873 579 1944 Rudolio
600 1875 821 1944 Romanorum
843 1893 924 1962 rege
951 1875 993 1944 de
1013 1893 1108 1945 mnne
1127 1874 1298 1962 oongredi
1322 1875 1414 1960 eogi-

280 1981 381 2058 tnret,
401 1993 481 2044 eooe
501 1974 593 2042 multi
607 1975 739 2044 nobiles
756 1973 798 2042 de
816 1981 908 2064 parte
929 1973 1073 2044 adversa
1084 1977 1192 2064 ipsum
1210 1992 1334 2060 regern
1350 1974 1413 2042 Bo·

280 2074 388 2142 bemie
414 2065 704 2162 premuniverunt²
725 2074 844 2142 litteris
865 2079 900 2142 et
920 2075 1067 2164 nunciis,
1094 2074 1245 2143 dieentes
1267 2071 1366 2160 quod
1384 2075 1413 2138 in

280 2173 355 2261 ipsa
373 2174 615 2259 congressione
637 2172 768 2242 nobiles
788 2173 840 2240 sui
856 2178 973 2241 essent
994 2191 1069 2241 eum
1085 2171 1365 2262 prodioionaliter
1383 2173 1412 2238 in

281 2289 397 2340 manus
418 2271 561 2340 hostium
585 2271 743 2340 tradituri.
769 2269 867 2353 Quod
884 2289 1100 2358 eognoscens
1116 2271 1205 2340 idem
1219 2290 1284 2340 rex
1302 2271 1412 2339 Bobe-

280 2372 343 2438 mie
351 2421 361 2460 ‚
379 2369 511 2440 nobiles
533 2388 615 2440 suos
641 2369 684 2440 ad
706 2389 744 2438 se
768 2372 803 2438 in
825 2388 921 2440 suurn
942 2373 1142 2440 oonrueavit
1162 2372 1365 2459 tentorium,
1383 2375 1412 2437 ot

281 2487 319 2538 se
335 2471 384 2536 eis
402 2470 558 2538 inermem
574 2469 771 2538 omnimodis
784 2471 1002 2559 presentavit,
1021 2471 1154 2539 dioens:
1172 2469 1259 2537 Eeee
1279 2469 1411 2537 inerrato

280 2570 315 2636 ire
332 2572 507 2653 conspeetu
521 2573 630 2638 oestro
646 2573 715 2648 sto,
736 2573 769 2636 et
783 2568 862 2636 lieet
885 2569 925 2635 de
947 2569 1235 2652 uestro-fidelitate
1255 2585 1328 2636 noo
1348 2567 1409 2651 dis-

275 2667 394 2750 fidum,
413 2672 522 2736 tumere
538 2669 567 2735 ri
585 2671 639 2735 oui
653 2673 772 2736 eontra
785 2685 836 2734 me
848 2668 1045 2754 proditionis
1059 2668 1233 2752 velintque
1250 2667 1410 2751 factionis

205 2777 209 2784 ·
279 2771 368 2834 esset
388 2767 557 2856 uoluntas,
576 2767 691 2834 melius
707 2769 864 2834 eeirteret
878 2771 915 2834 ut
934 2785 985 2835 roe
1004 2786 1090 2836 aune
1109 2766 1217 2835 sotem
1234 2766 1407 2846 occideret,

277 2883 376 2950 poam
399 2866 488 2951 quod
513 2883 592 2932 erus
613 2867 647 2933 in
666 2865 750 2933 bello
774 2883 900 2934 meeum
920 2867 1131 2935 multamilia
1149 2863 1323 2934 dominum
1341 2883 1407 2930 nro-

276 2967 417 3032 riootur.
444 2963 513 3032 Sed
535 2966 600 3052 ipsi
625 2965 757 3034 nobiles
778 2964 888 3032 multis
909 2966 1101 3034 iuramentis
1122 2982 1161 3033 se
1183 2965 1250 3053 ipsi
1269 2963 1406 3032 fideliter

277 3063 364 3129 velle
382 3065 541 3131 assistere
557 3065 787 3152 promiserunt.
812 3065 893 3132 ltem
911 3064 999 3132 idern
1015 3083 1073 3134 rex
1090 3064 1251 3132 Bobemie
1277 3062 1403 3132 ouidan

278 3165 439 3228 strennuo
459 3161 551 3228 militi
567 3163 716 3250 promisit
731 3162 871 3250 plurimo
887 3180 925 3231 se
943 3163 1104 3253 daturum,
1123 3163 1152 3230 si
1166 3164 1222 3231 vel
1239 3161 1403 3232 deminum

276 3256 496 3327 Romanorum
512 3278 624 3346 regem
646 3262 698 3330 rel
717 3263 835 3330 saltem
855 3279 976 3350 equum
995 3263 1067 3332 eius
1086 3261 1259 3330 uooideret
1275 3263 1311 3329 in
1326 3277 1403 3328 eorr-

277 3376 407 3444 grrssu.
434 3356 497 3439 Qui
513 3360 607 3428 mites
627 3360 691 3428 buo
714 3361 934 3448 promissione
957 3366 1111 3450 aooepta‚
1130 3379 1275 3429 euneum
1295 3360 1402 3430 tortis-

277 3458 431 3527 simorum
456 3459 592 3528 militurn
612 3466 810 3548 penetrans,
829 3460 936 3546 ipsum
960 3478 1074 3546 rogem
1093 3459 1320 3528 Romanorum
1343 3475 1399 3525 re-

276 3556 420 3624 hementi
436 3557 503 3624 iotu
517 3557 560 3625 ad
575 3563 692 3626 terram
709 3559 887 3646 prostravit
905 3563 938 3626 et
952 3577 1072 3646 equum
1089 3560 1161 3626 eius
1185 3557 1320 3626 oceidit.
1338 3553 1399 3626 Sed

276 3655 406 3724 nobiles
430 3657 486 3743 qui
508 3657 596 3726 latus
618 3657 710 3742 regis
734 3659 954 3748 stipaverant,
982 3657 1124 3726 eundern
1152 3658 1398 3747 captivaverunt

275 3754 424 3844 militem,
444 3761 477 3822 et
491 3773 606 3841 regem
626 3756 659 3822 in
680 3773 767 3842 equo
789 3755 854 3823 alio
873 3755 1078 3824 locaverunt.
1106 3754 1174 3824 Sed
1197 3773 1281 3824 eooe
1303 3757 1396 3822 mira-

276 3850 377 3918 bilem·
398 3853 534 3939 predioti
556 3856 646 3940 regis
666 3853 886 3924 Romanorum
913 3855 1143 3944 olemenoiam,
1164 3857 1242 3941 quia
1260 3852 1393 3922 eunden

276 3949 409 4016 mititem
437 3951 500 4018 sibi
525 3955 690 4041 captivum
716 3957 943 4042 presentatum
970 3955 1064 4026 abire
1088 3955 1238 4042 permisit
1263 3953 1393 4034 illesum,

275 4046 409 4114 dicens:
436 4051 525 4132 quod
536 4051 713 4135 reipublice
730 4053 906 4137 dompnum
925 4057 1014 4120 esset
1028 4054 1058 4120 si
1078 4051 1171 4120 miter
1191 4053 1281 4119 odeo
1303 4051 1394 4136 fortir

274 4151 307 4212 et
329 4151 503 4213 strennuus
525 4149 697 4234 deperiret.
723 4151 801 4238 Ipso
825 4151 928 4220 eeia'm
948 4169 1029 4238 rege
1054 4151 1294 4240 Romanorum,
1319 4167 1393 4218 oon·

310 4257 340 4320 t)
360 4253 443 4322 posti
461 4253 527 4307 aber
545 4272 592 4324 per
609 4255 695 4310 haben
715 4257 753 4312 bs.
773 4257 827 4311 und
845 4259 874 4312 C.
918 4260 946 4328 2)
965 4275 995 4314 so
1014 4259 1059 4312 die
1077 4258 1127 4324 bs„
1145 4264 1355 4330 premonuerunt
1369 4254 1393 4307 C.
