2950 4836
299 275 369 342 cto
663 301 855 349 rrannuuoos
877 301 1062 348 narrurrsrs.

216 453 283 510 reae
300 441 455 510 dextrarii
482 446 558 508 sunt
584 441 697 518 occisi,
744 437 957 506 Postmodum
984 456 1063 507 vero
1088 454 1169 522 rege
1192 436 1331 524 sepulto
1358 441 1433 520 aput

295 540 532 609 monasterium
546 536 704 608 Rosental
718 531 740 628 ¹,
763 539 903 624 eiusque
920 536 987 606 tilio
1001 543 1116 626 capto,
1143 537 1313 604 electores
1331 534 1434 619 impe-

295 640 333 706 rii
350 637 512 726 prefatum
528 635 699 706 Albertum
722 636 840 704 ducam
859 634 993 704 Austrie
1017 637 1053 704 in
1076 653 1191 720 regem
1212 633 1436 702 Romanorum

296 743 376 825 aput
391 735 627 804 Franoireniurt
639 735 835 804 unanimiter
850 735 1035 820 elegerunt.

370 833 497 902 Eodem
525 851 613 902 anno
643 835 759 902 civitas
786 833 995 902 Pataviensis
1019 850 1056 900 se
1084 830 1220 898 domino
1244 847 1311 898 suo
1336 829 1435 896 Pata-

297 935 406 1002 viensi
437 935 599 1020 episcopo
627 931 836 1000 Warnhardo
863 931 1029 1018 opposuit.
1079 931 1120 998 Et
1156 935 1223 996 tam
1252 929 1435 1016 episcopus

297 1051 393 1120 quum
414 1032 567 1099 canonici
584 1032 749 1098 ciuitatem
768 1035 950 1119 excomm,
979 1046 1051 1096 eam
1076 1047 1135 1116 por
1161 1027 1435 1096 excommunica-

296 1133 421 1198 tionem
438 1132 471 1196 in
490 1135 596 1196 certas
614 1145 796 1218 perseum,
816 1134 849 1196 et
865 1127 1073 1196 interdictum
1092 1129 1124 1194 in
1143 1127 1255 1193 iocum
1275 1125 1435 1212 spiritua-

295 1231 386 1318 liter,
414 1235 446 1296 et
472 1230 577 1296 eciam
602 1245 661 1316 per
687 1227 857 1294 machinas
884 1232 1034 1294 amonte
1052 1225 1159 1292 sancti
1178 1224 1292 1290 Georii
1313 1229 1350 1290 et
1367 1222 1435 1288 aliis

296 1327 423 1410 modis,
448 1328 525 1394 licet
549 1343 618 1394 non
636 1326 769 1394 muitum
787 1324 928 1412 sortiter,
948 1323 1086 1392 eosdem
1105 1325 1198 1391 ciues
1217 1322 1366 1390 civiliter
1382 1323 1434 1385 in-

296 1432 496 1514 pugnarunt.
530 1424 698 1492 Volebam
716 1424 803 1492 enim
822 1422 961 1510 predicti
985 1423 1077 1488 cives
1095 1422 1220 1489 habere
1239 1421 1434 1504 magistrum

299 1517 443 1590 civinm²
469 1524 627 1592 consules
653 1529 687 1590 ct
710 1528 857 1590 rectores
885 1521 1029 1590 civitatis
1056 1538 1076 1586 a
1101 1537 1139 1588 se
1159 1521 1309 1607 electos,
1340 1523 1376 1584 et
1394 1518 1435 1582 si-

297 1622 412 1708 gillum
431 1623 594 1709 speciale,
621 1627 654 1688 et
672 1637 851 1710 campanas
870 1622 934 1688 ium
953 1625 1127 1688 erexerant
1152 1617 1195 1686 ad
1214 1635 1335 1684 corum
1357 1632 1435 1682 con-

298 1721 405 1788 silium
425 1718 688 1790 convocandum.
720 1720 762 1786 Et
787 1721 837 1788 sic
860 1717 1079 1786 intendebant
1095 1735 1185 1784 more
1204 1715 1375 1802 regalium
1394 1715 1437 1780 ci-

296 1821 445 1908 vitatum,
463 1824 578 1905 utpote
596 1817 798 1906 Ratispona,
817 1834 885 1886 non
902 1820 974 1902 regi
992 1814 1156 1884 mandatis
1175 1815 1333 1902 episcopi
1355 1815 1436 1880 sicut

297 1923 374 1984 ante
393 1922 655 2006 consueverant,
675 1915 737 1984 sed
763 1917 904 2004 propriis
921 1914 1104 1982 rectoribus
1124 1919 1156 1982 et
1182 1913 1362 1997 magistro.
1402 1911 1438 1977 Et

298 2033 398 2103 super
414 2015 565 2103 predicta
583 2013 751 2083 discordia
768 2021 833 2082 tam
851 2015 923 2102 ipse
943 2015 1122 2101 episcopos
1142 2029 1240 2098 qnam
1261 2013 1362 2078 cives
1382 2007 1435 2076 dl-

298 2114 426 2182 bertum
444 2132 557 2200 regem
575 2114 608 2180 in
627 2115 717 2183 ouria
735 2132 833 2200 quam
852 2110 1034 2182 celebravit
1050 2111 1138 2198 apud
1157 2108 1363 2177 Niirnberch
1382 2125 1437 2174 ac-

297 2219 489 2302 cesserunt⁷
516 2229 596 2280 suas
624 2213 846 2300 querimonias
876 2215 1113 2299 proponentes.
1153 2207 1331 2276 Predictus
1360 2223 1434 2272 vero

297 2329 357 2378 ren
374 2328 442 2378 non
459 2329 518 2397 per
535 2309 669 2380 sormam
694 2309 804 2378 iudicii
828 2309 889 2380 sed
913 2327 972 2398 per
996 2308 1160 2400 arbitrium
1180 2305 1321 2374 eosdem
1345 2307 1435 2372 cives

298 2427 372 2476 cum
397 2410 561 2496 episcopo
588 2408 822 2498 concordavit,
855 2410 901 2475 ita
927 2407 1083 2474 videlicet
1109 2403 1199 2492 quod
1225 2405 1380 2490 sigillum
1406 2408 1433 2469 ct

298 2525 477 2593 campanas
501 2506 634 2575 domino
661 2508 822 2596 episcopo
843 2505 1064 2594 tradiderunt,
1091 2521 1229 2590 quarum
1248 2519 1434 2590 campana-

298 2595 397 2674 rum³
418 2623 485 2672 una
509 2607 613 2674 eciam
638 2605 737 2676 hodie
761 2607 795 2672 in
820 2605 966 2674 ecclesia
985 2604 1092 2672 sancti
1111 2602 1273 2688 Stephani
1297 2601 1435 2667 Patauio

304 2703 455 2772 habetur.
488 2703 713 2772 Promiseront
740 2705 845 2772 eciam
861 2702 1000 2791 predicti
1019 2703 1110 2770 cives
1137 2705 1321 2770 memorato
1342 2700 1437 2787 epis-

298 2819 384 2889 eopo
410 2808 442 2868 et
467 2803 537 2870 suis
557 2802 813 2872 successoribus
838 2801 879 2870 de
906 2807 1017 2868 cetero
1043 2799 1184 2867 fideliter
1208 2797 1351 2865 obedire
1370 2815 1430 2864 nec

299 2900 419 2968 similia
445 2905 649 2988 attemptare.
679 2900 721 2968 Et
743 2902 881 2989 insuper
906 2901 1014 2969 coacti
1043 2903 1120 2968 sunt
1145 2897 1224 2964 dare
1253 2895 1434 2964 duomilia

297 2998 452 3064 librarum
468 2999 711 3085 pataviensium
730 3016 790 3087 pro
809 2997 959 3068 emenda.

370 3093 497 3162 Eodem
516 3097 620 3164 eciam
638 3114 726 3164 anno
745 3103 860 3166 exorta
885 3102 937 3166 est
962 3095 1049 3164 suma
1074 3093 1215 3182 quedam
1243 3092 1287 3162 de
1305 3092 1433 3178 iudeis,

298 3191 389 3278 quod
408 3210 528 3279 corpus
547 3194 746 3264 dominicum
763 3196 797 3262 in
814 3197 968 3264 mortario
988 3193 1214 3281 contuderint,
1241 3198 1275 3260 et
1294 3192 1432 3278 sanguis

297 3292 331 3358 in
354 3291 455 3358 multa
481 3293 665 3378 quantitate
691 3295 910 3383 emanaverit,
946 3295 1001 3380 qui
1027 3297 1145 3379 postea
1172 3310 1192 3357 a
1217 3289 1341 3358 Judeis
1369 3307 1432 3358 non

297 3395 429 3477 poterat
447 3390 615 3458 occultari.
641 3392 682 3460 Et
699 3393 742 3460 ob
759 3391 824 3459 hoo
842 3409 958 3460 omnes
973 3389 1073 3458 Jrrdei
1086 3391 1118 3458 in
1133 3389 1309 3476 Herbipoii
1320 3389 1429 3456 Ninn-

297 3487 400 3554 beroh
423 3487 637 3558 Rotenburch
663 3495 695 3557 et
719 3491 824 3566 eciam
849 3509 908 3578 per
930 3495 1032 3558 totam
1056 3488 1274 3556 Franconiam
1299 3505 1361 3574 per
1382 3489 1429 3552 in·
1467 3519 1468 3574 p

298 3586 419 3654 saltum
437 3587 561 3677 popuii,
581 3593 614 3654 et
632 3587 794 3674 quosdam
813 3591 868 3675 qui
886 3605 923 3656 sc
941 3589 976 3656 in
993 3605 1115 3672 magna
1131 3584 1345 3654 multitudine
1363 3585 1428 3652 coi·
1467 3579 1468 3674 J

297 3683 467 3774 legerant,
496 3691 529 3752 ct
555 3685 720 3772 quandam
748 3688 804 3773 qui
829 3686 1022 3755 Rintiiaisoh
1041 3684 1230 3772 dicebatur,
1259 3702 1358 3770 quem
1374 3699 1427 3769 pro
1467 3735 1468 3776 r

297 3782 445 3869 principe
472 3783 646 3868 elegerant
663 3784 850 3852 rolenoium
867 3783 1036 3862 vindicare
1062 3789 1127 3852 tam
1151 3787 1321 3850 recentem
1347 3783 1427 3848 inin·
1467 3777 1468 3862 i

296 3879 375 3946 rium
394 3881 594 3971 salvatoris,
612 3881 769 3950 incendio
789 3888 867 3950 sunt
885 3882 1029 3952 cremati.
1062 3881 1104 3950 Et
1127 3880 1214 3948 adeo
1237 3879 1353 3948 valida
1377 3877 1427 3946 tuit
1467 3933 1468 3968 ἶ

300 3993 413 4045 eorum
429 3982 633 4068 persecutio,
653 3979 746 4067 quod
765 3983 871 4048 coium
889 3987 1035 4048 castrum
1048 3979 1162 4065 regaie
1180 3981 1216 4046 in
1228 3977 1426 4064 Nimirum,
1467 3973 1468 3978 ’

298 4080 441 4142 castrum
470 4078 575 4144 eciam
602 4077 825 4146 Wiidenstain
846 4071 858 4114 ⁴
883 4097 988 4168 prope
1014 4077 1144 4146 Novum
1170 4077 1308 4166 Forum,
1335 4083 1371 4157 ut
1392 4075 1426 4142 de

332 4217 362 4280 i]
382 4213 474 4268 Rosam
492 4215 533 4268 irs.
553 4216 608 4270 und
627 4217 725 4272 cirron.
745 4217 843 4272 Satist).
880 4221 912 4286 2)
932 4220 1032 4273 ciuium
1050 4217 1122 4272 fehlt
1138 4219 1166 4272 in
1185 4217 1234 4271 der
1252 4217 1294 4271 hs.
1318 4220 1349 4281 3)
1368 4232 1427 4270 rern-

297 4296 425 4348 panarum
451 4281 519 4335 fehlt
541 4285 570 4335 in
592 4283 641 4338 der·
663 4285 704 4340 hs.
729 4287 784 4340 und
801 4287 838 4340 im
857 4284 957 4342 cirron.
977 4285 1124 4342 Osterhou
1160 4287 1193 4352 d)
1211 4287 1300 4343 eciam
1316 4283 1426 4340 Wiideu·
1467 4347 1468 4350 Ἴ
