<?xml version="1.0" encoding="UTF-8"?>
<!DOCTYPE html PUBLIC "-//W3C//DTD XHTML 1.0 Transitional//EN"
    "http://www.w3.org/TR/xhtml1/DTD/xhtml1-transitional.dtd">
<html xmlns="http://www.w3.org/1999/xhtml" xml:lang="en" lang="en">
 <head>
  <title>
</title>
<meta http-equiv="Content-Type" content="text/html;charset=utf-8" />
  <meta name='ocr-system' content='tesseract 3.04.00' />
  <meta name='ocr-capabilities' content='ocr_page ocr_carea ocr_par ocr_line ocrx_word'/>
</head>
<body>
  <div class='ocr_page' id='page_1' title='image "./fontesrerumgerm00hubegoog_0616.png"; bbox 0 0 2950 4836; ppageno 0'>
   <div class='ocr_carea' id='block_1_1' title="bbox 414 203 1181 280">
    <p class='ocr_par' dir='ltr' id='par_1_1' title="bbox 414 203 1181 280">
     <span class='ocr_line' id='line_1_1' title="bbox 414 203 1181 280; baseline -0.007 -3"><span class='ocrx_word' id='word_1_1' title='bbox 414 232 605 280; x_wconf 82' lang='lat' dir='ltr'><strong>aaraurrrous</strong></span> <span class='ocrx_word' id='word_1_2' title='bbox 626 230 814 280; x_wconf 71' lang='lat' dir='ltr'><strong>suranensis.</strong></span> <span class='ocrx_word' id='word_1_3' title='bbox 1112 203 1181 272; x_wconf 84' lang='lat'><strong>553</strong></span> 
     </span>
    </p>
   </div>
   <div class='ocr_carea' id='block_1_2' title="bbox 50 367 1316 3989">
    <p class='ocr_par' dir='ltr' id='par_1_2' title="bbox 50 367 1267 1736">
     <span class='ocr_line' id='line_1_2' title="bbox 52 367 1267 459; baseline -0.002 -21"><span class='ocrx_word' id='word_1_4' title='bbox 52 373 188 459; x_wconf 83' lang='lat' dir='ltr'><strong>insuper</strong></span> <span class='ocrx_word' id='word_1_5' title='bbox 203 370 321 456; x_wconf 83' lang='lat' dir='ltr'><strong>viginti</strong></span> <span class='ocrx_word' id='word_1_6' title='bbox 344 369 432 436; x_wconf 92' lang='lat' dir='ltr'><strong>milia</strong></span> <span class='ocrx_word' id='word_1_7' title='bbox 453 386 668 458; x_wconf 80' lang='lat' dir='ltr'><strong>paganorum.</strong></span> <span class='ocrx_word' id='word_1_8' title='bbox 703 367 767 449; x_wconf 90' lang='lat' dir='ltr'><strong>Qui</strong></span> <span class='ocrx_word' id='word_1_9' title='bbox 789 370 824 438; x_wconf 93' lang='lat' dir='ltr'><strong>in</strong></span> <span class='ocrx_word' id='word_1_10' title='bbox 841 368 992 439; x_wconf 87' lang='lat' dir='ltr'><strong>Moravia</strong></span> <span class='ocrx_word' id='word_1_11' title='bbox 1018 376 1052 440; x_wconf 90' lang='lat' dir='ltr'><strong>et</strong></span> <span class='ocrx_word' id='word_1_12' title='bbox 1068 372 1182 441; x_wconf 94' lang='lat' dir='ltr'><strong>Bohe·</strong></span> <span class='ocrx_word' id='word_1_13' title='bbox 1202 381 1267 436; x_wconf 71' lang='lat' dir='ltr'><strong>laon</strong></span> 
     </span>
     <span class='ocr_line' id='line_1_3' title="bbox 53 467 1185 560; baseline 0.003 -24"><span class='ocrx_word' id='word_1_14' title='bbox 53 471 115 537; x_wconf 94' lang='lat' dir='ltr'><strong>mia</strong></span> <span class='ocrx_word' id='word_1_15' title='bbox 133 469 283 537; x_wconf 89' lang='lat' dir='ltr'><strong>leoeruat</strong></span> <span class='ocrx_word' id='word_1_16' title='bbox 299 473 447 556; x_wconf 81' lang='lat' dir='ltr'><strong>stragem</strong></span> <span class='ocrx_word' id='word_1_17' title='bbox 464 467 686 535; x_wconf 80' lang='lat' dir='ltr'><strong>miserabilem</strong></span> <span class='ocrx_word' id='word_1_18' title='bbox 711 468 744 534; x_wconf 91' lang='lat' dir='ltr'><strong>in</strong></span> <span class='ocrx_word' id='word_1_19' title='bbox 771 468 896 557; x_wconf 92' lang='lat' dir='ltr'><strong>populo</strong></span> <span class='ocrx_word' id='word_1_20' title='bbox 915 469 1113 560; x_wconf 78' lang='lat' dir='ltr'><strong>christiano,</strong></span> <span class='ocrx_word' id='word_1_21' title='bbox 1139 472 1185 539; x_wconf 90' lang='lat' dir='ltr'><strong>ita</strong></span> 
     </span>
     <span class='ocr_line' id='line_1_4' title="bbox 51 565 1185 655; baseline 0.003 -21"><span class='ocrx_word' id='word_1_22' title='bbox 51 567 206 636; x_wconf 89' lang='lat' dir='ltr'><strong>videlieet</strong></span> <span class='ocrx_word' id='word_1_23' title='bbox 224 565 314 654; x_wconf 94' lang='lat' dir='ltr'><strong>quod</strong></span> <span class='ocrx_word' id='word_1_24' title='bbox 332 565 493 634; x_wconf 82' lang='lat' dir='ltr'><strong>abscissis</strong></span> <span class='ocrx_word' id='word_1_25' title='bbox 517 565 668 634; x_wconf 91' lang='lat' dir='ltr'><strong>manibus</strong></span> <span class='ocrx_word' id='word_1_26' title='bbox 686 571 719 633; x_wconf 92' lang='lat' dir='ltr'><strong>et</strong></span> <span class='ocrx_word' id='word_1_27' title='bbox 742 565 884 654; x_wconf 91' lang='lat' dir='ltr'><strong>pedibus</strong></span> <span class='ocrx_word' id='word_1_28' title='bbox 900 585 1075 655; x_wconf 92' lang='lat' dir='ltr'><strong>puerorum</strong></span> <span class='ocrx_word' id='word_1_29' title='bbox 1093 568 1185 636; x_wconf 90' lang='lat' dir='ltr'><strong>obri-</strong></span> 
     </span>
     <span class='ocr_line' id='line_1_5' title="bbox 53 663 1184 754; baseline 0.002 -22"><span class='ocrx_word' id='word_1_30' title='bbox 53 667 244 754; x_wconf 78' lang='lat' dir='ltr'><strong>suanorum,</strong></span> <span class='ocrx_word' id='word_1_31' title='bbox 267 665 367 733; x_wconf 87' lang='lat' dir='ltr'><strong>ateis</strong></span> <span class='ocrx_word' id='word_1_32' title='bbox 385 665 419 731; x_wconf 92' lang='lat' dir='ltr'><strong>in</strong></span> <span class='ocrx_word' id='word_1_33' title='bbox 437 664 542 733; x_wconf 90' lang='lat' dir='ltr'><strong>salina</strong></span> <span class='ocrx_word' id='word_1_34' title='bbox 557 663 730 753; x_wconf 81' lang='lat' dir='ltr'><strong>conlectis,</strong></span> <span class='ocrx_word' id='word_1_35' title='bbox 750 682 811 733; x_wconf 93' lang='lat' dir='ltr'><strong>eos</strong></span> <span class='ocrx_word' id='word_1_36' title='bbox 829 665 1050 734; x_wconf 77' lang='lat' dir='ltr'><strong>inhumaniter</strong></span> <span class='ocrx_word' id='word_1_37' title='bbox 1068 684 1184 735; x_wconf 87' lang='lat' dir='ltr'><strong>eome-</strong></span> 
     </span>
     <span class='ocr_line' id='line_1_6' title="bbox 52 761 1184 851; baseline 0.003 -21"><span class='ocrx_word' id='word_1_38' title='bbox 52 763 189 851; x_wconf 78' lang='lat' dir='ltr'><strong>derum,</strong></span> <span class='ocrx_word' id='word_1_39' title='bbox 213 763 287 830; x_wconf 93' lang='lat' dir='ltr'><strong>aliis</strong></span> <span class='ocrx_word' id='word_1_40' title='bbox 304 763 384 830; x_wconf 91' lang='lat' dir='ltr'><strong>viris</strong></span> <span class='ocrx_word' id='word_1_41' title='bbox 409 767 442 830; x_wconf 89' lang='lat' dir='ltr'><strong>et</strong></span> <span class='ocrx_word' id='word_1_42' title='bbox 458 761 649 830; x_wconf 90' lang='lat' dir='ltr'><strong>mulieribus</strong></span> <span class='ocrx_word' id='word_1_43' title='bbox 671 762 848 832; x_wconf 81' lang='lat' dir='ltr'><strong>crudeliter</strong></span> <span class='ocrx_word' id='word_1_44' title='bbox 870 765 945 832; x_wconf 85' lang='lat' dir='ltr'><strong>neoi</strong></span> <span class='ocrx_word' id='word_1_45' title='bbox 968 765 1064 833; x_wconf 91' lang='lat' dir='ltr'><strong>datis.</strong></span> <span class='ocrx_word' id='word_1_46' title='bbox 1091 763 1184 846; x_wconf 85' lang='lat' dir='ltr'><strong>Quos</strong></span> 
     </span>
     <span class='ocr_line' id='line_1_7' title="bbox 52 857 1183 950; baseline 0.003 -22"><span class='ocrx_word' id='word_1_47' title='bbox 52 868 162 929; x_wconf 91' lang='lat' dir='ltr'><strong>tamen</strong></span> <span class='ocrx_word' id='word_1_48' title='bbox 194 860 363 949; x_wconf 84' lang='lat' dir='ltr'><strong>prediatus</strong></span> <span class='ocrx_word' id='word_1_49' title='bbox 391 879 450 928; x_wconf 87' lang='lat' dir='ltr'><strong>rex</strong></span> <span class='ocrx_word' id='word_1_50' title='bbox 474 859 695 928; x_wconf 87' lang='lat' dir='ltr'><strong>Romanorum</strong></span> <span class='ocrx_word' id='word_1_51' title='bbox 727 862 760 928; x_wconf 94' lang='lat' dir='ltr'><strong>in</strong></span> <span class='ocrx_word' id='word_1_52' title='bbox 785 863 933 950; x_wconf 94' lang='lat' dir='ltr'><strong>ipsorum</strong></span> <span class='ocrx_word' id='word_1_53' title='bbox 956 857 1183 931; x_wconf 89' lang='lat' dir='ltr'><strong>immanitate¹</strong></span> 
     </span>
     <span class='ocr_line' id='line_1_8' title="bbox 51 959 1186 1050; baseline 0.003 -24"><span class='ocrx_word' id='word_1_54' title='bbox 51 961 172 1027; x_wconf 90' lang='lat' dir='ltr'><strong>nolens</strong></span> <span class='ocrx_word' id='word_1_55' title='bbox 193 959 314 1028; x_wconf 89' lang='lat' dir='ltr'><strong>diutius</strong></span> <span class='ocrx_word' id='word_1_56' title='bbox 340 960 522 1048; x_wconf 88' lang='lat' dir='ltr'><strong>sustinere,</strong></span> <span class='ocrx_word' id='word_1_57' title='bbox 557 959 669 1026; x_wconf 91' lang='lat' dir='ltr'><strong>missis</strong></span> <span class='ocrx_word' id='word_1_58' title='bbox 694 959 850 1028; x_wconf 76' lang='lat' dir='ltr'><strong>militibus</strong></span> <span class='ocrx_word' id='word_1_59' title='bbox 872 961 1052 1030; x_wconf 89' lang='lat' dir='ltr'><strong>eorundem</strong></span> <span class='ocrx_word' id='word_1_60' title='bbox 1076 980 1186 1050; x_wconf 81' lang='lat' dir='ltr'><strong>paga·</strong></span> 
     </span>
     <span class='ocr_line' id='line_1_9' title="bbox 52 1055 1185 1148; baseline 0.003 -24"><span class='ocrx_word' id='word_1_61' title='bbox 52 1075 170 1125; x_wconf 94' lang='lat' dir='ltr'><strong>norum</strong></span> <span class='ocrx_word' id='word_1_62' title='bbox 188 1057 304 1125; x_wconf 88' lang='lat' dir='ltr'><strong>deoam</strong></span> <span class='ocrx_word' id='word_1_63' title='bbox 327 1058 415 1125; x_wconf 94' lang='lat' dir='ltr'><strong>milia</strong></span> <span class='ocrx_word' id='word_1_64' title='bbox 438 1055 650 1146; x_wconf 82' lang='lat' dir='ltr'><strong>oeciderunt,</strong></span> <span class='ocrx_word' id='word_1_65' title='bbox 677 1061 712 1124; x_wconf 90' lang='lat' dir='ltr'><strong>et</strong></span> <span class='ocrx_word' id='word_1_66' title='bbox 734 1058 791 1124; x_wconf 93' lang='lat' dir='ltr'><strong>alii</strong></span> <span class='ocrx_word' id='word_1_67' title='bbox 816 1077 877 1147; x_wconf 92' lang='lat' dir='ltr'><strong>per</strong></span> <span class='ocrx_word' id='word_1_68' title='bbox 901 1058 981 1146; x_wconf 86' lang='lat' dir='ltr'><strong>iuge</strong></span> <span class='ocrx_word' id='word_1_69' title='bbox 1005 1058 1185 1148; x_wconf 88' lang='lat' dir='ltr'><strong>presidium</strong></span> 
     </span>
     <span class='ocr_line' id='line_1_10' title="bbox 51 1153 1187 1246; baseline 0.004 -24"><span class='ocrx_word' id='word_1_70' title='bbox 51 1161 241 1223; x_wconf 92' lang='lat' dir='ltr'><strong>evaserunt.</strong></span> <span class='ocrx_word' id='word_1_71' title='bbox 273 1156 426 1224; x_wconf 89' lang='lat' dir='ltr'><strong>Preterea</strong></span> <span class='ocrx_word' id='word_1_72' title='bbox 449 1173 507 1222; x_wconf 84' lang='lat' dir='ltr'><strong>rex</strong></span> <span class='ocrx_word' id='word_1_73' title='bbox 532 1154 689 1222; x_wconf 88' lang='lat' dir='ltr'><strong>Bohemio</strong></span> <span class='ocrx_word' id='word_1_74' title='bbox 716 1153 758 1224; x_wconf 93' lang='lat' dir='ltr'><strong>de</strong></span> <span class='ocrx_word' id='word_1_75' title='bbox 777 1155 906 1225; x_wconf 86' lang='lat' dir='ltr'><strong>leoibus</strong></span> <span class='ocrx_word' id='word_1_76' title='bbox 925 1175 990 1244; x_wconf 90' lang='lat' dir='ltr'><strong>que</strong></span> <span class='ocrx_word' id='word_1_77' title='bbox 1008 1163 1187 1246; x_wconf 80' lang='lat' dir='ltr'><strong>supersunt</strong></span> 
     </span>
     <span class='ocr_line' id='line_1_11' title="bbox 51 1251 1185 1341; baseline 0.003 -20"><span class='ocrx_word' id='word_1_78' title='bbox 51 1256 83 1321; x_wconf 95' lang='lat' dir='ltr'><strong>in</strong></span> <span class='ocrx_word' id='word_1_79' title='bbox 114 1255 361 1321; x_wconf 86' lang='lat' dir='ltr'><strong>examinatione</strong></span> <span class='ocrx_word' id='word_1_80' title='bbox 392 1254 524 1340; x_wconf 81' lang='lat' dir='ltr'><strong>argenti</strong></span> <span class='ocrx_word' id='word_1_81' title='bbox 551 1251 714 1339; x_wconf 91' lang='lat' dir='ltr'><strong>quasdam</strong></span> <span class='ocrx_word' id='word_1_82' title='bbox 741 1271 846 1341; x_wconf 90' lang='lat' dir='ltr'><strong>aquas</strong></span> <span class='ocrx_word' id='word_1_83' title='bbox 872 1255 1031 1324; x_wconf 89' lang='lat' dir='ltr'><strong>Bobemie</strong></span> <span class='ocrx_word' id='word_1_84' title='bbox 1061 1254 1185 1324; x_wconf 87' lang='lat' dir='ltr'><strong>inieoit.</strong></span> 
     </span>
     <span class='ocr_line' id='line_1_12' title="bbox 50 1349 1186 1441; baseline 0.004 -23"><span class='ocrx_word' id='word_1_85' title='bbox 50 1351 147 1419; x_wconf 90' lang='lat' dir='ltr'><strong>Unde</strong></span> <span class='ocrx_word' id='word_1_86' title='bbox 166 1352 318 1420; x_wconf 90' lang='lat' dir='ltr'><strong>homines</strong></span> <span class='ocrx_word' id='word_1_87' title='bbox 345 1357 378 1420; x_wconf 91' lang='lat' dir='ltr'><strong>et</strong></span> <span class='ocrx_word' id='word_1_88' title='bbox 404 1352 481 1438; x_wconf 92' lang='lat' dir='ltr'><strong>equi</strong></span> <span class='ocrx_word' id='word_1_89' title='bbox 500 1352 591 1437; x_wconf 82' lang='lat' dir='ltr'><strong>regis</strong></span> <span class='ocrx_word' id='word_1_90' title='bbox 612 1349 833 1420; x_wconf 91' lang='lat' dir='ltr'><strong>Romanorum</strong></span> <span class='ocrx_word' id='word_1_91' title='bbox 859 1371 927 1422; x_wconf 93' lang='lat' dir='ltr'><strong>non</strong></span> <span class='ocrx_word' id='word_1_92' title='bbox 950 1355 1049 1441; x_wconf 90' lang='lat' dir='ltr'><strong>pauoi</strong></span> <span class='ocrx_word' id='word_1_93' title='bbox 1076 1353 1186 1422; x_wconf 91' lang='lat' dir='ltr'><strong>subito</strong></span> 
     </span>
     <span class='ocr_line' id='line_1_13' title="bbox 51 1447 1186 1538; baseline 0.003 -20"><span class='ocrx_word' id='word_1_94' title='bbox 51 1451 230 1538; x_wconf 90' lang='lat' dir='ltr'><strong>perierunt.</strong></span> <span class='ocrx_word' id='word_1_95' title='bbox 249 1449 398 1518; x_wconf 86' lang='lat' dir='ltr'><strong>Tandem</strong></span> <span class='ocrx_word' id='word_1_96' title='bbox 411 1447 580 1536; x_wconf 84' lang='lat' dir='ltr'><strong>prediatus</strong></span> <span class='ocrx_word' id='word_1_97' title='bbox 597 1467 656 1518; x_wconf 87' lang='lat' dir='ltr'><strong>rex</strong></span> <span class='ocrx_word' id='word_1_98' title='bbox 668 1448 888 1519; x_wconf 90' lang='lat' dir='ltr'><strong>Romanorum</strong></span> <span class='ocrx_word' id='word_1_99' title='bbox 902 1452 937 1518; x_wconf 94' lang='lat' dir='ltr'><strong>in</strong></span> <span class='ocrx_word' id='word_1_100' title='bbox 954 1457 1040 1520; x_wconf 89' lang='lat' dir='ltr'><strong>terra</strong></span> <span class='ocrx_word' id='word_1_101' title='bbox 1052 1449 1186 1521; x_wconf 83' lang='lat' dir='ltr'><strong>Austrie</strong></span> 
     </span>
     <span class='ocr_line' id='line_1_14' title="bbox 51 1546 1188 1640; baseline 0.004 -26"><span class='ocrx_word' id='word_1_102' title='bbox 51 1548 230 1634; x_wconf 83' lang='lat' dir='ltr'><strong>hyemavit.</strong></span> <span class='ocrx_word' id='word_1_103' title='bbox 271 1548 312 1616; x_wconf 89' lang='lat' dir='ltr'><strong>Et</strong></span> <span class='ocrx_word' id='word_1_104' title='bbox 337 1546 506 1636; x_wconf 84' lang='lat' dir='ltr'><strong>prediatus</strong></span> <span class='ocrx_word' id='word_1_105' title='bbox 532 1565 591 1616; x_wconf 87' lang='lat' dir='ltr'><strong>rex</strong></span> <span class='ocrx_word' id='word_1_106' title='bbox 616 1546 836 1616; x_wconf 88' lang='lat' dir='ltr'><strong>Romanorum</strong></span> <span class='ocrx_word' id='word_1_107' title='bbox 861 1555 995 1639; x_wconf 87' lang='lat' dir='ltr'><strong>sperata</strong></span> <span class='ocrx_word' id='word_1_108' title='bbox 1020 1550 1188 1640; x_wconf 89' lang='lat' dir='ltr'><strong>stipendia</strong></span> 
     </span>
     <span class='ocr_line' id='line_1_15' title="bbox 51 1645 754 1736; baseline 0 -23"><span class='ocrx_word' id='word_1_109' title='bbox 51 1664 117 1714; x_wconf 94' lang='lat' dir='ltr'><strong>non</strong></span> <span class='ocrx_word' id='word_1_110' title='bbox 135 1646 302 1734; x_wconf 86' lang='lat' dir='ltr'><strong>persolvit</strong></span> <span class='ocrx_word' id='word_1_111' title='bbox 317 1645 520 1736; x_wconf 92' lang='lat' dir='ltr'><strong>prinoipibus</strong></span> <span class='ocrx_word' id='word_1_112' title='bbox 539 1651 573 1714; x_wconf 93' lang='lat' dir='ltr'><strong>et</strong></span> <span class='ocrx_word' id='word_1_113' title='bbox 589 1645 754 1716; x_wconf 91' lang='lat' dir='ltr'><strong>militibus.</strong></span> 
     </span>
    </p>

    <p class='ocr_par' dir='ltr' id='par_1_3' title="bbox 50 1741 1188 2402">
     <span class='ocr_line' id='line_1_16' title="bbox 122 1741 1188 1834; baseline 0.003 -23"><span class='ocrx_word' id='word_1_114' title='bbox 122 1741 225 1814; x_wconf 85' lang='lat' dir='ltr'><strong>Anno</strong></span> <span class='ocrx_word' id='word_1_115' title='bbox 244 1743 368 1814; x_wconf 92' lang='lat' dir='ltr'><strong>domini</strong></span> <span class='ocrx_word' id='word_1_116' title='bbox 386 1744 553 1812; x_wconf 80' lang='lat' dir='ltr'><strong>mooaiiii.</strong></span> <span class='ocrx_word' id='word_1_117' title='bbox 571 1743 652 1812; x_wconf 89' lang='lat' dir='ltr'><strong>Cum</strong></span> <span class='ocrx_word' id='word_1_118' title='bbox 670 1761 760 1831; x_wconf 93' lang='lat' dir='ltr'><strong>aqua</strong></span> <span class='ocrx_word' id='word_1_119' title='bbox 776 1745 921 1813; x_wconf 90' lang='lat' dir='ltr'><strong>Danubii</strong></span> <span class='ocrx_word' id='word_1_120' title='bbox 943 1746 1109 1814; x_wconf 89' lang='lat' dir='ltr'><strong>transiens</strong></span> <span class='ocrx_word' id='word_1_121' title='bbox 1127 1765 1188 1834; x_wconf 88' lang='lat' dir='ltr'><strong>per</strong></span> 
     </span>
     <span class='ocr_line' id='line_1_17' title="bbox 51 1841 1187 1931; baseline 0 -21"><span class='ocrx_word' id='word_1_122' title='bbox 51 1849 189 1929; x_wconf 89' lang='lat' dir='ltr'><strong>pontem</strong></span> <span class='ocrx_word' id='word_1_123' title='bbox 205 1841 387 1931; x_wconf 89' lang='lat' dir='ltr'><strong>Ratispone</strong></span> <span class='ocrx_word' id='word_1_124' title='bbox 401 1842 535 1916; x_wconf 90' lang='lat' dir='ltr'><strong>omnino</strong></span> <span class='ocrx_word' id='word_1_125' title='bbox 554 1859 673 1910; x_wconf 84' lang='lat' dir='ltr'><strong>versus</strong></span> <span class='ocrx_word' id='word_1_126' title='bbox 691 1843 783 1910; x_wconf 92' lang='lat' dir='ltr'><strong>littus</strong></span> <span class='ocrx_word' id='word_1_127' title='bbox 804 1843 997 1929; x_wconf 85' lang='lat' dir='ltr'><strong>aquilonare</strong></span> <span class='ocrx_word' id='word_1_128' title='bbox 1016 1843 1187 1911; x_wconf 92' lang='lat' dir='ltr'><strong>deolinas-</strong></span> 
     </span>
     <span class='ocr_line' id='line_1_18' title="bbox 53 1940 1187 2030; baseline 0.002 -24"><span class='ocrx_word' id='word_1_129' title='bbox 53 1945 119 2030; x_wconf 88' lang='lat' dir='ltr'><strong>set,</strong></span> <span class='ocrx_word' id='word_1_130' title='bbox 148 1947 185 2010; x_wconf 87' lang='lat' dir='ltr'><strong>et</strong></span> <span class='ocrx_word' id='word_1_131' title='bbox 208 1942 318 2010; x_wconf 92' lang='lat' dir='ltr'><strong>littora</strong></span> <span class='ocrx_word' id='word_1_132' title='bbox 347 1957 453 2028; x_wconf 86' lang='lat' dir='ltr'><strong>prope</strong></span> <span class='ocrx_word' id='word_1_133' title='bbox 483 1941 650 2009; x_wconf 80' lang='lat' dir='ltr'><strong>civitatem</strong></span> <span class='ocrx_word' id='word_1_134' title='bbox 676 1941 765 2008; x_wconf 89' lang='lat' dir='ltr'><strong>siooa</strong></span> <span class='ocrx_word' id='word_1_135' title='bbox 799 1946 832 2008; x_wconf 89' lang='lat' dir='ltr'><strong>et</strong></span> <span class='ocrx_word' id='word_1_136' title='bbox 859 1940 952 2008; x_wconf 92' lang='lat' dir='ltr'><strong>arida</strong></span> <span class='ocrx_word' id='word_1_137' title='bbox 985 1941 1187 2030; x_wconf 86' lang='lat' dir='ltr'><strong>reliquisset,</strong></span> 
     </span>
     <span class='ocr_line' id='line_1_19' title="bbox 51 2037 1187 2128; baseline 0 -22"><span class='ocrx_word' id='word_1_138' title='bbox 51 2041 141 2107; x_wconf 88' lang='lat' dir='ltr'><strong>aives</strong></span> <span class='ocrx_word' id='word_1_139' title='bbox 161 2038 429 2128; x_wconf 89' lang='lat' dir='ltr'><strong>Ratisponenses</strong></span> <span class='ocrx_word' id='word_1_140' title='bbox 448 2037 626 2106; x_wconf 88' lang='lat' dir='ltr'><strong>artiiroiose</strong></span> <span class='ocrx_word' id='word_1_141' title='bbox 645 2043 679 2104; x_wconf 91' lang='lat' dir='ltr'><strong>et</strong></span> <span class='ocrx_word' id='word_1_142' title='bbox 695 2038 805 2106; x_wconf 91' lang='lat' dir='ltr'><strong>multis</strong></span> <span class='ocrx_word' id='word_1_143' title='bbox 823 2037 993 2107; x_wconf 92' lang='lat' dir='ltr'><strong>laboribus</strong></span> <span class='ocrx_word' id='word_1_144' title='bbox 1009 2043 1042 2107; x_wconf 89' lang='lat' dir='ltr'><strong>et</strong></span> <span class='ocrx_word' id='word_1_145' title='bbox 1054 2056 1187 2127; x_wconf 87' lang='lat' dir='ltr'><strong>expen-</strong></span> 
     </span>
     <span class='ocr_line' id='line_1_20' title="bbox 52 2136 1187 2226; baseline 0.003 -24"><span class='ocrx_word' id='word_1_146' title='bbox 52 2138 96 2204; x_wconf 92' lang='lat' dir='ltr'><strong>sis</strong></span> <span class='ocrx_word' id='word_1_147' title='bbox 120 2139 231 2226; x_wconf 89' lang='lat' dir='ltr'><strong>ipsam</strong></span> <span class='ocrx_word' id='word_1_148' title='bbox 260 2155 399 2226; x_wconf 89' lang='lat' dir='ltr'><strong>aquam,</strong></span> <span class='ocrx_word' id='word_1_149' title='bbox 430 2137 610 2204; x_wconf 88' lang='lat' dir='ltr'><strong>utiterum</strong></span> <span class='ocrx_word' id='word_1_150' title='bbox 638 2152 745 2225; x_wconf 92' lang='lat' dir='ltr'><strong>prope</strong></span> <span class='ocrx_word' id='word_1_151' title='bbox 777 2137 943 2205; x_wconf 84' lang='lat' dir='ltr'><strong>civitatem</strong></span> <span class='ocrx_word' id='word_1_152' title='bbox 974 2136 1106 2226; x_wconf 85' lang='lat' dir='ltr'><strong>lueret,</strong></span> <span class='ocrx_word' id='word_1_153' title='bbox 1144 2137 1187 2205; x_wconf 93' lang='lat' dir='ltr'><strong>ad</strong></span> 
     </span>
     <span class='ocr_line' id='line_1_21' title="bbox 51 2235 1187 2324; baseline 0.001 -23"><span class='ocrx_word' id='word_1_154' title='bbox 51 2235 123 2303; x_wconf 86' lang='lat' dir='ltr'><strong>loea</strong></span> <span class='ocrx_word' id='word_1_155' title='bbox 158 2236 299 2324; x_wconf 93' lang='lat' dir='ltr'><strong>pristina</strong></span> <span class='ocrx_word' id='word_1_156' title='bbox 328 2253 388 2324; x_wconf 93' lang='lat' dir='ltr'><strong>per</strong></span> <span class='ocrx_word' id='word_1_157' title='bbox 421 2241 531 2304; x_wconf 92' lang='lat' dir='ltr'><strong>strues</strong></span> <span class='ocrx_word' id='word_1_158' title='bbox 565 2235 732 2321; x_wconf 82' lang='lat' dir='ltr'><strong>lignorum</strong></span> <span class='ocrx_word' id='word_1_159' title='bbox 762 2240 796 2303; x_wconf 92' lang='lat' dir='ltr'><strong>et</strong></span> <span class='ocrx_word' id='word_1_160' title='bbox 832 2237 1011 2322; x_wconf 81' lang='lat' dir='ltr'><strong>congeries</strong></span> <span class='ocrx_word' id='word_1_161' title='bbox 1040 2235 1187 2324; x_wconf 91' lang='lat' dir='ltr'><strong>lapidum</strong></span> 
     </span>
     <span class='ocr_line' id='line_1_22' title="bbox 50 2332 262 2402; baseline 0.009 -3"><span class='ocrx_word' id='word_1_162' title='bbox 50 2332 262 2402; x_wconf 89' lang='lat' dir='ltr'><strong>reduxerunt.</strong></span> 
     </span>
    </p>

    <p class='ocr_par' dir='ltr' id='par_1_4' title="bbox 52 2429 1188 3503">
     <span class='ocr_line' id='line_1_23' title="bbox 121 2429 1187 2521; baseline -0.002 -21"><span class='ocrx_word' id='word_1_163' title='bbox 121 2431 254 2500; x_wconf 86' lang='lat' dir='ltr'><strong>Eodem</strong></span> <span class='ocrx_word' id='word_1_164' title='bbox 280 2449 368 2500; x_wconf 90' lang='lat' dir='ltr'><strong>anno</strong></span> <span class='ocrx_word' id='word_1_165' title='bbox 394 2436 620 2500; x_wconf 91' lang='lat' dir='ltr'><strong>mortuusest</strong></span> <span class='ocrx_word' id='word_1_166' title='bbox 637 2429 808 2520; x_wconf 88' lang='lat' dir='ltr'><strong>prediatus</strong></span> <span class='ocrx_word' id='word_1_167' title='bbox 825 2449 914 2521; x_wconf 92' lang='lat' dir='ltr'><strong>papa</strong></span> <span class='ocrx_word' id='word_1_168' title='bbox 930 2431 1135 2501; x_wconf 79' lang='lat' dir='ltr'><strong>Benedictus</strong></span> <span class='ocrx_word' id='word_1_169' title='bbox 1153 2432 1187 2498; x_wconf 93' lang='lat' dir='ltr'><strong>in</strong></span> 
     </span>
     <span class='ocr_line' id='line_1_24' title="bbox 53 2529 1187 2620; baseline -0.001 -23"><span class='ocrx_word' id='word_1_170' title='bbox 53 2534 173 2598; x_wconf 90' lang='lat' dir='ltr'><strong>oetava</strong></span> <span class='ocrx_word' id='word_1_171' title='bbox 207 2530 435 2618; x_wconf 90' lang='lat' dir='ltr'><strong>apostolorum</strong></span> <span class='ocrx_word' id='word_1_172' title='bbox 458 2529 545 2600; x_wconf 92' lang='lat' dir='ltr'><strong>Petri</strong></span> <span class='ocrx_word' id='word_1_173' title='bbox 576 2536 610 2598; x_wconf 87' lang='lat' dir='ltr'><strong>et</strong></span> <span class='ocrx_word' id='word_1_174' title='bbox 632 2531 741 2620; x_wconf 86' lang='lat' dir='ltr'><strong>Pauli,</strong></span> <span class='ocrx_word' id='word_1_175' title='bbox 774 2547 863 2598; x_wconf 92' lang='lat' dir='ltr'><strong>anno</strong></span> <span class='ocrx_word' id='word_1_176' title='bbox 894 2530 1103 2618; x_wconf 90' lang='lat' dir='ltr'><strong>apostolatus</strong></span> <span class='ocrx_word' id='word_1_177' title='bbox 1136 2531 1187 2599; x_wconf 91' lang='lat' dir='ltr'><strong>sui</strong></span> 
     </span>
     <span class='ocr_line' id='line_1_25' title="bbox 53 2627 1188 2715; baseline 0.001 -21"><span class='ocrx_word' id='word_1_178' title='bbox 53 2629 155 2715; x_wconf 92' lang='lat' dir='ltr'><strong>primo</strong></span> <span class='ocrx_word' id='word_1_179' title='bbox 174 2629 210 2696; x_wconf 90' lang='lat' dir='ltr'><strong>in</strong></span> <span class='ocrx_word' id='word_1_180' title='bbox 227 2630 359 2698; x_wconf 77' lang='lat' dir='ltr'><strong>divitaie</strong></span> <span class='ocrx_word' id='word_1_181' title='bbox 378 2629 515 2696; x_wconf 89' lang='lat' dir='ltr'><strong>Perusii.</strong></span> <span class='ocrx_word' id='word_1_182' title='bbox 546 2627 588 2696; x_wconf 88' lang='lat' dir='ltr'><strong>Et</strong></span> <span class='ocrx_word' id='word_1_183' title='bbox 611 2629 798 2697; x_wconf 91' lang='lat' dir='ltr'><strong>oardinales</strong></span> <span class='ocrx_word' id='word_1_184' title='bbox 822 2627 943 2696; x_wconf 92' lang='lat' dir='ltr'><strong>inolusi</strong></span> <span class='ocrx_word' id='word_1_185' title='bbox 968 2635 1046 2696; x_wconf 90' lang='lat' dir='ltr'><strong>sunt</strong></span> <span class='ocrx_word' id='word_1_186' title='bbox 1066 2627 1188 2695; x_wconf 90' lang='lat' dir='ltr'><strong>ibidem</strong></span> 
     </span>
     <span class='ocr_line' id='line_1_26' title="bbox 52 2725 1186 2815; baseline 0 -21"><span class='ocrx_word' id='word_1_187' title='bbox 52 2725 238 2794; x_wconf 85' lang='lat' dir='ltr'><strong>seeundum</strong></span> <span class='ocrx_word' id='word_1_188' title='bbox 256 2727 525 2796; x_wconf 80' lang='lat' dir='ltr'><strong>constitutionem</strong></span> <span class='ocrx_word' id='word_1_189' title='bbox 545 2726 696 2813; x_wconf 83' lang='lat' dir='ltr'><strong>Gregorii</strong></span> <span class='ocrx_word' id='word_1_190' title='bbox 722 2745 809 2815; x_wconf 91' lang='lat' dir='ltr'><strong>papo</strong></span> <span class='ocrx_word' id='word_1_191' title='bbox 834 2725 954 2794; x_wconf 91' lang='lat' dir='ltr'><strong>deoimi</strong></span> <span class='ocrx_word' id='word_1_192' title='bbox 972 2745 1037 2812; x_wconf 90' lang='lat' dir='ltr'><strong>que</strong></span> <span class='ocrx_word' id='word_1_193' title='bbox 1054 2727 1186 2814; x_wconf 90' lang='lat' dir='ltr'><strong>inoipit:</strong></span> 
     </span>
     <span class='ocr_line' id='line_1_27' title="bbox 57 2823 1187 2914; baseline 0.003 -23"><span class='ocrx_word' id='word_1_194' title='bbox 57 2823 113 2892; x_wconf 82' lang='lat' dir='ltr'><strong>lidi</strong></span> <span class='ocrx_word' id='word_1_195' title='bbox 136 2825 331 2909; x_wconf 84' lang='lat' dir='ltr'><strong>perieulum.</strong></span> <span class='ocrx_word' id='word_1_196' title='bbox 364 2825 503 2892; x_wconf 81' lang='lat' dir='ltr'><strong>Etcum</strong></span> <span class='ocrx_word' id='word_1_197' title='bbox 528 2824 731 2912; x_wconf 87' lang='lat' dir='ltr'><strong>aliquamdiu</strong></span> <span class='ocrx_word' id='word_1_198' title='bbox 756 2825 804 2892; x_wconf 91' lang='lat' dir='ltr'><strong>sio</strong></span> <span class='ocrx_word' id='word_1_199' title='bbox 821 2824 940 2891; x_wconf 87' lang='lat' dir='ltr'><strong>inolusi</strong></span> <span class='ocrx_word' id='word_1_200' title='bbox 958 2829 1101 2914; x_wconf 84' lang='lat' dir='ltr'><strong>starent,</strong></span> <span class='ocrx_word' id='word_1_201' title='bbox 1124 2842 1187 2894; x_wconf 88' lang='lat' dir='ltr'><strong>noo</strong></span> 
     </span>
     <span class='ocr_line' id='line_1_28' title="bbox 53 2915 1187 3013; baseline 0.001 -25"><span class='ocrx_word' id='word_1_202' title='bbox 53 2921 94 2988; x_wconf 95' lang='lat' dir='ltr'><strong>ad</strong></span> <span class='ocrx_word' id='word_1_203' title='bbox 112 2923 311 2992; x_wconf 85' lang='lat' dir='ltr'><strong>electionem</strong></span> <span class='ocrx_word' id='word_1_204' title='bbox 337 2915 576 3013; x_wconf 85' lang='lat' dir='ltr'><strong>proaederent‚</strong></span> <span class='ocrx_word' id='word_1_205' title='bbox 602 2924 693 2991; x_wconf 86' lang='lat' dir='ltr'><strong>aives</strong></span> <span class='ocrx_word' id='word_1_206' title='bbox 721 2921 869 2990; x_wconf 90' lang='lat' dir='ltr'><strong>eiusdem</strong></span> <span class='ocrx_word' id='word_1_207' title='bbox 896 2923 1037 2989; x_wconf 80' lang='lat' dir='ltr'><strong>civitatis</strong></span> <span class='ocrx_word' id='word_1_208' title='bbox 1061 2927 1187 2989; x_wconf 87' lang='lat' dir='ltr'><strong>tantum</strong></span> 
     </span>
     <span class='ocr_line' id='line_1_29' title="bbox 52 3019 1188 3110; baseline 0.001 -23"><span class='ocrx_word' id='word_1_209' title='bbox 52 3038 173 3106; x_wconf 89' lang='lat' dir='ltr'><strong>panem</strong></span> <span class='ocrx_word' id='word_1_210' title='bbox 200 3026 234 3088; x_wconf 89' lang='lat' dir='ltr'><strong>et</strong></span> <span class='ocrx_word' id='word_1_211' title='bbox 259 3039 377 3109; x_wconf 92' lang='lat' dir='ltr'><strong>aquam</strong></span> <span class='ocrx_word' id='word_1_212' title='bbox 402 3022 485 3109; x_wconf 90' lang='lat' dir='ltr'><strong>ipsis</strong></span> <span class='ocrx_word' id='word_1_213' title='bbox 503 3039 563 3109; x_wconf 95' lang='lat' dir='ltr'><strong>pro</strong></span> <span class='ocrx_word' id='word_1_214' title='bbox 582 3022 694 3108; x_wconf 92' lang='lat' dir='ltr'><strong>aliquo</strong></span> <span class='ocrx_word' id='word_1_215' title='bbox 712 3026 861 3108; x_wconf 88' lang='lat' dir='ltr'><strong>tempore</strong></span> <span class='ocrx_word' id='word_1_216' title='bbox 887 3019 1135 3110; x_wconf 88' lang='lat' dir='ltr'><strong>ministrabant,</strong></span> <span class='ocrx_word' id='word_1_217' title='bbox 1155 3027 1188 3088; x_wconf 89' lang='lat' dir='ltr'><strong>et</strong></span> 
     </span>
     <span class='ocr_line' id='line_1_30' title="bbox 53 3118 1188 3207; baseline 0.004 -25"><span class='ocrx_word' id='word_1_218' title='bbox 53 3118 159 3206; x_wconf 91' lang='lat' dir='ltr'><strong>ipsam</strong></span> <span class='ocrx_word' id='word_1_219' title='bbox 179 3120 450 3188; x_wconf 78' lang='lat' dir='ltr'><strong>constitutionem</strong></span> <span class='ocrx_word' id='word_1_220' title='bbox 474 3119 624 3206; x_wconf 77' lang='lat' dir='ltr'><strong>Gregorii</strong></span> <span class='ocrx_word' id='word_1_221' title='bbox 646 3120 680 3186; x_wconf 92' lang='lat' dir='ltr'><strong>in</strong></span> <span class='ocrx_word' id='word_1_222' title='bbox 697 3120 782 3207; x_wconf 94' lang='lat' dir='ltr'><strong>ipsis</strong></span> <span class='ocrx_word' id='word_1_223' title='bbox 801 3119 1008 3187; x_wconf 86' lang='lat' dir='ltr'><strong>strietissime</strong></span> <span class='ocrx_word' id='word_1_224' title='bbox 1026 3136 1188 3187; x_wconf 89' lang='lat' dir='ltr'><strong>servave-</strong></span> 
     </span>
     <span class='ocr_line' id='line_1_31' title="bbox 53 3215 1186 3308; baseline 0.001 -25"><span class='ocrx_word' id='word_1_225' title='bbox 53 3223 135 3284; x_wconf 93' lang='lat' dir='ltr'><strong>runt.</strong></span> <span class='ocrx_word' id='word_1_226' title='bbox 149 3215 256 3302; x_wconf 86' lang='lat' dir='ltr'><strong>igitur</strong></span> <span class='ocrx_word' id='word_1_227' title='bbox 266 3217 302 3285; x_wconf 91' lang='lat' dir='ltr'><strong>in</strong></span> <span class='ocrx_word' id='word_1_228' title='bbox 318 3218 659 3306; x_wconf 84' lang='lat' dir='ltr'><strong>vigiliapenteoostes</strong></span> <span class='ocrx_word' id='word_1_229' title='bbox 676 3234 764 3285; x_wconf 91' lang='lat' dir='ltr'><strong>anno</strong></span> <span class='ocrx_word' id='word_1_230' title='bbox 778 3216 929 3285; x_wconf 91' lang='lat' dir='ltr'><strong>revoluto</strong></span> <span class='ocrx_word' id='word_1_231' title='bbox 941 3217 1055 3304; x_wconf 83' lang='grc'>[1305</span> <span class='ocrx_word' id='word_1_232' title='bbox 1066 3218 1135 3284; x_wconf 93' lang='lat' dir='ltr'><strong>iuni</strong></span> <span class='ocrx_word' id='word_1_233' title='bbox 1147 3215 1186 3308; x_wconf 90' lang='lat'><strong>5]</strong></span> 
     </span>
     <span class='ocr_line' id='line_1_32' title="bbox 52 3314 1188 3403; baseline 0 -22"><span class='ocrx_word' id='word_1_234' title='bbox 52 3314 251 3383; x_wconf 89' lang='lat' dir='ltr'><strong>Pertramum</strong></span> <span class='ocrx_word' id='word_1_235' title='bbox 264 3314 547 3401; x_wconf 79' lang='lat' dir='ltr'><strong>Burdogalensem</strong></span> <span class='ocrx_word' id='word_1_236' title='bbox 565 3315 849 3403; x_wconf 86' lang='lat' dir='ltr'><strong>arehiepisoopum</strong></span> <span class='ocrx_word' id='word_1_237' title='bbox 871 3317 906 3382; x_wconf 91' lang='lat' dir='ltr'><strong>in</strong></span> <span class='ocrx_word' id='word_1_238' title='bbox 926 3332 1086 3382; x_wconf 92' lang='lat' dir='ltr'><strong>summum</strong></span> <span class='ocrx_word' id='word_1_239' title='bbox 1099 3333 1188 3402; x_wconf 93' lang='lat' dir='ltr'><strong>pon-</strong></span> 
     </span>
     <span class='ocr_line' id='line_1_33' title="bbox 53 3412 866 3503; baseline 0.001 -26"><span class='ocrx_word' id='word_1_240' title='bbox 53 3412 177 3482; x_wconf 89' lang='lat' dir='ltr'><strong>tiiioem</strong></span> <span class='ocrx_word' id='word_1_241' title='bbox 194 3413 379 3503; x_wconf 83' lang='lat' dir='ltr'><strong>elegerunt,</strong></span> <span class='ocrx_word' id='word_1_242' title='bbox 398 3415 454 3501; x_wconf 94' lang='lat' dir='ltr'><strong>qui</strong></span> <span class='ocrx_word' id='word_1_243' title='bbox 471 3419 613 3482; x_wconf 89' lang='lat' dir='ltr'><strong>vooatus</strong></span> <span class='ocrx_word' id='word_1_244' title='bbox 632 3419 686 3481; x_wconf 92' lang='lat' dir='ltr'><strong>est</strong></span> <span class='ocrx_word' id='word_1_245' title='bbox 702 3413 866 3480; x_wconf 85' lang='lat' dir='ltr'><strong>Clemens.</strong></span> 
     </span>
    </p>

    <p class='ocr_par' dir='ltr' id='par_1_5' title="bbox 53 3505 1316 3989">
     <span class='ocr_line' id='line_1_34' title="bbox 126 3505 1188 3597; baseline -0.003 -19"><span class='ocrx_word' id='word_1_246' title='bbox 126 3509 227 3580; x_wconf 89' lang='lat' dir='ltr'><strong>Auno</strong></span> <span class='ocrx_word' id='word_1_247' title='bbox 245 3511 367 3580; x_wconf 90' lang='lat' dir='ltr'><strong>domini</strong></span> <span class='ocrx_word' id='word_1_248' title='bbox 383 3529 526 3580; x_wconf 78' lang='lat' dir='ltr'><strong>mooun.</strong></span> <span class='ocrx_word' id='word_1_249' title='bbox 555 3511 592 3579; x_wconf 95' lang='lat' dir='ltr'><strong>ln</strong></span> <span class='ocrx_word' id='word_1_250' title='bbox 609 3512 726 3597; x_wconf 82' lang='lat' dir='ltr'><strong>vigilia</strong></span> <span class='ocrx_word' id='word_1_251' title='bbox 752 3509 916 3578; x_wconf 87' lang='lat' dir='ltr'><strong>lobannis</strong></span> <span class='ocrx_word' id='word_1_252' title='bbox 935 3509 1079 3597; x_wconf 87' lang='lat' dir='ltr'><strong>baptista</strong></span> <span class='ocrx_word' id='word_1_253' title='bbox 1099 3505 1188 3575; x_wconf 91' lang='lat' dir='ltr'><strong>We-</strong></span> 
     </span>
     <span class='ocr_line' id='line_1_35' title="bbox 54 3605 1188 3698; baseline -0.002 -23"><span class='ocrx_word' id='word_1_254' title='bbox 54 3609 192 3676; x_wconf 83' lang='lat' dir='ltr'><strong>nezlaus</strong></span> <span class='ocrx_word' id='word_1_255' title='bbox 211 3627 269 3678; x_wconf 88' lang='lat' dir='ltr'><strong>rex</strong></span> <span class='ocrx_word' id='word_1_256' title='bbox 286 3609 445 3678; x_wconf 91' lang='lat' dir='ltr'><strong>Bohamie</strong></span> <span class='ocrx_word' id='word_1_257' title='bbox 462 3608 605 3678; x_wconf 91' lang='lat' dir='ltr'><strong>devotus</strong></span> <span class='ocrx_word' id='word_1_258' title='bbox 633 3608 676 3677; x_wconf 93' lang='lat' dir='ltr'><strong>ad</strong></span> <span class='ocrx_word' id='word_1_259' title='bbox 696 3608 809 3698; x_wconf 86' lang='lat' dir='ltr'><strong>deum,</strong></span> <span class='ocrx_word' id='word_1_260' title='bbox 835 3613 868 3676; x_wconf 85' lang='lat' dir='ltr'><strong>et</strong></span> <span class='ocrx_word' id='word_1_261' title='bbox 887 3607 1034 3676; x_wconf 87' lang='lat' dir='ltr'><strong>alemans</strong></span> <span class='ocrx_word' id='word_1_262' title='bbox 1052 3605 1095 3674; x_wconf 90' lang='lat' dir='ltr'><strong>ad</strong></span> <span class='ocrx_word' id='word_1_263' title='bbox 1117 3607 1188 3674; x_wconf 87' lang='lat' dir='ltr'><strong>ele·</strong></span> 
     </span>
     <span class='ocr_line' id='line_1_36' title="bbox 53 3705 1187 3797; baseline -0.001 -25"><span class='ocrx_word' id='word_1_264' title='bbox 53 3725 121 3774; x_wconf 94' lang='lat' dir='ltr'><strong>rum</strong></span> <span class='ocrx_word' id='word_1_265' title='bbox 145 3713 179 3774; x_wconf 93' lang='lat' dir='ltr'><strong>et</strong></span> <span class='ocrx_word' id='word_1_266' title='bbox 196 3708 370 3797; x_wconf 87' lang='lat' dir='ltr'><strong>populum,</strong></span> <span class='ocrx_word' id='word_1_267' title='bbox 386 3709 549 3776; x_wconf 90' lang='lat' dir='ltr'><strong>neminem</strong></span> <span class='ocrx_word' id='word_1_268' title='bbox 573 3708 763 3796; x_wconf 90' lang='lat' dir='ltr'><strong>opprimens</strong></span> <span class='ocrx_word' id='word_1_269' title='bbox 772 3759 781 3795; x_wconf 89' lang='lat'><em>‚</em></span> <span class='ocrx_word' id='word_1_270' title='bbox 801 3705 862 3774; x_wconf 92' lang='lat' dir='ltr'><strong>sed</strong></span> <span class='ocrx_word' id='word_1_271' title='bbox 879 3723 938 3795; x_wconf 90' lang='lat' dir='ltr'><strong>por</strong></span> <span class='ocrx_word' id='word_1_272' title='bbox 955 3706 1057 3774; x_wconf 86' lang='lat' dir='ltr'><strong>xxviii</strong></span> <span class='ocrx_word' id='word_1_273' title='bbox 1080 3721 1187 3772; x_wconf 90' lang='lat' dir='ltr'><strong>annos</strong></span> 
     </span>
     <span class='ocr_line' id='line_1_37' title="bbox 54 3803 1316 3894; baseline 0 -24"><span class='ocrx_word' id='word_1_274' title='bbox 54 3821 194 3890; x_wconf 87' lang='lat' dir='ltr'><strong>regnum</strong></span> <span class='ocrx_word' id='word_1_275' title='bbox 224 3823 320 3874; x_wconf 92' lang='lat' dir='ltr'><strong>suum</strong></span> <span class='ocrx_word' id='word_1_276' title='bbox 347 3807 435 3874; x_wconf 90' lang='lat' dir='ltr'><strong>iuste</strong></span> <span class='ocrx_word' id='word_1_277' title='bbox 458 3823 601 3894; x_wconf 82' lang='lat' dir='ltr'><strong>regens,</strong></span> <span class='ocrx_word' id='word_1_278' title='bbox 635 3810 785 3874; x_wconf 92' lang='lat' dir='ltr'><strong>mortuus</strong></span> <span class='ocrx_word' id='word_1_279' title='bbox 812 3809 880 3894; x_wconf 85' lang='lat' dir='ltr'><strong>est,</strong></span> <span class='ocrx_word' id='word_1_280' title='bbox 916 3809 950 3871; x_wconf 92' lang='lat' dir='ltr'><strong>et</strong></span> <span class='ocrx_word' id='word_1_281' title='bbox 977 3803 1129 3891; x_wconf 90' lang='lat' dir='ltr'><strong>sepultus</strong></span> <span class='ocrx_word' id='word_1_282' title='bbox 1154 3803 1188 3870; x_wconf 94' lang='lat' dir='ltr'><strong>in</strong></span> <span class='ocrx_word' id='word_1_283' title='bbox 1312 3813 1316 3820; x_wconf 89' lang='lat'>&#39;</span> 
     </span>
     <span class='ocr_line' id='line_1_38' title="bbox 54 3899 1189 3989; baseline 0.001 -21"><span class='ocrx_word' id='word_1_284' title='bbox 54 3901 205 3972; x_wconf 90' lang='lat' dir='ltr'><strong>Braizlab</strong></span> <span class='ocrx_word' id='word_1_285' title='bbox 227 3905 429 3974; x_wconf 88' lang='lat' dir='ltr'><strong>monasterio</strong></span> <span class='ocrx_word' id='word_1_286' title='bbox 450 3901 681 3972; x_wconf 85' lang='lat' dir='ltr'><strong>Cisteroiensis</strong></span> <span class='ocrx_word' id='word_1_287' title='bbox 699 3901 824 3971; x_wconf 92' lang='lat' dir='ltr'><strong>ordinis</strong></span> <span class='ocrx_word' id='word_1_288' title='bbox 847 3901 937 3989; x_wconf 91' lang='lat' dir='ltr'><strong>quod</strong></span> <span class='ocrx_word' id='word_1_289' title='bbox 963 3899 1122 3970; x_wconf 82' lang='lat' dir='ltr'><strong>fundavit.</strong></span> <span class='ocrx_word' id='word_1_290' title='bbox 1147 3901 1189 3970; x_wconf 88' lang='lat' dir='ltr'><strong>Et</strong></span> 
     </span>
    </p>
   </div>
   <div class='ocr_carea' id='block_1_3' title="bbox 55 3997 978 4176">
    <p class='ocr_par' dir='ltr' id='par_1_6' title="bbox 55 3997 978 4176">
     <span class='ocr_line' id='line_1_39' title="bbox 55 3997 978 4090; baseline 0.003 -24"><span class='ocrx_word' id='word_1_291' title='bbox 55 3997 140 4069; x_wconf 86' lang='lat' dir='ltr'><strong>ilius</strong></span> <span class='ocrx_word' id='word_1_292' title='bbox 156 4019 237 4070; x_wconf 90' lang='lat' dir='ltr'><strong>suus</strong></span> <span class='ocrx_word' id='word_1_293' title='bbox 253 4022 312 4071; x_wconf 84' lang='lat' dir='ltr'><strong>rex</strong></span> <span class='ocrx_word' id='word_1_294' title='bbox 326 4002 472 4088; x_wconf 81' lang='lat' dir='ltr'><strong>Ungaria</strong></span> <span class='ocrx_word' id='word_1_295' title='bbox 495 4002 584 4090; x_wconf 89' lang='lat' dir='ltr'><strong>oepit</strong></span> <span class='ocrx_word' id='word_1_296' title='bbox 600 4019 743 4087; x_wconf 78' lang='lat' dir='ltr'><strong>regnare</strong></span> <span class='ocrx_word' id='word_1_297' title='bbox 760 4018 821 4089; x_wconf 92' lang='lat' dir='ltr'><strong>pro</strong></span> <span class='ocrx_word' id='word_1_298' title='bbox 839 4017 891 4069; x_wconf 90' lang='lat' dir='ltr'><strong>eo.</strong></span> <span class='ocrx_word' id='word_1_299' title='bbox 975 4039 978 4046; x_wconf 94' lang='lat'>·</span> 
     </span>
     <span class='ocr_line' id='line_1_40' title="bbox 92 4107 567 4176; baseline 0.002 -12"><span class='ocrx_word' id='word_1_300' title='bbox 92 4111 120 4176; x_wconf 84' lang='lat' dir='ltr'><strong>l]</strong></span> <span class='ocrx_word' id='word_1_301' title='bbox 140 4107 333 4165; x_wconf 86' lang='lat' dir='ltr'><strong>inhumanitate</strong></span> <span class='ocrx_word' id='word_1_302' title='bbox 352 4109 452 4166; x_wconf 79' lang='lat' dir='ltr'><strong>Obron.</strong></span> <span class='ocrx_word' id='word_1_303' title='bbox 472 4108 567 4166; x_wconf 77' lang='lat' dir='ltr'><strong>salisb.</strong></span> 
     </span>
    </p>
   </div>
   <div class='ocr_carea' id='block_1_4' title="bbox 521 4243 720 4252">
    <p class='ocr_par' dir='ltr' id='par_1_7' title="bbox 521 4243 720 4252">
     <span class='ocr_line' id='line_1_41' title="bbox 521 4243 720 4252; baseline 0.01 -2"><span class='ocrx_word' id='word_1_304' title='bbox 521 4243 539 4252; x_wconf 64' lang='grc' dir='ltr'><strong>μ.</strong></span> <span class='ocrx_word' id='word_1_305' title='bbox 555 4243 563 4250; x_wconf 72' lang='grc'><strong>.</strong></span> <span class='ocrx_word' id='word_1_306' title='bbox 578 4243 720 4252; x_wconf 52' lang='grc' dir='ltr'><em>..-η-Ἢ</em></span> 
     </span>
    </p>
   </div>
   <div class='ocr_carea' id='block_1_5' title="bbox 0 0 1482 4836">
    <p class='ocr_par' dir='ltr' id='par_1_8' title="bbox 0 0 1482 4836">
     <span class='ocr_line' id='line_1_42' title="bbox 0 0 1482 4836; baseline 0 0"><span class='ocrx_word' id='word_1_307' title='bbox 0 0 1482 4836; x_wconf 95' lang='lat' dir='ltr'><strong> </strong></span> 
     </span>
    </p>
   </div>
  </div>
 </body>
</html>
