2950 4836
437 231 616 278 narrumnus
635 231 824 280 suranensrs.
1129 203 1195 272 521

72 377 142 439 sata
160 371 276 438 'omnia
300 375 494 448 arescerent
516 375 550 437 et
575 389 617 440 ex
640 369 705 440 lroe
722 370 831 439 tames.
846 370 986 438 maxima
1004 374 1058 438 est
1074 375 1199 438 secuta.
1218 381 1285 436 raro

72 469 223 537 Attamen
251 471 361 537 vinum
385 470 417 536 in
443 467 676 537 habundancia
702 477 813 538 natum
838 469 906 537 init.
936 468 1118 538 Lndwious
1144 487 1202 538 rex

70 569 204 638 Fratreie
230 586 302 636 curn
326 567 481 636 lobanne
505 567 571 636 filie
591 586 653 635 sno
673 575 752 637 tunc
770 569 902 637 obiitin
919 568 1068 656 partibus
1086 574 1201 636 trans-

73 669 224 757 marinis,
248 667 440 755 relinquens
468 666 568 734 lilium
586 685 681 734 suurn
701 667 883 756 Philippum
903 668 998 754 regni
1017 683 1201 735 suecesso-

69 785 146 835 rem.
162 766 353 855 Stephanus
369 783 428 833 rex
445 765 590 852 Ungarie
609 767 697 834 eirea
715 765 834 834 testum
848 768 956 834 saneti
972 765 1098 835 literne
1112 785 1200 854 apo-

72 867 145 933 stoli
161 863 255 956 [dec.
272 863 337 957 21]
355 865 457 932 misso
476 865 669 933 exercituin
688 862 853 933 niustriam
873 871 1003 954 aparte
1022 864 1201 936 meridiana

70 965 213 1032 Danubii
230 965 317 1032 illam
336 964 539 1053 provinciam
555 963 761 1051 devastavit,
780 966 904 1032 occisis
923 972 956 1032 et
971 967 1003 1033 in
1023 965 1201 1053 captivita-

70 1074 132 1132 tem
149 1062 305 1131 abductis
323 1063 401 1151 plns
418 1080 515 1149 quam
535 1063 762 1151 septendecim
779 1063 909 1131 milibus
919 1063 1104 1132 'hominum

140 1162 241 1230 Anno
259 1163 301 1230 ab
319 1163 546 1228 incarnatione
566 1161 688 1230 domini
706 1159 1021 1230 m.co.lxx.i.0talrer
1038 1180 1096 1230 rex
1107 1161 1201 1230 Boe-

69 1263 148 1351 nie‚
167 1269 376 1348 congregato
396 1260 507 1329 valido
529 1263 694 1350 exercitu,
713 1260 796 1329 inira
809 1267 966 1330 octavam
983 1277 1086 1349 pasco
1104 1261 1201 1328 inva-

69 1363 110 1428 sit
123 1361 313 1446 Ungariam.
333 1360 373 1427 Et
390 1358 529 1427 devietis
545 1361 773 1428 munitissimis
789 1361 917 1449 castris,
932 1359 1087 1428 videlieet
1101 1359 1202 1428 Pres-

70 1459 170 1548 pureb
190 1466 226 1526 et
242 1457 446 1528 Altenbnrcb
465 1466 499 1527 et
516 1459 614 1527 l'irna
633 1466 666 1528 et
682 1465 793 1527 castro
811 1460 920 1528 sancti
931 1459 1052 1548 Georii,
1070 1476 1111 1526 ae
1126 1459 1201 1527 aliis

70 1557 216 1646 pluribus
243 1557 486 1626 municionibus
505 1560 611 1646 captis
636 1563 669 1625 et
687 1558 846 1647 devietis,
864 1559 954 1625 circa
973 1556 1093 1626 testum
1111 1575 1201 1644 pen-

70 1663 217 1726 tecostes
237 1653 318 1746 [mai
337 1653 402 1748 24]
419 1663 554 1746 propter
572 1659 859 1746 consumptionem
878 1657 1067 1725 victualium
1082 1656 1201 1724 reverti

70 1757 197 1842 cogitur
212 1757 245 1823 in
265 1756 433 1824 Bocmiam
451 1757 598 1824 exercitu
619 1756 778 1824 relaxato.
806 1755 997 1843 Stephanus
1018 1762 1128 1823 autern
1143 1773 1202 1822 ren

70 1856 231 1943 Ungarie,
249 1856 361 1922 missis
379 1855 412 1922 in
431 1855 612 1924 Moraviam
630 1857 706 1922 etin
721 1852 889 1922 niustriam
904 1854 1047 1940 Ungaris
1070 1849 1103 1922 e't
1129 1853 1200 1921 Co-

71 1956 191 2042 manis,
210 1971 269 2042 per
286 1953 439 2022 incendia
467 1961 499 2022 et
524 1955 658 2042 rapinas
684 1960 717 2022 et
741 1954 859 2021 multas
882 1959 1013 2038 strages
1032 1952 1199 2020 hominurn

70 2055 207 2140 plurima
228 2053 313 2120 mala
339 2054 456 2138 gessit.
489 2052 637 2120 'landem
663 2054 749 2120 circo
773 2053 950 2120 solstitium
972 2051 1115 2120 extivale
1142 2069 1201 2138 per

71 2153 249 2240 episcopos
274 2158 307 2219 et
330 2151 510 2238 religiosos
534 2154 624 2220 toros
647 2151 744 2218 deum
764 2153 918 2220 timentes
935 2149 978 2218 ad
996 2151 1200 2238 inopinatam

69 2260 101 2318 et
125 2251 268 2318 subitam
295 2252 387 2338 pacis
412 2249 624 2319 concordiam
651 2251 827 2318 redierunt.
864 2250 1002 2318 nornine
1032 2247 1200 2316 timebatis

68 2350 207 2418 ducissa
225 2351 375 2417 Ban'arie
392 2351 522 2439 peperit
540 2349 639 2418 lrlinm
657 2351 678 2418 ii
697 2349 772 2417 idus
792 2350 902 2416 marcii
922 2344 1028 2438 [nrtrz
1048 2345 1124 2438 ld],
1144 2347 1199 2434 qni

71 2448 257 2536 baptizatus
275 2448 316 2516 ab
335 2445 525 2517 Hermanno
544 2448 663 2516 abbate
687 2447 870 2516 Altalrense
889 2454 1030 2516 vocatus
1049 2455 1099 2516 est
1119 2446 1200 2514 Sto-

71 2645 232 2714 lalendas
253 2647 444 2715 novembris
466 2643 569 2736 [sept.
592 2643 657 2737 lt]
677 2646 763 2714 diem
783 2647 903 2716 clausit
917 2651 1107 2713 extromum.
1126 2642 1198 2724 Qua

72 2763 139 2812 curn
162 2752 259 2814 esset
272 2745 392 2814 lomina
411 2748 558 2814 virtuosa
577 2751 610 2812 et
629 2746 717 2812 omni
740 2744 886 2812 bonitate
909 2742 1074 2831 preclara,
1094 2748 1198 2810 morte

72 2861 127 2912 sua
142 2844 207 2913 'toti
225 2846 395 2933 provincie
421 2844 696 2912 inconsolabilem
715 2844 837 2910 luctum
851 2842 937 2910 lecit.
965 2841 1115 2910 Castrum
1134 2857 1198 2908 no-

73 2942 262 3012 bilisslmnrn
290 2950 328 3010 et
348 2942 560 3012 fortissimum
584 2941 706 3010 dictum
732 2940 999 3010 Starebenberclr
1018 2942 1056 3008 in
1084 2946 1198 3007 trans·-

72 3044 202 3110 narinis
226 3041 373 3131 portibus
402 3041 577 3111 Sarraceni
604 3047 771 3130 occupant
797 3047 831 3109 et
854 3046 1058 3130 expugnant
1100 3037 1199 3120 Quod

72 3147 315 3230 comparaverat
327 3139 520 3230 Leupoldns
537 3141 651 3209 senior
663 3140 731 3208 dux
748 3138 892 3208 Austric.
1022 3179 1024 3184 ·
1120 3167 1122 3174 ¹

71 3265 73 3270 ·
138 3237 239 3309 Anno
266 3239 307 3309 ab
332 3241 558 3309 incarnatione
586 3239 709 3308 domini
741 3257 832 3306 moe.
865 3238 1114 3327 septuagesimo
1142 3255 1199 3304 se-

72 3338 176 3408 eundo
202 3339 355 3409 dominns
379 3339 570 3408 Thebaides
599 3338 865 3424 archidp'aconns
891 3337 1111 3423 Lentiensis,
1135 3337 1199 3402 iam

72 3439 163 3524 priori
183 3444 290 3506 estote
307 3457 367 3526 per
385 3439 520 3506 iormarn
539 3439 767 3525 compromissi
783 3437 817 3503 in
836 3453 997 3503 sumnnnn
1009 3433 1197 3522 pontilieem

73 3537 195 3606 electus
206 3590 215 3627 ,
235 3556 308 3606 cum
326 3539 475 3625 glorioso
495 3545 653 3626 apparatu
678 3538 712 3602 in
738 3533 994 3622 quadragesima
1019 3535 1117 3600 intrat
1138 3549 1199 3599 nr-

72 3633 157 3724 bem,
190 3644 224 3705 et
247 3636 291 3705 ibi
317 3638 350 3704 in
370 3635 513 3705 eeclesia
539 3637 646 3702 sancti
664 3635 749 3702 Petri
767 3639 984 3702 consecratus
1004 3631 1199 3716 Gregorium

73 3732 229 3803 decimum
248 3753 285 3804 se
304 3736 459 3824 appellat.
487 3733 676 3822 Stephanus
695 3751 753 3801 ren
767 3733 912 3818 Ungarie
931 3733 1018 3798 circa
1036 3728 1199 3797 kalendas

72 3837 201 3919 angusti
220 3835 369 3923 moritur,
390 3834 580 3920 relinquens
600 3833 685 3900 duos
708 3832 792 3900 ilios
812 3847 1049 3917 successores,
1081 3833 1114 3896 et
1131 3828 1201 3896 Lu-

73 3929 192 4002 dinlaus
211 3933 452 4022 primogenitus
469 3932 574 4020 ipsius
594 3933 702 3999 statim
720 3933 755 3998 in
774 3930 868 4015 regni
895 3928 981 3998 solio
1008 3927 1199 3996 collocator.

73 4028 275 4120 insequenti
301 4032 399 4100 etlam
423 4037 617 4120 auttumpno
638 4036 729 4096 tanta
747 4027 918 4096 inundatio
943 4027 1054 4116 pluvie
1081 4027 1198 4114 enrpit,

73 4135 104 4194 ut
119 4129 243 4218 purvuli
262 4131 322 4198 rivi
341 4131 373 4200 ln
394 4137 457 4198 tarn
476 4147 595 4216 magna
617 4129 748 4198 llnmina
764 4127 873 4196 subito
893 4131 1137 4211 excrescerent,
1164 4129 1199 4190 ut

73 4230 190 4300 evulsis
208 4229 363 4300 domibus
381 4230 492 4298 nnrltis
510 4230 543 4297 in
562 4228 792 4296 submersione
811 4244 979 4315 pecorum,
998 4223 1198 4296 abductione
