2886 4834
292 185 361 275 108
658 215 792 261 annates
812 214 1059 260 nncrnrrrnmsrrs.

208 363 274 418 tuoe
366 351 429 420 llic
446 351 631 420 Fridericus
650 355 839 441 postposito
863 355 1047 420 iuramento
1066 351 1157 440 quod
1174 351 1304 420 iecerat
1320 350 1414 418 luno-

289 452 397 519 oentio
415 467 502 538 pape
512 504 521 541 ,
540 454 713 539 usurpavit
730 452 793 520 sibi
810 451 900 520 bona
919 451 1065 520 ecclesie
1074 503 1084 541 7
1110 457 1144 518 ct
1162 453 1272 518 tcnuit
1291 468 1331 516 ea
1347 451 1413 516 ric-

288 550 512 636 lcntcrusque
523 549 694 638 adpapam
710 551 911 639 Gregorium‚
928 549 1412 637 aquoiuitexccmrnunicatus‚

289 648 352 716 sed
376 648 462 715 iacta
487 650 729 736 compositione
754 650 929 717 absolutus
955 648 1023 716 luit.
1058 649 1315 734 Transactoque
1334 647 1414 713 brevi

289 754 437 835 tempore
456 749 730 836 compositionem
748 748 886 816 violavit
903 747 1096 836 usurpando
1116 746 1180 815 sibi
1198 747 1293 814 bona
1312 745 1414 812 cocle·
1432 795 1433 806 ,

290 848 356 935 sic,
370 852 410 913 ct
428 849 532 913 tenuit
558 865 597 914 ea
621 847 786 914 violenter
802 865 910 934 usque
928 847 971 914 ad
989 852 1126 915 mortem
1144 846 1289 913 Honorii
1308 852 1340 912 ct
1357 843 1414 910 Ce-

288 946 401 1013 lestini
419 963 505 1033 pape
522 963 583 1032 per
601 945 758 1012 auxilium
778 947 897 1012 cirrium
915 941 1147 1035 Romanorum,
1168 945 1226 1032 qui
1247 961 1324 1010 eum
1343 960 1415 1010 con-

289 1050 339 1112 tra
355 1042 585 1132 Apostolicum
611 1044 777 1112 lovcbant.
813 1043 892 1111 Cum
911 1051 1021 1112 autem
1039 1043 1123 1112 inim
1141 1041 1348 1111 discordiam
1364 1042 1415 1107 ln-

288 1145 467 1211 nocentius
495 1161 581 1231 papa
608 1149 746 1230 quartus
775 1143 902 1210 clectus
931 1151 964 1210 ct
990 1143 1153 1212 exaltatus
1181 1141 1324 1228 suisset,
1344 1141 1414 1206 etin

288 1241 371 1310 urbe
388 1241 491 1309 Roma
509 1259 578 1310 non
594 1247 715 1330 posset
731 1243 889 1310 resistere
908 1241 1074 1310 Fridcrico
1083 1295 1093 1331 ,
1117 1241 1291 1308 transtulit
1310 1257 1347 1306 se
1365 1257 1414 1306 oc-

291 1341 378 1408 culte
404 1342 438 1407 in
464 1342 628 1408 civitatem
654 1341 868 1409 Janucnsem.
901 1340 1010 1408 lanua
1028 1339 1190 1408 recedens
1210 1341 1308 1406 venit
1326 1339 1356 1404 in
1373 1338 1415 1404 ci-

289 1440 426 1506 vitatem
457 1438 728 1531 Lugdunensem.
766 1439 883 1526 Ibique
909 1441 1102 1508 convocatis
1131 1437 1360 1506 cardinalibus
1389 1445 1415 1502 et

290 1537 401 1604 multis
428 1538 640 1625 pontificibus
668 1545 702 1606 ct
718 1539 852 1626 prelatis
872 1540 1088 1607 ecclesiarum
1107 1537 1240 1625 prefixit
1261 1542 1297 1604 et
1315 1536 1415 1602 statuit

292 1636 481 1725 concilium,
507 1642 540 1704 et
565 1638 678 1704 citarit
699 1637 917 1727 Frideriuum‚
936 1639 1024 1705 utin
1043 1637 1186 1705 concilio
1205 1642 1413 1722 compareret,

292 1752 393 1822 super
410 1734 549 1803 obiectis
569 1753 678 1802 coram
693 1737 897 1824 principibus
914 1753 1147 1824 responsurus.
1167 1733 1231 1815 Qui
1247 1745 1319 1800 non
1334 1750 1413 1799 ccm-

289 1835 415 1923 paruit‚
436 1833 498 1901 sed
516 1835 732 1922 responsales
750 1853 811 1924 pro
831 1853 868 1902 se
887 1837 1066 1902 transmisit
1083 1836 1190 1902 minus
1206 1832 1412 1900 sufficientes.

291 1933 507 2000 innocentius
526 1940 635 2000 autem
654 1953 741 2022 papa
760 1934 929 2002 celebrato
947 1934 1099 2022 concilio,
1119 1931 1345 2000 mediantibus
1361 1947 1411 2017 pa-

290 2031 440 2099 triarchis
457 2030 635 2100 Antioohie
655 2040 687 2100 et
705 2033 932 2122 Aquileiensi,
958 2035 1156 2121 imperatore
1177 2031 1410 2099 Constantino-

178 2164 180 2168 ·
290 2131 440 2218 politano
467 2137 501 2198 ct
517 2131 628 2198 multis
654 2131 831 2200 maioribus
851 2132 1011 2221 ecclesio,
1037 2131 1188 2198 recitavit
1213 2129 1359 2216 dampna
1385 2133 1412 2192 et

291 2231 502 2319 gravamina,
529 2247 692 2298 excessus
719 2231 878 2318 plurimos
898 2237 930 2298 ct
948 2231 1083 2297 crimina
1100 2228 1280 2318 Friderioi,
1309 2232 1342 2294 ct
1356 2226 1411 2292 lata

291 2329 458 2395 sortientia
484 2330 779 2397 excommunicavit
805 2347 896 2420 cum,
925 2335 958 2397 et
975 2330 1116 2418 privavit
1139 2343 1214 2396 eum
1232 2327 1369 2415 imperio
1385 2329 1410 2389 et

292 2425 532 2494 omnibonore.
1105 2429 1108 2434 '

364 2525 534 2614 Principes
560 2544 640 2594 vero
663 2523 876 2605 Alamannia,
905 2526 1032 2593 scilicet
1049 2525 1324 2614 archiepiscopus
1342 2523 1408 2589 llo-

291 2625 450 2709 guntinus
469 2621 502 2692 et
521 2623 731 2693 Coloniensis
751 2626 1012 2693 etTrevcrensis
1028 2642 1100 2692 cnm
1114 2627 1234 2692 ceteris
1255 2621 1408 2712 episcopis

289 2719 527 2808 Argentinensi
552 2723 697 2792 Metcnsi
716 2724 865 2814 Spirensi
885 2730 917 2791 et
939 2724 1011 2790 aliis
1031 2724 1205 2809 clegerunt
1223 2721 1314 2810 apud
1333 2719 1406 2786 Hcr·

290 2821 424 2910 bipclim
438 2822 626 2890 Heinrioum
642 2823 863 2909 lantgravium
877 2823 1036 2908 Turingie
1055 2824 1089 2888 in
1107 2839 1230 2908 regem.
1250 2821 1407 2906 Electione

226 2948 231 2956 ·
291 2938 371 2988 vcro
389 2920 477 2988 lacta
502 2921 590 2988 idem
609 2940 665 2990 rex
691 2922 822 3009 predixit
838 2919 1043 3010 principibus
1063 2923 1183 2988 curiam
1203 2920 1407 3006 sollempnem

291 3017 378 3105 apud
396 3019 624 3087 Franlrcnsurt.
652 3020 732 3086 Cum
750 3027 860 3088 autem
878 3019 1065 3088 Fridcricus
1084 3019 1260 3108 depositus
1279 3021 1407 3105 impera-

291 3116 459 3184 tortilium
478 3135 573 3185 suum
592 3118 776 3187 Cunrudum
795 3138 909 3205 rogem
926 3120 959 3186 in
977 3115 1172 3186 Alemannia
1197 3117 1346 3204 haberet,
1363 3112 1406 3179 ille

292 3217 421 3282 curiam
438 3217 596 3304 prelrxam
623 3219 655 3284 in
674 3218 894 3286 Franlrensurt
910 3219 1084 3306 prevenire
1103 3219 1242 3306 cupiens
1263 3223 1298 3284 ct
1314 3217 1407 3300 impc-

291 3313 361 3382 dirc
379 3315 508 3404 volenS,
528 3317 664 3402 collegit
682 3335 836 3402 magnum
856 3317 1047 3407 exercitum,
1067 3321 1099 3383 et
1115 3317 1207 3384 venit
1224 3314 1267 3383 ad
1285 3325 1405 3398 campos

291 3413 378 3502 apud
402 3414 627 3482 Franlreniurt.
661 3415 836 3482 lleinricus
863 3433 943 3482 vcro
961 3433 1037 3504 rex,
1064 3417 1120 3502 qui
1139 3415 1262 3482 curiam
1280 3409 1405 3502 pretini,

291 3531 362 3580 curu
383 3515 549 3601 episcopis
569 3521 602 3581 ct
620 3514 801 3581 fautoribus
821 3515 966 3582 ecclesie
985 3513 1126 3600 collegit·
1149 3515 1246 3580 etiam
1265 3513 1404 3596 magnum

292 3613 469 3679 exercitum
496 3619 529 3680 ct
551 3613 789 3699 insequebatur
807 3611 993 3680 Cunrudum
1017 3631 1131 3699 regem
1149 3629 1258 3698 usque
1277 3609 1320 3677 ad
1337 3623 1405 3674 eos·
1432 3651 1433 3680 r

292 3708 366 3776 dcrn
391 3729 538 3798 campos.
565 3713 680 3798 ibique
706 3710 792 3778 lacta
811 3719 862 3778 cst
879 3730 994 3798 pugna
1012 3717 1046 3778 et
1070 3712 1229 3778 maximus
1248 3708 1403 3776 condictus

291 3809 375 3874 inter
399 3809 568 3896 predictos
595 3810 680 3878 duos
698 3827 798 3896 reges
817 3813 851 3876 in
877 3809 963 3878 testo
981 3810 1070 3878 beati
1090 3807 1226 3878 Osvaldi
1255 3803 1345 3900 [aug.
1366 3798 1404 3890 5}
1432 3813 1433 3900 ἦ

291 3905 333 3972 lit
350 3905 542 3991 deusdedit
565 3909 735 3976 victoriam
754 3909 896 3976 ecclesie
915 3916 948 3976 ct
965 3911 1036 3994 regi
1053 3907 1220 3976 Heinrioo.
1246 3900 1402 3978 Cunrudus
1432 3907 1433 3994 j

291 4009 400 4070 autem
416 4021 475 4073 rex
489 4006 622 4092 lugiens
638 4009 780 4076 ammisit
796 4007 918 4076 multos
932 4007 1051 4076 milites
1066 4013 1099 4074 et
1115 4009 1257 4075 maxima
1274 4005 1364 4090 bona,
1378 4002 1403 4064 et
1432 4003 1433 4082 j

291 4103 448 4190 imposuit
465 4103 601 4194 suevis,
628 4107 774 4192 quicum
794 4111 1032 4190 devenerant,
1061 4111 1183 4173 etcum
1209 4105 1292 4192 ipsis
1312 4098 1401 4169 multis
1432 4091 1433 4182 ζ

292 4203 423 4270 amissis
453 4201 624 4292 fugerant,
658 4204 747 4290 quod
778 4207 842 4294 ipsi
877 4223 950 4273 eum
980 4204 1156 4274 infideliter
1188 4199 1402 4293 prodidissent.
1432 4259 1433 4296 q

1432 4319 1433 4370 t
