2884 4834
420 255 549 303 anninus
572 255 805 303 wonunrrrnsns.
1114 225 1178 294 181

7 453 8 488 p
63 395 174 460 minum
199 393 434 482 llarquardum
461 395 636 462 scultetum
668 393 710 462 de
736 391 961 484 oppenheim,
995 399 1028 462 et
1061 391 1183 463 dictum
1202 407 1266 462 raet

61 494 253 560 cemiterium
271 495 304 560 in
322 513 414 562 suam
433 496 557 582 recepit
575 499 790 582 potestatem,
825 499 1026 582 attemptans
1046 510 1185 583 compo-

7 599 8 672 ἱ
61 593 206 659 sitioncm
224 593 308 660 inter
325 599 447 681 partes
483 593 632 661 Tandem
658 611 717 681 per
743 610 947 660 consensum
966 591 1109 660 Conradi
1127 611 1185 660 re-

7 703 8 744 ὲ
61 692 105 776 gis
130 691 301 760 delinitum
320 699 371 761 est
396 699 429 760 et
451 693 654 760 cemiterium
677 693 711 759 in
736 709 854 760 manus
879 692 1000 760 civium
1024 691 1186 759 traditum.

7 781 118 878 lpsi
144 793 257 858 statim
283 790 486 860 accedentes
513 793 727 859 munitionem
754 792 826 860 eius
844 791 987 859 totaliter
1005 789 1185 876 confrege-

7 911 12 1004 p
61 893 135 956 runt
177 889 303 958 Milites
331 892 429 958 etiam
455 897 488 958 et
513 891 626 959 rustici
650 889 793 978 dampna
829 891 1029 976 omniaque
1056 889 1185 958 civibus

7 1007 8 1040 t
60 987 202 1056 fecerant
221 989 442 1058 emendabant
468 995 501 1058 et
518 989 776 1079 persolvebant,
804 991 942 1076 insuper
964 987 1104 1056 addito
1095 1006 1185 1056 rura·

60 1092 162 1162 mento
182 1087 273 1176 quod
293 1087 371 1156 dioti
389 1089 431 1157 de
450 1086 616 1157 Ostholen
643 1089 771 1157 civibus
791 1087 1099 1157 Wormaciensibus
1117 1105 1185 1154 un·

60 1203 148 1272 quam
166 1193 281 1274 partes
300 1206 340 1256 ao
357 1187 512 1257 subditos
539 1187 582 1256 ad
600 1187 747 1276 qurelibet
769 1187 904 1256 servitia
922 1203 960 1254 se
980 1185 1185 1274 exhiberent,

8 1304 10 1376 ξ
61 1291 88 1351 et
104 1288 306 1354 cemiterium
333 1288 406 1355 sine
431 1287 603 1357 voluntate
631 1287 751 1354 civium
775 1304 921 1374 unquam
945 1284 1184 1354 reedificarent.

9 1456 10 1469 p
62 1383 160 1473 Super
178 1385 231 1452 his
249 1385 413 1471 indignati
438 1391 516 1455 sunt
540 1385 668 1454 civibus
687 1384 842 1454 dominus
860 1385 1007 1452 Wiricus
1027 1382 1068 1451 de
1086 1383 1185 1451 Duna

61 1491 88 1550 et
110 1483 265 1552 dominus
291 1483 464 1554 Comedus
496 1485 538 1553 de
564 1483 805 1574 Wartenberg,
845 1485 901 1572 qui
926 1481 1081 1551 advocati
1108 1487 1186 1550 sunt

10 1661 11 1664 Ἴ
60 1583 127 1651 ville
154 1583 323 1674 eiusdem,
351 1583 502 1654 dicentes
521 1585 612 1652 cives
631 1602 744 1652 corum
762 1582 944 1651 districtum
961 1587 1116 1670 potenter
1131 1583 1185 1648 in-

62 1689 173 1770 trasse,
200 1683 355 1751 volentes
381 1701 493 1752 eorum
513 1701 590 1752 esse
615 1683 746 1752 inimici.
794 1681 943 1750 'laudem
968 1699 1048 1749 vero
1074 1698 1185 1748 coram

62 1779 188 1849 domino
214 1799 295 1868 rege
320 1783 429 1852 laetus
457 1789 510 1853 est
535 1782 687 1852 dominus
706 1781 852 1849 Wiricus
879 1781 1024 1848 civitatis
1049 1779 1184 1848 amicus.

63 1881 211 1948 Similiter
229 1880 383 1952 dominus
403 1881 576 1951 Conradus
595 1879 703 1950 lactus
723 1887 776 1949 est
793 1881 917 1948 amicus
936 1879 1055 1946 civium
1073 1895 1185 1946 coram

65 1979 191 2048 domino
211 1987 327 2050 nostro
346 1984 518 2071 episcopo.
552 1981 593 2050 Et
618 1982 667 2049 sic
691 1981 802 2048 omnia
819 1978 906 2046 selici
925 1993 1009 2065 pace
1028 1975 1184 2066 perlecta.

124 2077 226 2148 Anno
251 2082 421 2150 mccxlii.
451 2083 485 2149 in
512 2080 566 2148 die
590 2081 771 2168 palmarum
807 2073 893 2168 [apr.
926 2073 988 2168 13]
1020 2077 1184 2144 excitatus
1268 2093 1270 2097 ·

61 2183 106 2245 est
127 2177 218 2264 ignis
246 2181 424 2249 casualiter
447 2198 550 2270 propo
574 2177 709 2248 Andree
736 2184 770 2246 et
796 2177 960 2244 combusti
984 2175 1060 2263 plus
1087 2192 1185 2262 quam

7 2291 8 2294 ’
59 2279 190 2344 trecenti
207 2281 361 2349 homines
372 2333 381 2370 ,
402 2297 538 2367 quorum
556 2296 635 2367 pars
653 2279 687 2344 in
708 2276 875 2345 cemiterio
894 2275 1001 2343 sancti
1019 2273 1184 2340 lobannis

60 2375 248 2470 hospitalis,
266 2397 344 2468 pars
362 2380 395 2446 in
413 2379 520 2447 sancti
537 2377 672 2467 Magni,
696 2393 773 2465 pars
792 2376 826 2443 in
845 2376 952 2442 sancti
971 2373 1133 2460 Sylvestri
1151 2373 1185 2439 in

10 2534 11 2540 ,
60 2493 119 2541 urna
136 2475 231 2546 lassa
249 2478 370 2567 sepulti
389 2483 477 2546 sunt.
510 2475 584 2558 Quo
602 2474 757 2544 incendio
776 2473 1009 2562 dampnificata
1028 2478 1080 2539 est
1098 2473 1185 2539 civi-

9 2645 10 2663 }
59 2581 104 2640 tas
124 2579 186 2642 tam
205 2580 240 2644 in
259 2577 397 2646 edificiis
417 2595 515 2665 quam
540 2577 574 2643 in
593 2593 729 2644 annona
745 2575 824 2642 vino
848 2579 882 2640 et
900 2571 973 2640 aliis
991 2570 1067 2658 plus
1087 2587 1185 2656 quam

9 2714 12 2723 ·
59 2678 185 2740 centum
203 2681 238 2744 et
254 2677 374 2762 viginti
393 2677 493 2744 millia
509 2691 692 2743 marcarum
709 2679 821 2762 preter
838 2669 1059 2739 miserabilem
1078 2667 1184 2736 sollo-

59 2773 212 2843 cationem
230 2775 409 2865 hominum,
428 2773 519 2862 quod
535 2775 710 2841 maximum
729 2777 790 2840 est.

126 2869 223 2943 hnno
241 2876 409 2942 mccxlii.
428 2873 569 2942 Silridus
595 2871 867 2959 archiepiscopus
885 2867 1106 2955 Moguntinus
1126 2884 1184 2935 oa-

60 2969 162 3055 pitalis
181 2973 482 3042 wormaciensium
507 2971 616 3040 hostis
644 2970 751 3038 laetus
771 2975 840 3060 ost,
866 2969 908 3037 ob
933 2967 1020 3036 hano
1048 2983 1184 3035 causam

6 3071 8 3088 ⁵
61 3067 141 3153 quod
159 3073 251 3140 cives
278 3073 308 3140 ei
333 3071 493 3141 nolebant
516 3071 700 3138 ministrare
727 3086 838 3184 neqrre
861 3065 1009 3135 vendere
1029 3065 1185 3133 victualia

63 3169 216 3259 cumipse
236 3189 309 3239 oum
328 3189 450 3258 magno
470 3171 617 3238 exercitu
634 3168 800 3237 iacebat
791 3187 824 3235 rn
851 3183 925 3234 rure
954 3165 1044 3253 quod
1069 3164 1186 3232 dicitur

63 3264 135 3332 Gau
152 3271 237 3338 cirea
257 3269 496 3360 Wormaoiam‚
523 3269 642 3336 rolens
661 3285 784 3336 nocere
803 3265 936 3334 domino
956 3262 1070 3332 Ottoni
1088 3263 1185 3351 pala-

6 3407 7 3410 =
63 3364 122 3432 tino
141 3369 250 3436 comiti
268 3369 373 3438 Rheni
391 3375 425 3437 et
443 3367 518 3436 duci
535 3367 698 3436 Bawarie.
724 3366 765 3434 Et
779 3364 898 3432 codem
917 3371 1064 3475 ternpore
1084 3359 1184 3427 multa

6 3477 7 3480 ’
63 3464 138 3531 nala
166 3466 245 3536 lecit
270 3469 423 3536 claustris
449 3465 746 3535 sanctimonialium
765 3463 879 3531 hlulne
898 3469 931 3531 et
956 3463 1061 3529 eciam
1078 3459 1184 3524 Fran-

63 3561 201 3658 henthal,
229 3566 320 3654 quod
337 3587 398 3656 per
421 3565 612 3634 incendium
639 3561 904 3652 dampnificatum
923 3565 956 3628 et
974 3559 1037 3627 der
1041 3562 1184 3624 astatum

65 3657 124 3728 luit.
164 3665 370 3753 Depredavit
404 3667 508 3734 eciam
541 3665 634 3732 cites
659 3661 932 3729 Wormaciences
963 3657 1004 3726 ad
1034 3656 1184 3724 valorem

63 3760 139 3830 mille
163 3782 363 3854 marcarum,
399 3765 491 3832 cives
517 3765 621 3831 caiam
645 3761 765 3829 multos
792 3755 992 3848 captivando
1017 3760 1051 3823 ct
1074 3755 1184 3824 multis

64 3857 286 3932 ailictionibus
305 3863 494 3954 puniendo,
513 3861 645 3950 aliquos
664 3877 706 3929 ex
723 3859 772 3927 eis
792 3857 834 3927 ad
852 3858 967 3926 mortis
987 3855 1183 3944 supplicium

64 3955 243 4046 attigendo.

126 4057 222 4128 hnno
250 4059 443 4148 supradicto
480 4057 612 4127 obsedit
646 4056 825 4125 Castaliam
860 4055 979 4122 volens
1013 4072 1085 4122 eam
1119 4052 1181 4120 de-

66 4162 201 4248 vastare,
233 4157 296 4227 sed
321 4157 454 4226 tandem
480 4175 539 4246 per
562 4157 729 4225 dominum
748 4155 932 4242 Philippum
960 4151 1001 4220 de
1020 4149 1182 4219 Hoenlels
1286 4219 1289 4226 ,

66 4257 92 4319 et
108 4254 270 4327 dominum
287 4257 472 4348 Philippum
497 4255 539 4325 de
562 4255 777 4325 Falhcnstein
807 4251 996 4342 imperatori
1021 4249 1080 4318 luit
1104 4265 1182 4336 pre·
