2888 4824
271 248 344 316 c50
691 275 729 320 err
750 276 849 322 ruoun
872 275 974 322 rursus.

189 418 256 473 ¹24⁵
273 415 452 504 ipsumque
469 421 503 482 et
520 431 637 482 omues
653 411 802 482 fautores
822 414 894 482 eius
912 412 1230 503 excommunicavit,
1248 423 1414 480 assereus

269 514 378 602 ipsum
395 513 577 582 hereticum
600 518 634 580 et
657 511 814 580 rebellem
834 513 980 582 ecclesie
1000 511 1158 580 Romane.
1190 510 1414 598 Precepitque

274 609 389 702 [lete
416 629 485 699 apr.
504 610 570 697 21]
598 610 791 679 Coloniensi
816 612 1014 680 Treverensi
1036 610 1269 696 Moguutieusi
1300 607 1415 676 archi·

271 710 452 799 episeopis
462 709 682 778 utHenricum
698 709 1059 796 dietumlandgravium
1073 709 1292 798 Thuringum,
1311 707 1414 774 vimm

270 810 535 898 potentissimum
551 809 734 876 etmilitem
753 809 1038 897 strenuissimum,
1064 808 1232 893 eligerent
1247 808 1283 876 Μ
1300 822 1414 891 regem

271 908 539 976 Teutonioorum.
583 905 680 988 Quod
704 913 736 975 et
757 907 950 976 factumest
969 904 1145 998 [mai22].
1186 904 1413 974 Veruntamen

270 1023 334 1076 nee
351 1009 541 1090 ingressum
559 1007 704 1074 civitatis
722 1004 1011 1093 Aquisgranensis
1020 1058 1030 1096 ,
1054 1007 1088 1072 in
1110 1023 1176 1092 qua
1195 1021 1300 1092 reges
1316 1019 1413 1072 coro

270 1105 342 1172 nari
373 1110 623 1174 consueverunt
648 1105 737 1173 etin
761 1105 880 1175 thmno
907 1105 1017 1173 Caroli
1040 1105 1151 1189 magui
1180 1103 1410 1172 consistentes

271 1203 394 1272 ibidem
414 1222 456 1272 ex
476 1202 721 1273 cousuetudine
745 1205 923 1293 collocari,
940 1221 1005 1272 uec
1021 1203 1251 1272 coronationis
1274 1201 1412 1287 gratiam

270 1304 379 1392 potuit
396 1303 556 1372 obtinere.
590 1301 785 1370 Frederieus
808 1306 922 1391 itaque
938 1302 1120 1371 donduium
1136 1302 1236 1388 regui
1259 1316 1411 1388 perpen-

183 1415 187 1428 ‘
273 1401 375 1490 dens,
390 1403 445 1488 qui
465 1403 562 1470 etiam
578 1401 749 1469 decretum
765 1403 896 1470 concilii
909 1401 993 1470 nulli
1007 1399 1177 1490 pendenS,
1202 1400 1312 1468 invito
1327 1415 1412 1486 papa

273 1505 307 1568 et
321 1499 559 1588 cardinalibus,
581 1500 801 1588 proventibus
817 1501 942 1590 imperii
964 1505 1120 1588 potenter·
1136 1498 1301 1586 incubuit,
1317 1495 1412 1564 vide-

271 1599 350 1666 lieet
373 1599 467 1666 ltalie
485 1599 606 1666 luscis
630 1598 721 1666 urbis
746 1597 895 1668 Romane
918 1600 1052 1667 maioris
1071 1597 1253 1686 Campania
1275 1603 1312 1665 et
1330 1612 1411 1684 pro-

270 1697 452 1765 rineiarum
474 1696 705 1766 adiacentium.
748 1697 890 1786 lusuper
910 1699 1141 1786 patrimonium
1165 1713 1265 1764 suum
1288 1691 1411 1782 Appu-

269 1796 345 1864 liam
363 1795 508 1863 Siciliam
525 1795 706 1864 Calabriam
721 1801 867 1864 ettotam
880 1795 1026 1865 Africam
1044 1795 1134 1863 nullo
1147 1794 1210 1862 sibi
1227 1795 1408 1864 resistente

269 1893 456 1984 possedit
447 1913 480 1961 rn
502 1911 587 1983 paoe
603 1894 714 1982 quoad
735 1895 827 1963 vixit
1440 1897 1441 1958 l

343 1989 671 2083 Mocxlvr[12bi
698 1993 764 2062 l.eb
790 1990 853 2084 ll]
890 1991 981 2062 Obiit
1002 1993 1166 2063 Henricus
1189 1991 1408 2080 landgravius

270 2092 478 2182 Thuringus,
495 2093 550 2179 qui
570 2091 631 2160 luit
651 2091 802 2160 electus
792 2110 826 2160 rn
844 2111 960 2178 regem
981 2092 1183 2183 Romanum,
1210 2098 1408 2162 nontamen

270 2197 447 2260 assecutus
469 2209 589 2258 munus
615 2191 849 2260 coronationis.
891 2190 966 2272 Quo
992 2191 1105 2260 audito
1133 2191 1291 2260 dominus
1325 2207 1408 2278 papa

269 2291 410 2356 iniunxit
430 2289 534 2357 tribus
555 2289 836 2380 archiepiscopis,
861 2295 898 2357 ut
916 2290 1131 2359 Willielmum
1147 2292 1306 2359 comitem
1323 2288 1407 2358 llol·

269 2386 382 2455 landie
391 2439 401 2476 ,
420 2388 553 2456 militem
569 2394 737 2456 strenuum
747 2441 757 2478 ,
775 2389 938 2474 ebgerent
954 2392 988 2456 in
1005 2407 1117 2476 regem
1127 2441 1136 2478 ,
1163 2395 1198 2458 et
1221 2393 1258 2456 ut
1281 2389 1314 2456 ei
1331 2387 1406 2456 totis

269 2485 396 2554 viribus
421 2485 626 2554 adhererent.
664 2485 762 2568 Quod
779 2486 902 2556 sactum
920 2493 982 2556 est.
1015 2489 1056 2556 Et
1075 2490 1151 2576 quia
1169 2489 1263 2556 cives
1279 2485 1406 2574 Aquis·
1439 2575 1440 2580 Ἰ

270 2601 458 2671 granenses
475 2603 544 2654 non
562 2587 783 2673 permiserunt
801 2605 875 2654 eum
892 2585 1022 2673 ingredi
1040 2587 1206 2654 civitatem
1217 2584 1404 2674 Aquisgre·

270 2701 427 2773 nensem,
451 2689 488 2751 ut
510 2686 737 2753 coronationis
762 2684 959 2754 beneficium
983 2685 1164 2774 obtineret,
1184 2702 1296 2772 eoque
1318 2681 1403 2770 quod

270 2781 433 2849 iecissent
458 2782 648 2869 homagium
674 2793 708 2851 et
734 2783 924 2853 fidelitatem
948 2785 1137 2872 imperatori
1161 2781 1402 2868 Frederico‚a

272 2881 366 2948 euius
384 2880 544 2949 fidelitate
562 2881 654 2950 nullo
672 2882 772 2950 modu
789 2882 917 2950 vellent
933 2882 1093 2951 recedere
1109 2883 1185 2970 ipso
1205 2881 1399 2969 superstite:

271 2997 359 3067 papa
384 2980 418 3046 iu
449 2979 560 3048 odium
583 2983 788 3070 imperatoris
813 2982 915 3049 misso
942 2981 1087 3068 quodam
1119 2979 1280 3050 cardinali
1309 2980 1401 3047 Petro

273 3075 430 3166 Capthia,
455 3079 621 3146 civitatem
648 3081 827 3168 supposuit
849 3079 1045 3170 interdictu,
1064 3081 1197 3148 mittens
1216 3080 1250 3146 in
1270 3077 1401 3148 adiuto-

272 3175 353 3242 rium
379 3175 477 3242 electi
502 3194 618 3244 omnes
642 3195 740 3245 eruce
766 3179 917 3264 signatos
944 3179 999 3266 qui
1025 3177 1206 3266 profecturi
1225 3176 1400 3244 lueruntin

273 3279 391 3341 terram
411 3279 568 3342 sanctam.
604 3274 749 3356 Quorum
773 3275 876 3344 fretus
894 3276 1056 3345 adiutorio
1075 3276 1278 3344 Willielmus
1297 3276 1331 3342 Μ
1349 3291 1399 3341 re-

272 3391 349 3459 gem
374 3372 502 3440 electus
529 3379 562 3441 et
586 3375 827 3464 archiepiscopi
854 3375 1033 3465 supradicti
1058 3375 1201 3442 cumbis
1222 3375 1280 3461 qui
1300 3374 1399 3442 electo
1438 3385 1439 3402 ¹

272 3470 479 3539 adherebant
512 3473 677 3540 civitatem
703 3475 809 3560 ipsam
842 3473 1018 3541 obsidione
1044 3474 1292 3541 concluserunt.
1326 3473 1398 3539 Pro

272 3576 443 3656 tractaque
462 3577 515 3638 est
531 3571 663 3639 obsidio
682 3589 741 3659 per
758 3589 880 3639 anuum
897 3574 1060 3657 integrum
1079 3580 1113 3640 et
1129 3573 1250 3658 viginti
1268 3571 1355 3659 dies,
1372 3575 1398 3636 et

272 3687 461 3756 qurenquam
488 3671 723 3758 impeterentur
749 3672 929 3738 innumeris
957 3669 1179 3739 obsidentium
1203 3668 1247 3738 ad
1274 3675 1398 3737 centum

273 3768 372 3834 millia
398 3768 582 3857 hominurn,
602 3769 736 3836 obsessi
754 3775 863 3836 tamen
879 3787 916 3837 se
936 3775 969 3836 et
987 3770 1152 3836 civitatem
1169 3768 1397 3858 potentissime

272 3863 516 3956 defendebant,
543 3866 653 3935 donec
676 3867 793 3956 elapso
819 3867 1032 3936 obsessionis
1053 3868 1190 3935 termino
1210 3865 1397 3954 supradicto

272 3969 383 4029 certus
402 3963 442 4030 ad
462 3982 522 4032 eos
541 3965 678 4034 devenit
694 3983 822 4054 mmor,
841 3966 933 4052 quod
950 3967 1125 4054 imperator
1142 3967 1176 4032 Μ
1193 3963 1262 4032 lata
1282 3963 1396 4033 doces·

273 4067 369 4126 serat.
405 4061 500 4129 Unde
527 4070 681 4132 tenentes
707 4083 745 4132 se
772 4065 814 4130 ab
838 4066 912 4132 eius
937 4065 1081 4132 hominio
1107 4064 1303 4152 absolutae,
1333 4061 1394 4146 regi

273 4157 453 4227 Willialmo
486 4161 548 4227 sub
580 4162 730 4230 honestis
757 4162 1021 4252 conditionibus,
1051 4164 1156 4230 salvis
1188 4162 1252 4230 sibi
1278 4163 1345 4229 vita
1369 4165 1395 4226 et

272 4257 426 4324 membris
436 4309 445 4346 ,
465 4265 498 4324 et
516 4259 668 4326 omnibus
687 4261 784 4328 bonis
803 4267 837 4328 et
859 4262 1135 4349 possessionibus
1154 4263 1241 4352 suis,
1259 4259 1393 4328 civitatis
1437 4313 1438 4322 ,
