2878 4834
391 273 581 322 eversurum
602 272 799 320 noemrmus.
1089 243 1160 314 269

27 414 97 504 bus,
114 411 255 482 Romam
273 411 511 502 pmiioiseilur,
535 413 569 480 in
592 412 821 501 imperatorem
840 419 1053 482 oonseemtur
1070 430 1161 482 auno

29 513 147 580 domiui
176 530 323 581 mooun.
350 512 391 579 ab
409 511 559 581 Honorio
583 529 681 600 papa.
713 508 787 592 Quo
813 517 960 600 mortuo,
979 512 1162 598 Gregorius

28 630 109 700 papa
127 611 293 680 suooedit.
328 610 390 679 llio
409 612 507 678 etiam
525 609 724 678 Friderioum
748 612 1057 679 exeommunioavit.
1089 610 1161 680 Le·-

28 718 131 778 tantur
150 710 342 799 predones,
370 711 520 778 exultant
536 711 670 778 liotores
689 714 787 797 eapte
804 708 924 798 preda;
953 715 1161 778 convertun-

28 816 72 876 tur
88 827 251 878 vomeres
270 810 303 896 in
322 808 474 898 gladios,
493 813 527 877 et
543 808 649 877 ialoes
666 809 701 876 in
714 808 850 877 lanoeas
860 831 869 896 3
896 827 965 877 non
983 810 1109 897 est-qni
1127 809 1162 877 iu

28 910 122 976 intere
141 927 217 977 non
241 905 369 976 deierat
390 907 564 993 obalvbem
589 914 623 976 et
654 907 799 996 lapidem
828 907 862 975 in
894 909 1162 996 preparationem

29 1007 170 1076 ineendii
199 1013 233 1076 et
257 1009 292 1074 in
315 1008 535 1076 exustionem.
567 1003 687 1074 Omnia
704 1007 791 1074 mala
809 1006 997 1096 venierint,
1025 1007 1160 1096 speoia-

31 1107 96 1174 liter
114 1125 223 1194 super
241 1106 418 1174 eoelesiam
435 1105 747 1194 Maguntinensem,
766 1109 800 1172 et
816 1106 957 1174 maxime
975 1107 1062 1174 eirea
1079 1123 1160 1195 par-

30 1213 74 1274 tes
90 1205 206 1274 Rheni
225 1205 266 1273 de
284 1205 417 1273 eivitate
436 1204 587 1293 Spirensi
603 1223 712 1293 usque
732 1203 977 1272 Coloniensem.

93 1305 181 1372 Post
196 1310 333 1372 mortem
352 1303 477 1372 domiui
495 1303 638 1392 Siphridi
655 1302 899 1392 arehiepiseopi
916 1303 1158 1390 Maguntinen-
1176 1329 1244 1464 12¹30

31 1404 70 1470 sis
97 1405 266 1492 senioris,
295 1402 446 1472 suooedit
470 1402 624 1472 dominus
652 1400 846 1492 Siphridus,
873 1401 980 1470 iratris
1008 1402 1212 1473 eiusdemi
1177 1464 1244 1522 2„

31 1502 116 1570 ilius.
162 1503 228 1570 llio
251 1501 383 1570 duobus
409 1503 506 1570 annis
529 1501 738 1570 laudabiliter
760 1501 851 1570 vixit
885 1500 953 1570 Sed
978 1504 1057 1590 quio
1082 1466 1190 1571 eluti¹
1265 1556 1266 1560 η

31 1601 134 1669 eordis
156 1607 231 1669 erat
253 1607 288 1669 et
303 1601 459 1690 superbie
476 1617 617 1691 magne,
644 1601 740 1668 nimis
765 1617 803 1668 se
829 1607 944 1669 eontra
960 1600 1160 1671 Friderioum

31 1701 260 1787 imperatorem
284 1703 404 1788 erexit,
426 1717 495 1769 nou
522 1699 656 1788 quidem
681 1705 718 1767 ut
734 1698 896 1789 divinam,
928 1698 989 1768 sed
1006 1702 1160 1791 papalem

31 1800 166 1884 gratiam
192 1799 363 1868 obtineret.
406 1799 505 1867 Gravi
536 1800 658 1867 etenim
684 1797 820 1866 inlamia
843 1815 912 1867 non
943 1799 1051 1868 solum
1072 1799 1162 1889 apud

31 1917 165 1986 papam,
193 1897 255 1966 sed
274 1897 363 1986 apud
382 1915 498 1966 omnes
516 1898 668 1967 homiues
685 1896 867 1966 laborabat.
900 1895 963 1966 llio
981 1915 1064 1986 ergo
1080 1900 1161 1968 vul-

34 2003 93 2065 tum
113 2003 149 2066 et
169 1999 313 2065 animum
328 1998 438 2066 leonis
456 1996 601 2066 induens
611 2049 621 2087 ,
647 1998 702 2065 leo
720 1995 829 2066 laetus
848 2002 918 2085 est,
946 2002 979 2064 et
996 1999 1085 2086 oepit
1102 2015 1161 2066 or-

31 2096 158 2182 pbunos
179 2103 212 2165 et
227 2095 346 2165 viduas
357 2095 478 2180 faeere,
493 2096 590 2165 villas
600 2095 803 2184 eomburere,
815 2095 968 2164 civitates
977 2095 1160 2186 destruere,
1223 2147 1234 2166 „

30 2195 181 2264 homines
206 2195 389 2285 devorare,
417 2201 534 2264 terram
560 2197 594 2264 in
617 2193 786 2264 desertum
812 2193 996 2285 deducere,
1023 2201 1057 2264 et
1072 2213 1160 2285 pape

31 2295 163 2362 mirilroe
183 2295 402 2382 eomplaoere.
434 2293 477 2362 Et
495 2295 571 2382 quia
590 2295 654 2362 iam
671 2294 899 2381 inquisitionis
915 2294 1028 2364 literas
1046 2302 1160 2364 eontra

33 2395 225 2482 episeopum
251 2392 407 2482 dederat,
434 2411 476 2462 ex
493 2393 557 2461 biis
581 2392 678 2462 laetis
701 2392 833 2460 lratrem
850 2393 1074 2462 venerabilem
1099 2413 1160 2483 ap-

34 2491 185 2578 pellabat.
209 2491 273 2560 llio
287 2491 459 2581 Siphridus
479 2494 661 2581 episeopus
677 2491 798 2560 malum
817 2509 903 2580 opus
921 2499 1078 2580 operatus
1096 2501 1160 2583 est,

35 2591 86 2676 qui
109 2609 170 2679 per
193 2591 357 2660 llammam
380 2592 470 2676 ignis
495 2598 611 2660 terram
633 2590 891 2680 depauperavit,
924 2598 957 2659 et
983 2591 1160 2661 thesauros

33 2690 173 2758 eoelesie
191 2690 323 2758 ablatos
341 2689 545 2778 predonibus
564 2688 739 2780 dispersit,
767 2689 859 2758 dedit
875 2689 1071 2778 raptoribus.
1097 2689 1161 2758 lu·

34 2789 123 2856 stioia
151 2790 224 2856 eius
248 2807 316 2857 uon
334 2795 446 2857 manet
463 2789 497 2856 in
519 2788 669 2858 seeulum
686 2789 800 2858 seeuli.
831 2789 864 2857 ls
882 2790 993 2876 itaque
1010 2789 1160 2875 lantgra-

32 2887 114 2954 vium
132 2887 315 2974 Tburingie
332 2889 366 2955 in
387 2903 500 2974 regem
518 2888 598 2974 eligi
616 2887 824 2978 proeuravit;
849 2886 911 2956 sed
929 2887 1021 2958 brevi
1039 2889 1159 2958 vivens

34 2989 187 3077 tempore,
206 2993 240 3055 et
257 3005 397 3073 regnum
416 2993 450 3054 et
467 2988 608 3055 animam
626 2988 821 3073 resignavit.

81 3165 83 3168 ,
102 3086 233 3154 interea
253 3086 434 3172 Gregorius
449 3103 536 3174 papa
554 3087 706 3177 moritur,
726 3085 829 3154 sedes
846 3091 946 3154 vaoat
958 3087 1055 3154 annis
1072 3085 1160 3156 duo·

38 3180 96 3264 bus
112 3185 166 3252 vel
183 3185 299 3254 tribus.
326 3184 412 3253 Huio
429 3189 539 3252 autem
557 3203 644 3274 papa
663 3183 815 3254 suooedit
826 3184 1043 3254 innocentius
1061 3203 1160 3274 quar-

37 3285 102 3371 tus,
120 3285 175 3370 qui
200 3286 235 3351 in
259 3285 402 3352 coneilio
419 3282 640 3369 Lugdunensi
663 3289 779 3352 eontra
796 3281 995 3352 Friderioum
1015 3286 1159 3373 impera·

36 3385 130 3448 torem
148 3381 369 3472 depositionis
391 3384 591 3451 sententium
604 3383 836 3471 promulgavit.
861 3381 995 3452 Mortuo
1009 3383 1160 3468 lantgra-

36 3479 87 3544 rio
110 3499 189 3568 rege
222 3481 420 3550 Wilhelmus
454 3499 567 3550 eomes
597 3481 776 3551 Hellendie
806 3482 838 3548 in
874 3499 986 3567 regem
1016 3483 1159 3570 eligitur,
1277 3490 1279 3494 ·

37 3581 151 3647 tantum
170 3580 212 3648 ab
233 3581 497 3669 archiepiscopis
515 3580 769 3666 Magantinensi
794 3587 827 3649 et
847 3579 1052 3650 Coloniensi.
1079 3581 1160 3648 Post

40 3673 130 3744 breve
144 3684 272 3767 tempus
288 3677 441 3747 domiuus
459 3678 633 3768 Siphridus
650 3679 923 3768 arehiepiseopus
943 3681 1041 3747 etium
1058 3680 1159 3748 rebus

39 3775 183 3845 valedicit
200 3778 352 3847 humanis
371 3775 486 3868 [t2lre
504 3785 592 3848 mdrz
611 3777 688 3872 te],
704 3779 822 3847 obiens
837 3780 870 3846 iu
889 3779 1062 3865 regionem
1082 3779 1159 3848 lon-

41 3873 184 3960 ginquam
200 3870 220 3944 ¹.
247 3877 318 3945 Nee
334 3883 443 3945 tamen
458 3875 537 3946 ideo
554 3885 689 3947 oessant
703 3878 797 3947 mala.

107 3973 336 4044 Convenemnt
353 3994 434 4062 ergo
450 3975 568 4044 iratres
578 3975 998 4063 eoelesieMaguntinensis
1013 3985 1160 4048 traotarr·

41 4073 88 4136 tes
111 4072 148 4140 de
170 4081 264 4163 patre
286 4073 416 4165 lutuno,
443 4077 598 4163 persuasi
621 4078 676 4164 qni
698 4082 818 4165 posset
840 4079 947 4165 ipsam
970 4083 1159 4148 telettum

42 4171 184 4252 gravibus
202 4191 399 4264 oppressam
419 4175 581 4266 miseriis,
604 4181 638 4246 et
653 4181 746 4246 tanto
765 4181 913 4266 tempore
935 4176 1001 4246 iam
1023 4177 1159 4267 ploran-

73 4278 99 4344 t]
115 4279 292 4338 euiemistiseb
310 4289 374 4339 stati
391 4299 440 4338 zur
457 4282 540 4342 holle.
