2884 4834
399 247 560 295 eorrnrnus
582 250 620 294 uu
641 247 813 295 susurrem.
1110 217 1178 284 139

51 387 331 454 circumjacentem
348 387 503 456 incendio
522 387 718 456 devastavit.
744 385 806 467 Qui
824 388 923 454 etiam
946 386 1100 455 dominus
1120 404 1177 454 rex
1196 391 1263 446 1298

54 485 168 552 ibidem
187 504 249 573 per
268 486 435 555 deminum
453 486 641 554 iohannem
659 485 701 553 de
723 485 968 575 Lichtenberg,
997 486 1095 553 filiurn
1114 485 1181 552 ira-

54 585 103 650 tris
131 582 259 652 domini
286 585 429 653 Conrudi
454 584 713 672 Argentinensis
740 587 909 674 episcopi,
935 586 1042 671 quiin
1061 583 1181 652 eodem

53 683 169 770 oppido
191 703 267 750 curn
286 685 357 752 suis
376 684 538 774 degebat,
557 703 679 771 magna
693 683 835 772 dampna
852 701 949 771 quam
967 684 1108 770 plurima
1126 702 1181 752 re·

53 784 142 870 cepit.
172 781 274 863 Quod
302 801 376 851 eum
403 783 561 852 videlieet
577 785 611 851 in
629 783 715 852 mille
736 791 769 850 et
787 783 980 871 quingentis
998 785 1096 871 equis
1115 790 1180 850 tarn

51 883 175 967 nagnis
197 901 296 968 quam
313 884 424 971 parvis
441 891 555 952 contra
574 884 682 972 ipsum
697 889 789 951 extra
806 883 971 951 civitatem
989 881 1181 971 patellando

50 981 270 1049 damnificavit
275 1004 285 1069 3
302 983 378 1050 item
390 982 565 1070 plusquam
579 983 612 1049 in
629 983 788 1050 trecentis
798 981 986 1050 hominibus
1003 990 1069 1050 tarn
1082 983 1182 1049 nobi-

50 1081 128 1147 libus
155 1100 258 1167 quarn
280 1081 485 1168 ignobilibus
509 1083 667 1150 iacturam
688 1083 823 1170 pertulit
840 1083 946 1168 captis
970 1088 1004 1148 et
1021 1083 1156 1150 occisis

114 1176 333 1248 Adveniente
346 1198 428 1248 vero
443 1183 581 1249 termino
595 1181 771 1249 electionis
789 1180 912 1248 domini
926 1179 1022 1249 ducis
1036 1177 1181 1267 Austris,

50 1281 116 1365 ipse
135 1278 207 1346 dux
219 1279 555 1366 versusllloguntiem
572 1282 660 1369 cepit
672 1283 743 1348 iter.
767 1279 838 1348 Rex
847 1295 926 1348 vero
935 1298 977 1348 ex
985 1279 1129 1348 adverso
1145 1297 1182 1346 se

51 1381 209 1466 opposuit
234 1386 268 1447 et
294 1382 472 1468 exposuit,
506 1379 624 1448 dicens
642 1380 731 1466 quod
751 1380 848 1447 vellet
871 1382 906 1446 ic
929 1382 1013 1447 ortis
1038 1381 1182 1447 euicere

52 1479 297 1562 Argentinertsie
318 1483 400 1564 poet
423 1497 588 1546 recessum
602 1475 716 1566 'ipsius
733 1479 826 1546 decis
843 1480 1014 1546 concedere
1032 1480 1182 1546 lactucae

52 1580 79 1642 el
93 1577 220 1644 eccles.
259 1577 300 1645 Et
317 1595 390 1645 curn
406 1579 471 1647 hcc
489 1578 532 1646 ad
558 1595 669 1646 aurern
696 1577 820 1647 domini
844 1580 995 1668 episcopi
1013 1586 1047 1646 et
1064 1579 1183 1647 civium

52 1675 343 1761 rlrgentinensium
366 1679 596 1766 pervenisset,
629 1679 811 1766 episcopus
829 1677 1087 1766 Argentinensis
1117 1697 1183 1745 una

56 1793 122 1841 curn
140 1775 273 1843 civibus
291 1772 595 1862 Argentinensibus
620 1777 663 1844 ad
687 1797 787 1845 unum
814 1779 936 1845 miliare
962 1780 996 1846 in
1021 1778 1097 1866 via,
1123 1795 1183 1865 per

56 1893 145 1960 quarn
164 1877 241 1963 ipse
259 1875 413 1944 dominus
432 1895 489 1944 rex
507 1878 664 1965 exposuit
680 1885 863 1967 venturum,
882 1883 914 1944 et
938 1897 979 1944 ne
998 1878 1127 1945 veniret
1144 1895 1182 1944 se

57 1982 284 2062 opposuerunt
310 1975 399 2063 apud
417 1975 675 2044 Schailolzbeim
703 1983 736 2044 et
761 1978 848 2044 circa
866 1977 1041 2066 Bruscam,
1069 1982 1103 2043 et
1120 1975 1182 2044 de-

56 2081 242 2142 struxerunt
267 2076 388 2144 turrim
404 2075 493 2163 apud
517 2074 792 2164 Schustolzheirn,
827 2093 892 2162 que
926 2083 996 2143 erat
1019 2074 1182 2142 adiutorio

56 2169 174 2240 domini
189 2175 282 2259 regis
300 2172 421 2242 Adolii.
442 2175 522 2242 Cum
538 2175 603 2244 boc
617 2176 801 2243 nuntiatum
816 2173 935 2243 luisset
948 2174 1082 2242 domino
1101 2176 1182 2259 regi,

57 2275 188 2341 nutavit
204 2275 410 2360 propositum
438 2292 533 2342 suurn
552 2281 585 2341 et
601 2274 737 2342 verbum
755 2273 868 2360 regale
878 2328 886 2363 ,
912 2273 1002 2362 quod
1019 2293 1039 2341 a
1056 2274 1183 2341 tramite

57 2373 199 2440 veritatis
217 2389 286 2439 non
304 2371 419 2440 debuit
436 2373 614 2441 declinare.
641 2375 786 2442 Transiit
809 2391 891 2460 ergo
908 2381 1042 2462 pontem
1060 2375 1094 2440 in
1112 2373 1184 2440 Bri-

58 2471 173 2561 sacho,
199 2472 233 2538 in
252 2489 319 2558 quo
337 2479 440 2560 ponte
458 2489 575 2542 omnes
593 2491 692 2559 reges
711 2474 808 2560 quasi
826 2472 986 2560 fugiendo
1006 2480 1184 2541 transeun-

10 2565 11 2589 ³
58 2573 103 2635 tes
127 2588 197 2638 non
215 2571 308 2638 brevi
334 2578 413 2659 post
435 2578 584 2660 tempore
609 2573 650 2640 ab
678 2573 766 2640 omni
784 2572 910 2640 honore
936 2572 1085 2640 destituti
1110 2571 1184 2638 iue-

58 2676 133 2736 runt.
160 2666 214 2736 Ab
231 2671 307 2756 ipso
326 2671 427 2758 opido
445 2673 518 2759 ipse
537 2671 646 2739 dictus
660 2689 719 2740 rex
732 2670 851 2738 eodem
866 2671 919 2739 die
933 2673 1062 2738 transiit
1075 2687 1183 2756 usqne

9 2761 14 2846 {l
60 2767 97 2834 ad
113 2767 250 2856 opidum
269 2766 469 2861 Oilenburg,
495 2770 586 2858 quod
605 2770 706 2839 distat
724 2789 743 2838 a
761 2769 922 2838 Brisacho
941 2771 1077 2837 miliario
1095 2776 1183 2859 octo,

8 2863 12 2932 l
61 2875 251 2935 nontamen
273 2870 347 2936 sine
372 2887 495 2955 magno
513 2872 647 2960 timore,
675 2875 750 2958 quia
777 2870 914 2937 timebat
937 2869 1104 2937 dominum
1121 2867 1186 2936 Ar-

9 2983 10 2986 *
62 2969 288 3049 gentinensem
307 2969 501 3057 episcopum
520 2977 553 3037 et
570 2971 662 3038 cives
679 2967 954 3056 Argentinenses.
980 2966 1111 3036 Abhinc
1129 2985 1187 3036 se·

62 3067 168 3150 quenti
186 3065 240 3134 die
259 3083 297 3134 se
314 3069 481 3137 transtulit
499 3068 694 3156 steinbach,
713 3068 804 3156 quod
823 3068 925 3137 distat
943 3068 984 3136 ab
1004 3065 1188 3154 Ollenburg

62 3165 190 3232 miliaria
213 3183 284 3254 sex,
304 3173 338 3233 et
355 3166 477 3234 deinde
502 3186 539 3236 se
558 3169 724 3236 transtulit
742 3169 838 3254 quasi
863 3167 1024 3253 fugiendo
1048 3167 1185 3255 Spiraur,
1266 3217 1269 3225 λ

61 3280 219 3351 nunquam
237 3271 359 3352 postea
378 3284 583 3334 reversamus.

126 3363 289 3432 Dominus
320 3382 401 3433 vero
426 3365 493 3433 dux
518 3363 650 3434 Austrie
677 3383 750 3434 cum
775 3365 927 3433 venisset
953 3365 996 3433 ad
1022 3365 1186 3432 civitatem

63 3459 362 3554 moguntinensem,
381 3466 539 3532 terminus
558 3465 619 3533 sibi
639 3463 736 3532 datus
755 3466 966 3533 continuatus
985 3464 1044 3531 luit
1063 3479 1186 3530 secun·

62 3558 145 3629 dario
163 3561 206 3630 acl
225 3561 425 3649 quindenam
443 3580 551 3650 usque
569 3563 610 3631 ad
629 3563 775 3650 vigiliam
793 3564 899 3630 sancti
916 3561 1079 3630 lobannis
1098 3561 1187 3649 bap-

64 3660 149 3750 tiste,
172 3667 309 3748 propter
335 3661 425 3749 quod
451 3679 591 3748 magnas
611 3663 766 3731 sustinuit
790 3678 957 3749 expensas
983 3669 1017 3729 et
1034 3661 1185 3748 dampna.

64 3756 178 3827 Tamen
196 3759 365 3848 pendente
383 3760 439 3828 illa
457 3760 616 3829 dilatione
636 3760 768 3830 obsedit
787 3759 945 3848 oppidum
959 3758 1076 3828 Alzein
1095 3760 1185 3848 quod

66 3863 125 3925 erut
142 3858 291 3942 Palatini,
311 3865 344 3926 et
359 3859 440 3928 illud
459 3862 672 3948 expugnavit.

124 3955 335 4026 Adveniente
349 3959 464 4044 vigilia
481 3959 570 4026 beati
588 3958 752 4028 Jobannis
771 3959 916 4046 baptiste
936 3954 1021 4048 [iuni
1040 3955 1104 4049 23]
1125 3959 1186 4027 sub

64 4072 140 4123 cuno
159 4055 284 4124 domini
308 4059 579 4125 mcclxxxnviii.
607 4059 763 4127 dominus
782 4059 1001 4145 Maguntinus
1028 4075 1187 4125 unacum

63 4155 254 4244 principibus
281 4157 483 4225 electoribus
512 4157 730 4248 supradictiS,
764 4157 920 4226 videlicet
944 4158 1047 4246 primo
1076 4161 1187 4224 amoto

64 4252 184 4322 lucrino
202 4252 326 4325 Adollo
353 4255 573 4325 Romanorum
601 4275 680 4344 rege
707 4277 725 4324 a
753 4259 912 4343 regimine
930 4255 1067 4324 Romani
1094 4255 1187 4340 regni
