2884 4834
380 259 544 306 conrardus
566 259 603 304 ue
624 259 793 306 nnsurncnn.
1082 233 1146 300 131

14 407 16 428 ¹
42 396 148 484 lessus,
178 402 358 484 autequam
382 398 526 466 membra
550 415 611 465 sua
634 397 743 466 adbuc
767 399 894 467 lassata
916 401 1018 486 quieti
1042 400 1146 487 daret,
1169 415 1234 470 ¹289

42 501 159 562 castrum
177 495 312 563 obsedit
332 497 490 585 Girsperg
503 503 637 587 propter
654 499 859 566 occisionem
877 498 987 566 Silridi
1003 499 1045 567 de
1060 501 1153 568 Gun-

41 593 183 662 dclzheim
208 596 337 685 militis,
363 598 465 665 occisi
488 603 525 665 ut
552 596 725 666 dicebatur
749 613 808 684 per
829 596 982 667 dominos
998 599 1040 667 de
1056 599 1152 667 Girs-

40 712 112 781 perg.
139 693 290 782 Cumque
311 697 344 762 in
370 696 550 765 obsidione
567 698 760 784 persisteret
784 697 891 784 ipsius
915 699 1013 765 castri
1032 699 1155 768 clamor

40 791 70 859 ad
89 809 182 860 aures
203 795 312 882 ipsius
330 793 453 862 domini
474 797 564 882 regis
584 795 723 862 invaluit
743 798 882 881 ingena,
905 797 996 883 quod
1022 797 1153 885 quidam

39 892 140 960 domini
162 892 205 960 de
235 895 405 982 'luryngia
429 913 490 963 sue
517 895 632 962 salutis
659 897 868 964 immemores
901 904 1018 963 terram
1047 898 1153 984 ipsam

39 991 209 1080 luryngie,
234 1009 385 1061 necnon
410 994 560 1062 homines
589 995 726 1062 aliarum
748 1002 906 1063 terrarum
930 1000 1154 1083 transeuntes,

39 1096 132 1157 eontra
166 1092 330 1160 iustitiam
359 1094 540 1180 spoliarent
570 1100 604 1160 et
635 1092 839 1162 invaderent.
880 1092 950 1160 Rex
975 1112 1055 1162 vero
1071 1112 1153 1182 pre·

38 1188 126 1258 dietus
135 1243 145 1279 ,
166 1191 291 1260 volens
308 1191 399 1279 quod
422 1195 455 1260 in
479 1211 520 1262 ec
542 1199 612 1260 crat
628 1191 772 1260 debitum
788 1192 971 1280 perducere
986 1192 1028 1260 ad
1045 1193 1153 1260 ellec-

38 1295 102 1377 tum,
129 1289 249 1359 relicto
272 1293 420 1360 exercitu
447 1293 481 1360 in
505 1290 684 1360 obsidione
710 1291 884 1381 Girsberg‚
913 1291 978 1359 alio
1012 1293 1154 1360 collecto

39 1389 164 1456 eremite
195 1407 299 1457 manu
323 1389 397 1459 lorti
419 1397 535 1460 contra
561 1391 679 1459 hostes
712 1391 888 1481 Turingie,
916 1397 1072 1478 tanquam
1099 1393 1155 1460 leo

37 1488 190 1556 animosus
216 1489 395 1580 anhelavit,
420 1509 492 1559 cum
511 1507 629 1558 manus
647 1491 719 1558 eius
745 1507 913 1578 nunqnam
928 1489 1095 1576 languerit
1113 1490 1167 1558 ad.

37 1585 207 1655 vindictam.

95 1685 172 1753 Cum
190 1693 304 1755 autem
320 1689 532 1776 pervenisset
554 1687 596 1755 ad
618 1691 725 1776 ipsam
748 1694 865 1755 terram
885 1689 1066 1777 Toryngie‚
1089 1687 1155 1755 ibi-

39 1801 88 1868 que
112 1785 152 1853 ab
170 1787 329 1855 omnibus
353 1787 495 1855 dominis
516 1789 751 1875 suprascriptis
775 1793 963 1854 reverenter
988 1787 1074 1855 sicut
1091 1786 1156 1856 de-

37 1884 89 1948 cuit
102 1889 152 1951 est
166 1893 340 1976 receptuS,
356 1892 507 1955 statuens
525 1887 588 1954 sibi
606 1888 815 1954 ruansionem
830 1887 863 1952 in
881 1884 1049 1975 Eriordia,
1066 1892 1098 1952 et
1114 1887 1156 1953 ab

37 1981 79 2048 illa
94 1985 226 2052 civitate
243 1991 361 2054 contra
377 1987 551 2054 invasores
568 1993 725 2053 terrarum
756 1985 1058 2054 circumiacentium
1080 2003 1158 2053 mo·

36 2097 104 2147 vens
129 2083 267 2152 bellum.
316 2085 358 2152 Et
379 2087 583 2174 expugnavit
610 2085 720 2172 spatio
746 2085 843 2150 unius
869 2085 963 2172 anni,
993 2081 1158 2150 arridente

37 2179 87 2246 sibi
106 2181 242 2250 domina
261 2183 423 2274 Fortuna,
450 2185 663 2272 septuaginta
691 2191 800 2251 castra
830 2181 930 2270 opida
960 2187 1158 2269 ceterasque

37 2281 249 2372 munitioncS,
286 2301 425 2370 quorum
451 2289 577 2372 partem
608 2281 764 2350 radicitus
796 2281 934 2371 evulsit,
965 2288 1159 2369 partemque

37 2379 175 2449 custodie
190 2383 394 2470 mancipavit
415 2389 448 2450 et
468 2382 510 2451 ad
526 2399 610 2450 usus
634 2382 761 2469 imperii
779 2381 974 2469 applicavit,
994 2397 1067 2448 cum
1084 2382 1159 2468 quis

35 2481 154 2566 proprio
176 2499 293 2550 carere
311 2481 441 2571 debeat,
470 2483 525 2569 qui
548 2499 665 2549 manus
681 2497 761 2548 suas
783 2479 825 2547 ad
851 2497 905 2547 res
932 2481 1071 2567 proximi
1091 2479 1159 2546 illi-

37 2577 89 2644 cite
128 2582 305 2666 porrigere
338 2599 406 2648 non
432 2577 600 2667 formidat,
631 2579 856 2646 inhabitantes
885 2579 981 2644 etiam
1019 2583 1160 2646 castmm

35 2678 140 2761 partim
168 2679 337 2768 capitibus
358 2683 537 2770 tmnoavit,
564 2685 597 2748 et
621 2679 738 2767 partim
757 2681 918 2765 perpetuo
937 2678 1082 2766 carceri,
1104 2676 1160 2743 ubi

36 2772 110 2842 diem
125 2795 224 2845 suum
241 2777 397 2847 claudent
412 2784 611 2867 extremum,
630 2793 752 2863 magno
769 2793 837 2844 non
858 2777 931 2842 sine
951 2773 1066 2842 dolore
1083 2793 1161 2862 pre-

36 2875 112 2961 cepit
137 2877 286 2967 includi,
315 2883 348 2946 et
371 2877 503 2946 lavante
531 2895 604 2946 eum
634 2876 746 2944 divina
779 2875 954 2942 clementia
982 2889 1098 2961 pacem
1127 2875 1161 2940 in

37 2977 109 3040 tarra
125 2975 301 3064 luryngie
322 2977 467 3046 Saxonie
487 2983 519 3045 et
535 2979 669 3044 aliarum
688 2974 986 3044 circumiacentium
1005 2979 1160 3041 terranem

37 3072 100 3139 oriri
116 3072 197 3142 iecit
210 3093 345 3145 novam.

101 3171 192 3241 lnter
207 3181 318 3242 cetera
335 3181 443 3243 autem
461 3191 535 3243 cum
556 3193 613 3242 rex
629 3173 816 3242 antedictus
833 3169 982 3239 Eriurdie
1004 3189 1163 3259 perman·-

39 3268 147 3356 sissct,
175 3275 325 3342 accessit
342 3274 384 3342 ad
407 3291 481 3342 eum
510 3273 640 3342 advena
663 3272 795 3360 quidam
818 3277 996 3358 mercator,
1026 3289 1163 3356 gravem

39 3383 136 3437 coram
160 3389 203 3439 co
238 3371 280 3440 de
306 3373 450 3460 quodam
479 3375 553 3441 cive
575 3371 767 3441 Erlordensi
794 3369 1033 3456 querimoniam
1056 3369 1164 3458 depo-

39 3467 156 3559 nendo,
185 3470 304 3539 dicens
327 3471 416 3559 quod
441 3470 546 3540 cidem
574 3473 637 3539 civi
661 3468 826 3558 quandam
848 3485 1005 3535 summam
1035 3468 1165 3552 argenti

40 3569 197 3637 comiserit
212 3571 488 3660 conservandam,
505 3571 547 3638 ad
563 3569 651 3657 quod
672 3571 727 3637 ille
748 3568 830 3636 civis
847 3564 1005 3648 negando
1022 3583 1164 3653 respou-

41 3660 78 3729 dit
93 3667 183 3753 quod
200 3687 268 3736 ncn
289 3672 418 3738 noverit
437 3670 611 3737 bominem.
654 3667 723 3736 Rex
742 3683 821 3735 vcro
843 3665 1050 3732 coniecturas
1068 3663 1166 3732 laciei

41 3762 114 3832 civis
132 3767 353 3837 considerans
373 3771 435 3836 ait:
464 3767 537 3856 (irco
564 3785 649 3836 cusu
674 3765 851 3834 temerario
874 3765 935 3830 ore
961 3768 1126 3832 mercator
1144 3783 1167 3830 c

41 3863 65 3924 te
79 3879 143 3931 nort
159 3869 367 3934 commiscum
385 3873 594 3954 presumeret
615 3865 812 3952 postulare?
833 3861 933 3930 ·Civis
952 3862 1068 3932 iterum
1093 3881 1166 3931 oraru

41 3958 215 4032 iuramento
240 3965 399 4052 negando
417 3965 606 4055 respondit,
625 3965 715 4053 quod
734 3979 900 4048 nunquam
922 3959 1040 4030 viderit
1055 3963 1167 4030 bonni-

42 4074 107 4126 nem
132 4067 164 4129 et
189 4064 279 4151 quod
304 4065 366 4133 bec
388 4065 556 4154 postulare
579 4063 621 4131 ab
644 4081 685 4132 eo
708 4063 838 4132 absona
862 4065 994 4151 essent,
1020 4067 1053 4129 et
1076 4059 1166 4148 qrrod

43 4161 166 4229 omnino
183 4164 309 4231 ratione
326 4169 482 4232 carerent.
505 4163 653 4231 Tandem
678 4181 735 4230 rcx
756 4161 798 4230 ad
821 4157 1060 4228 crruoleandam
1079 4161 1167 4226 veri·

44 4259 130 4324 tatem
148 4269 181 4327 et
200 4262 355 4330 malitiam
376 4261 638 4330 convincendam
657 4263 759 4351 civis,
778 4258 878 4326 oculo
900 4273 960 4325 sue
980 4261 1071 4342 regie
1093 4275 1167 4324 ma-

933 4365 969 4416 9*
