2916 4834
409 278 545 326 annuens
565 279 799 328 conunauunsus.
1150 255 1170 319 5

66 437 112 531 pro
126 434 189 486 cm.
202 416 302 505 libris,
319 435 417 504 quam
432 421 539 484 tamen
558 435 625 486 nnn
645 415 793 504 tradidit,
817 435 877 506 pro
894 436 960 505 qua
975 423 1095 506 postea
1111 418 1166 488 diu
1186 430 1251 486 mcv
1342 499 1345 506 Ι

64 519 318 706 hugllvklcrrrrllrensv‘iii.
353 615 540 703 Episcopus
574 614 767 684 Basiliensis
799 616 1002 705 expugnavit
1031 614 1170 685 Hortin-

64 713 145 780 ierch
166 719 198 780 et
215 712 453 781 Bladcltzheim
476 731 541 800 que
564 720 642 781 tuno
664 719 759 782 erant
782 714 912 782 comitis
934 712 1076 782 Rudolti.
1112 714 1171 782 Fui

65 815 89 880 in
101 809 212 880 Urania
224 813 258 880 in
272 810 360 880 testo
374 811 533 880 Gordiani
548 817 582 880 ct
592 811 780 900 Epimachi,
796 811 916 882 cecidit
931 812 1033 880 risina
1049 831 1170 898 magna

17 909 18 930 ¹
63 927 147 997 prope
162 910 271 978 villam
283 906 397 979 Alteri
412 917 445 978 et
457 927 572 980 secum
586 910 679 980 duxit
691 909 834 998 lapidem
850 912 906 998 qui
919 910 1063 978 habebat
1079 909 1169 980 duc·

64 1008 149 1076 decim
166 1007 271 1096 pedes
295 1012 329 1078 in
347 1009 521 1078 latitudine
547 1015 580 1076 ct
603 1007 760 1077 tredecim
784 1010 818 1076 in
845 1008 1072 1098 longitudine,
1103 1027 1169 1096 que

62 1106 213 1174 ecclesiam
229 1113 264 1175 et
278 1108 398 1176 multos
415 1108 566 1177 homines
581 1125 668 1196 pene
686 1106 857 1176 deleverat
870 1124 943 1175 cum
960 1107 1168 1196 predicantc;

62 1211 169 1292 septem
183 1212 293 1274 autem
307 1223 426 1275 vaccas
447 1213 481 1275 et
495 1206 631 1276 arbores
647 1206 765 1274 multas
782 1204 980 1274 devastavit.
1005 1205 1170 1292 Magister

60 1301 223 1389 liudigerus
245 1309 436 1393 prepositus
460 1304 686 1394 Columbarie,
712 1306 762 1373 vir
779 1302 942 1372 facundus
967 1309 1001 1372 et
1021 1304 1169 1392 plurimis

60 1403 183 1470 scientiis
208 1403 377 1492 eruditus,
404 1422 477 1472 cum
500 1422 622 1490 magna
640 1403 886 1492 sollempnitate
912 1403 1049 1491 primam
1074 1419 1168 1471 suam

59 1503 168 1569 nissam
190 1502 381 1570 celebravit.

117 1599 338 1670 lt.cc.lx.viiii„
371 1601 490 1671 Comes
515 1598 677 1670 Rudclius
707 1599 750 1668 de
772 1599 982 1689 Habispurch
1010 1607 1044 1670 et
1075 1602 1167 1670 nives

60 1697 328 1768 columbarienses
346 1706 580 1788 expugnarunt
595 1704 738 1768 castmm
754 1697 987 1788 Richenstein,
1011 1705 1045 1768 et
1062 1718 1167 1788 cepe-

60 1795 207 1866 runtduos
226 1796 382 1867 dominos
397 1801 497 1868 castri
520 1799 627 1868 dictos
643 1797 788 1867 Gcselin.
814 1798 905 1866 Fecit
925 1803 959 1866 et
979 1800 1013 1866 in
1027 1799 1167 1885 Argen-

60 1896 110 1962 tina
134 1895 250 1965 milites
280 1897 402 1985 plures.
441 1897 628 1987 Episcopus
650 1897 849 1966 Basilicusis
882 1898 960 1988 emit
992 1915 1012 1965 a
1048 1898 1167 1965 comite

58 1991 183 2062 dottrido
208 2001 357 2082 cognato
387 2013 450 2065 suo
478 2014 537 2085 pro
568 1997 641 2065 cclx
665 1997 783 2064 marcis
812 2001 955 2064 castrum
979 1994 1167 2064 Biedertan.

57 2089 226 2161 Dedicatum
245 2100 301 2162 est
315 2097 551 2164 monasterium
570 2112 721 2165 sororum
740 2093 782 2162 de
800 2091 1018 2162 Columbaria.

112 2190 269 2260 linolnx.
296 2191 358 2261 Per
377 2194 544 2262 Basileam
565 2193 716 2263 transivit
735 2191 868 2280 quidam
889 2191 1094 2261 Stoclrilinus
1111 2194 1166 2279 qui

56 2286 224 2358 dicebatse
257 2308 336 2360 esse
359 2291 598 2383 Conradinum‚
631 2291 731 2362 tilium
759 2293 848 2378 regis
870 2288 1030 2379 Conradi,
1069 2309 1167 2378 quem

57 2384 172 2458 Carolus
191 2388 296 2458 irater
311 2392 400 2476 regis
417 2391 555 2464 Francie
580 2409 654 2460 curn
680 2390 784 2460 tribus
808 2389 976 2460 nobilibus
1000 2388 1079 2458 lecit
1101 2388 1166 2457 de-

56 2485 158 2556 collari.
184 2486 308 2556 Comes
324 2489 542 2560 Phirretarum
564 2491 651 2579 cepit
668 2488 802 2558 fratrem
826 2507 924 2558 suum
940 2488 1078 2556 alaterc
1097 2505 1165 2556 no-

13 2613 14 2648 t
55 2585 121 2652 nine
135 2586 343 2656 Grevelinum
354 2594 642 2676 etproouratcrem
654 2586 941 2657 suurnLuzardum
958 2585 1000 2654 de
1018 2585 1164 2673 Senhen,

55 2687 79 2748 et
96 2686 226 2754 extorsit
251 2685 366 2754 abeis
391 2704 543 2773 magnam
570 2687 756 2776 pecuniam.
789 2683 911 2754 Comes
931 2683 1092 2752 liudolfus
1122 2683 1164 2752 de

53 2777 204 2871 Habspuro
223 2789 259 2852 et
279 2783 383 2852 abbas
406 2787 515 2854 sancti
535 2785 618 2854 Galli
641 2785 817 2854 exereitum
842 2801 997 2869 magnum
1015 2800 1164 2868 congre-

53 2885 151 2962 gantes
178 2889 345 2951 venerunt
376 2885 410 2951 in
439 2883 648 2974 seckingen,
686 2891 721 2951 ut
754 2883 919 2952 civitatem
943 2881 1165 2949 Basiliensem

54 2977 135 3046 trihus
155 2979 276 3049 diebus
302 2981 510 3071 obsiderent3
536 2983 597 3052 sed
626 2983 756 3050 minime
784 2987 973 3069 potuerunt.
1022 2979 1166 3048 Domina

53 3079 160 3146 comitis
178 3073 342 3148 Gotsndi¹
355 3079 443 3150 testo
459 3081 650 3168 Margarete
665 3081 765 3148 irlium
779 3081 917 3168 peperit.
942 3077 1012 3147 Rex
1027 3079 1164 3148 Francis

52 3189 109 3240 cum
121 3175 183 3246 ilio
201 3195 302 3246 cruce
314 3179 438 3265 signati
457 3179 650 3268 imperfecto
667 3196 769 3268 opere
782 3179 817 3245 in
835 3178 938 3246 Tunis
960 3179 1081 3266 pariter
1099 3195 1165 3266 pe-

52 3271 163 3343 rierunt.
191 3275 300 3365 Caput
323 3279 429 3346 sancti
451 3277 577 3347 Pantali
597 3279 746 3368 episcopi
769 3277 982 3366 Basiliensis,
1016 3277 1071 3363 qui
1091 3295 1165 3344 eum

52 3378 147 3440 sancta
167 3373 288 3444 Ursule
312 3383 346 3444 et
371 3375 543 3446 sodalibus
571 3375 709 3446 Colonie
735 3374 795 3444 luit
816 3375 1021 3463 decollatus,
1058 3375 1164 3444 avim

51 3471 169 3552 provido
196 3479 297 3562 atque
321 3473 465 3544 discreto
489 3475 610 3544 abbate
624 3523 726 3545 .....
761 3475 794 3542 in
820 3473 987 3542 Basileam
1008 3472 1163 3561 delatum,

51 3564 82 3631 ab
101 3567 252 3641 Heinrico
277 3574 438 3662 episeopo
461 3573 637 3643 Basiliensi
671 3577 839 3661 receptum
867 3578 919 3640 est
944 3589 1017 3638 cum
1041 3587 1164 3655 magna

50 3671 222 3738 reverentia.
257 3670 421 3741 translati
445 3678 523 3742 sunt
543 3672 585 3742 ad
605 3672 721 3742 iratres
736 3671 979 3756 Friburgenses
1005 3668 1046 3738 de
1060 3668 1163 3737 Basi-

50 3759 207 3836 tiensilrus.·
239 3768 308 3838 Viri
333 3769 399 3840 duo
419 3771 568 3858 religiosi
581 3768 747 3840 Arnaldus
764 3773 797 3837 et
812 3768 996 3837 'tietmarus
1013 3768 1047 3836 in
1070 3765 1162 3836 ruiis

52 3865 146 3950 cappis
162 3873 327 3937 venerunt
347 3870 381 3937 in
399 3869 553 3940 Sneviam
572 3875 605 3938 et
624 3869 766 3958 quedam
783 3871 899 3936 contra
922 3865 1018 3936 tidem
1040 3867 1162 3936 ootho-

50 3955 126 4028 lieam
144 3963 361 4036 disserebant.

109 4058 286 4133 licelxxi.
326 4067 513 4157 Episcopus
537 4064 795 4153 Argentinensis
824 4071 857 4134 et
880 4067 1060 4155 episcopus
1090 4065 1160 4132 Ba-

51 4153 173 4228 sitiensis
197 4161 372 4233 Heinricus
398 4165 575 4236 ltlullmsan
601 4163 807 4236 obsedemnt
837 4181 898 4234 sex
929 4162 1047 4234 diebus
1074 4164 1160 4230 cirea

78 4272 101 4335 l)
117 4290 167 4330 vnn
185 4275 326 4348 Hababurg
343 4296 377 4333 zu
395 4279 573 4351 Lauienburg.
