2878 4834
544 208 550 216 “
597 205 768 252 otricum
790 203 1029 252 wontlturuustt.

301 344 346 404 tc.
368 341 499 404 Landclf
518 341 643 404 aarum
661 357 720 404 ron
734 341 856 404 Wcrms
877 339 1001 402 belehnt
1022 339 1078 402 aui
1097 295 1193 415 ewige
1214 342 1309 404 zaiteu
1328 340 1374 402 die
1425 361 1426 406 r

369 424 641 499 biirgergemainde
674 421 811 486 dasalbst
837 426 891 485 mit
920 422 974 484 der
995 425 1097 498 uogtei
1117 425 1150 483 in
1172 423 1372 484 Nonneumiin·
1425 463 1426 490 r

370 510 450 649 ffir,
467 507 640 650 ιῐζὲῑῐὲὴεῖἇῐ
661 522 720 568 ron
741 505 846 568 kaiser
857 505 1013 568 Friedrich
1024 503 1139 567 zurttck
1162 504 1298 568 erbalten
1315 507 1373 567 bat.
1425 503 1426 510 ’

319 725 506 796 Landollus
525 724 581 794 dei
598 727 710 812 gracia
731 725 992 794 Wormaciensis
1019 727 1211 814 episcopus.
1238 724 1372 792 Univer-
1425 763 1426 772 κ

250 827 298 894 sis
313 827 345 892 in
362 831 557 914 perpetuum
578 825 698 912 quibus
713 827 880 913 presentis
895 825 1009 912 scripti
1024 825 1143 892 seriem
1160 825 1280 894 intueri
1296 843 1374 892 corr·
1425 847 1426 905 i

248 926 360 1011 tigerit
382 925 535 993 volumus
558 942 636 992 esse
659 931 790 1014 notum,
810 923 901 1011 quod
923 931 1150 1012 recuperatam
1174 943 1235 1013 per
1258 941 1320 993 nos
1338 924 1374 992 ab
1425 967 1426 1004 r

248 1025 467 1094 invictissimo
486 1023 622 1092 domino
637 1023 804 1092 Friderioo
825 1021 1046 1092 Romanorum
1067 1025 1258 1112 imperatori
1275 1023 1374 1092 advo-

238 1125 369 1192 catiam
393 1124 428 1190 in
454 1122 748 1192 Nonnenmunster
776 1125 1006 1192 concessimus
1032 1125 1244 1194 universitati
1265 1124 1376 1190 ciuium

250 1223 540 1292 wormacensium
563 1221 757 1292 dilectorum
771 1228 960 1292 nostrorum
976 1222 1070 1290 titolo
1089 1221 1179 1292 leudi
1203 1241 1276 1292 cnm
1296 1224 1376 1291 omni

251 1325 321 1391 iure
342 1340 405 1392 suo
422 1323 455 1388 in
475 1327 669 1410 perpetuum
682 1319 933 1412 possidendam,
955 1321 1376 1392 consulibusaivitaasaau

253 1422 294 1490 de
318 1439 418 1488 manu
437 1427 553 1490 nostra
569 1422 794 1510 suscipientes
807 1423 841 1488 in
855 1420 958 1490 leudo
977 1423 1112 1492 nomine
1129 1423 1229 1494 totius
1247 1423 1376 1490 univcr-

254 1522 372 1589 sitatis.
389 1521 432 1588 Ut
449 1521 550 1605 igitur
573 1521 636 1588 heo
650 1529 764 1590 nostra
780 1522 957 1590 concessio
976 1521 1075 1588 robur
1092 1521 1243 1589 obtineat
1261 1539 1377 1610 perpe·
1425 1557 1426 1596 r

148 1699 149 1703 Ἰ
253 1627 311 1688 tuo
335 1619 527 1708 valiturum,
551 1637 614 1687 nos
636 1621 671 1687 in
697 1622 768 1688 eius
792 1621 1012 1688 testimonium
1034 1625 1068 1688 et
1092 1623 1282 1689 memoriam
1304 1638 1377 1708 prc-
1425 1657 1426 1676 1

255 1726 383 1788 sentem
402 1719 557 1806 paginam
574 1719 675 1804 sigilli
688 1721 791 1788 nostri
812 1721 991 1788 munimine
1011 1718 1164 1788 duximus
1181 1721 1380 1806 consignari·
1425 1755 1426 1799 r

255 1817 341 1886 dam.
368 1815 454 1886 Acta
471 1824 550 1884 sunt
564 1817 627 1885 hec
643 1835 731 1887 anno
757 1819 798 1886 ab
817 1819 1045 1886 incarnatione
1064 1817 1188 1888 domini
1207 1819 1378 1905 mccxlii,
1425 1855 1426 1898 2

254 1919 289 1986 in
303 1917 560 1986 annunciatione
581 1917 678 1986 beate
695 1917 800 1987 lilarie
820 1917 957 2004 uirginis
974 1919 1133 2004 gloriose.

306 2119 1378 2192 rmmmmmmmmfflmm

376 2211 497 2275 Worms
518 2209 567 2272 die
589 2210 737 2286 contigan,
750 2211 861 2287 bbrger
882 2226 948 2273 rom
968 2211 1115 2274 rbeiuzcll
1131 2211 1181 2273 bei
1193 2211 1377 2290 oppenheim.
1425 2251 1426 2296 ,

379 2294 422 2355 lm
441 2293 526 2370 lagcr
546 2293 596 2354 bei
616 2293 737 2356 Wcrms
762 2295 841 2356 1242
861 2293 916 2356 iuli
937 2296 987 2356 27.

332 2427 515 2519 ConraduS,
527 2429 593 2498 divi
607 2431 742 2516 augusti
750 2431 956 2518 imperatoris
966 2430 1119 2498 Friderioi
1128 2429 1228 2518 fitius,
1239 2429 1292 2499 dei
1308 2449 1379 2516 gra·
1425 2451 1426 2494 i

256 2531 308 2597 cia
329 2528 550 2597 Romanorum
569 2531 601 2596 in
620 2547 733 2615 regem
754 2531 902 2620 electus,
923 2547 1055 2618 semper
1073 2537 1250 2620 augasma,
1276 2548 1315 2598 ac
1329 2530 1380 2598 he·
1425 2551 1426 2568 r

257 2647 311 2697 res
328 2631 423 2715 regni
437 2628 635 2696 Jerusalem.
652 2628 825 2701 Universis
839 2629 968 2718 imperii
981 2628 1134 2697 fidelibus
1151 2635 1300 2697 tenorem
1311 2648 1379 2719 pre·
1425 2649 1426 2692 r

258 2729 400 2796 sentiam
423 2727 678 2816 inspicientibus
704 2730 849 2814 graciam
875 2747 968 2798 suam
995 2735 1027 2796 et
1052 2745 1149 2796 omne
1173 2727 1306 2796 bonum.
1336 2725 1378 2795 rid
1425 2745 1426 2792 r

257 2829 486 2895 uniuersomm
504 2828 659 2894 noticiam
679 2827 831 2895 volumus
849 2828 1042 2920 pervenire,
1071 2826 1161 2914 quod
1180 2827 1378 2896 attendentes

259 2925 382 2994 devota
408 2928 548 2994 servicia
575 2926 773 2994 multociens
799 2929 883 3014 patri
907 2934 1023 2996 nostro
1049 2933 1081 2996 et
1105 2927 1204 2995 nobis
1223 2945 1282 3015 per
1300 2929 1378 2995 cives

258 3024 525 3092 Wormatierrses
551 3024 667 3093 fideles
692 3032 827 3095 nostros
853 3027 1015 3116 exhibita,
1047 3023 1173 3094 eisdem
1199 3027 1322 3094 civibus
1345 3025 1379 3092 de

258 3123 466 3212 plenitudine
493 3124 625 3192 consilii
651 3127 772 3215 nostri,
799 3125 841 3194 ad
865 3142 984 3214 preces
1013 3125 1213 3194 venerabilis
1237 3127 1378 3213 principis

259 3223 297 3292 L.
319 3221 573 3290 Wormatiensis
599 3225 767 3314 episcopi,
794 3224 901 3293 fidelis
921 3226 1043 3315 nostri,
1063 3223 1104 3292 de
1123 3225 1262 3313 speciali
1278 3225 1377 3293 lavore

261 3327 375 3391 nostre
406 3323 519 3408 gracie
544 3321 758 3408 indulgemus
766 3377 775 3413 ,
809 3331 845 3392 ut
871 3325 936 3412 ipsi
962 3325 1055 3392 cives
1084 3323 1378 3392 Wcrmationscsa

260 3422 420 3490 theloneo
446 3427 638 3510 nuncupato
664 3423 845 3508 vulgariter
874 3423 1000 3509 capeti,
1027 3422 1118 3510 quod
1142 3421 1231 3510 apud
1258 3421 1378 3511 Opper-

261 3521 349 3588 lreim
377 3521 419 3588 ab
454 3522 504 3588 eis
538 3520 712 3614 bucusque
747 3523 850 3611 recipi
881 3521 1013 3590 solebat
1042 3523 1075 3588 iu
1106 3520 1216 3611 Reno,
1255 3525 1317 3590 sint
1345 3519 1378 3586 de

264 3626 376 3688 cetero
402 3619 555 3688 absoluti.
586 3619 654 3688 Sub
679 3620 818 3689 obtentu
845 3623 958 3708 gracie
982 3620 1102 3709 prefati
1121 3620 1246 3689 domini
1269 3639 1307 3688 ac
1328 3638 1378 3708 pa·

263 3720 320 3786 tris
339 3721 443 3787 nostri
470 3725 504 3787 et
520 3726 634 3788 nostre
652 3719 786 3788 firmiter
804 3721 1008 3808 inhibentes,
1036 3738 1078 3787 ne
1098 3721 1172 3808 quis
1190 3720 1265 3788 lruio
1285 3720 1378 3806 gracie

265 3835 302 3885 se
327 3824 484 3904 opponat.

340 3916 459 3984 'testes
470 3939 475 3982 :
486 3917 788 3986 lchrmatiensis
799 3920 991 4008 episcopus.
1007 3908 1233 4004 lilarograrius
1245 3913 1378 3985 dellom-

266 4013 358 4098 barg.
393 4014 428 4080 G.
447 4015 489 4083 de
511 4014 709 4085 Hohiulooh.
746 4015 846 4086 Crailt
870 4016 911 4085 de
930 4017 1115 4106 Boxsperg.
1143 4011 1379 4085 Wolveratlrde

268 4112 437 4180 Cricheim.
473 4113 646 4182 Corradus
674 4116 716 4184 de
743 4115 916 4184 Smidcielt
935 4114 1063 4205 dapifer
1080 4123 1204 4184 noster.
1233 4115 1380 4201 Philippos

269 4211 310 4278 de
338 4209 524 4278 Hclriniels.
559 4214 729 4302 Philippus
755 4215 796 4283 de
828 4215 1056 4284 Vallenstoin.
1093 4215 1267 4284 Conradus
1294 4213 1381 4282 dictus
