2884 4834
286 211 356 282 tre
658 236 786 283 annates
808 236 1041 284 woaurrmnsus.

204 398 270 460 lasa
290 379 404 447 stituta
428 391 573 463 unquam
603 376 856 464 inperpetuum
884 393 985 470 super
1014 373 1136 442 talibus
1169 376 1322 461 negociis
1351 394 1408 464 que

283 481 426 564 tangunt
456 476 706 562 inquisitionem
737 474 954 542 hereticorum
987 474 1118 542 firmiter
1147 473 1405 542 observarentur.

282 573 476 645 Affirmabat
493 575 596 642 aelam
614 573 767 643 dominus
780 591 878 663 papa,
894 590 1010 642 omnes
1025 573 1165 641 elericos
1185 590 1265 641 esse
1283 574 1405 661 irregu-

281 676 369 744 lares
389 673 538 762 quilinio
556 672 644 741 laeto
662 670 881 740 interluerunt
904 678 1149 740 consenserunt
1170 671 1227 740 vel
1252 671 1404 740 videmnt.

281 773 323 844 Et
348 774 398 841 sio
416 771 528 840 divino
548 771 670 840 auxilio
688 771 827 838 liberata
853 776 904 839 est
921 771 1108 839 Theutonia
1133 770 1176 838 alr
1202 772 1272 839 isto
1295 770 1405 839 iudicio

283 873 408 942 enormi
434 877 468 940 et
490 869 649 938 inaudito.
685 867 816 950 Quanta
842 871 928 938 enim
950 877 1016 937 tam
1041 871 1075 937 in
1099 869 1294 938 Wormaoia
1319 889 1405 957 quam

282 971 359 1040 olibi
387 987 447 1060 per
469 971 564 1058 ipsos
590 967 709 1037 luerint
732 973 921 1056 perpetrata
944 970 1000 1036 vix
1025 967 1168 1037 deseribi
1192 974 1337 1058 possent
1359 976 1406 1038 aot

282 1070 487 1138 dinumerari.
800 1073 802 1078 '

355 1167 454 1238 ¹Anno
481 1166 605 1235 domini
630 1167 845 1235 m.oo.xxx.iii.
870 1172 948 1234 tuno
979 1167 1084 1254 primo
1107 1167 1234 1254 inoepit
1262 1165 1403 1236 dominns

282 1265 461 1336 Heinrious
484 1264 705 1334 Romanorum
732 1283 792 1332 rex
809 1269 843 1332 et
860 1264 929 1332 dux
948 1263 1070 1332 Suevie
1088 1283 1263 1354 opponere
1283 1283 1320 1334 se
1337 1267 1403 1334 totis

282 1366 408 1436 viribus
436 1365 572 1434 domino
590 1365 675 1453 patri
694 1381 757 1434 suo
781 1363 949 1432 Fridarieo
966 1363 1187 1433 Romanorum
1208 1365 1401 1454 imperatori,

266 1464 489 1533 ‘iherusalem
509 1469 542 1531 et
561 1463 671 1531 Sieilie
690 1464 770 1549 regi.
793 1460 986 1531 Odenderat
1003 1463 1089 1530 enirn
1107 1465 1141 1531 in
1159 1464 1273 1531 multis
1291 1470 1402 1552 patrem

283 1581 378 1632 suum
388 1616 398 1653 ‚
423 1564 507 1630 etin
531 1561 594 1630 hoo
620 1563 759 1630 maxime
778 1561 869 1649 quod
886 1558 1127 1630 nobilissimam
1144 1568 1329 1632 matronam
1346 1561 1401 1630 do-

282 1664 403 1730 minam
420 1661 662 1746 Margaretham
682 1662 859 1746 coniugem
877 1679 988 1751 suarm,
1012 1661 1147 1729 illustris
1166 1660 1266 1730 duois
1283 1658 1402 1730 Austrie

283 1759 396 1849 liliam,
416 1759 572 1828 deserere
591 1760 712 1849 voluit,
743 1765 777 1828 et
795 1759 858 1828 sibi
876 1777 1048 1828 assumere
1068 1777 1216 1828 sororem
1234 1761 1328 1846 regis
1344 1760 1401 1828 Bo·

282 1859 399 1928 hemie.
426 1859 545 1927 Timuit
563 1876 644 1945 ergo
662 1863 789 1946 patrem
806 1860 841 1926 in
858 1859 967 1927 multis
986 1877 1051 1946 que
1069 1857 1213 1949 leserat,
1233 1865 1271 1927 et
1288 1858 1402 1927 seiehat

283 1977 357 2028 eam
377 1976 415 2026 se
433 1976 607 2045 gravasse.
641 1957 683 2026 Et
699 1956 776 2026 ideo
793 1958 911 2026 institit
928 1975 986 2025 rex
1005 1957 1157 2025 omnibus
1175 1957 1289 2027 modis
1307 1957 1400 2046 qual-

280 2063 331 2128 ter
348 2058 535 2145 imperatori
554 2058 639 2124 viam
653 2055 864 2142 ingrediendi
877 2055 1095 2125 Tlreutoniam
1107 2057 1329 2144 praeluderet.
1344 2055 1400 2124 ns-

282 2157 422 2244 sumptis
449 2157 519 2223 suis
546 2155 742 2224 consiliariis
767 2161 800 2224 et
824 2173 938 2223 eorum
956 2173 1056 2244 super
1079 2155 1144 2223 hoo
1167 2173 1253 2224 usus
1273 2155 1399 2224 oonsilio

281 2255 447 2344 posoelrat
465 2253 602 2322 obsides
620 2273 640 2321 a
658 2255 729 2322 suis
748 2254 955 2342 civitatibus,
974 2261 1011 2322 ut
1027 2253 1160 2342 perhoe
1174 2255 1240 2322 sibi
1256 2256 1400 2322 resistere

282 2360 317 2422 et
333 2355 416 2442 patri
433 2353 594 2421 adherere
617 2371 683 2421 non
701 2359 853 2442 possent.
878 2352 952 2422 Dati
968 2354 1205 2441 sunteiitaque
1220 2352 1355 2422 obsides
1366 2351 1399 2419 al
1426 2357 1427 2393 r

282 2452 447 2540 adquibus
463 2452 661 2520 eivitatibus.

356 2551 447 2619 Misit
464 2552 568 2619 eoiam
585 2569 646 2639 pro
666 2550 793 2618 oivibus
813 2550 1135 2642 wormaciensibus,
1151 2557 1184 2618 et
1201 2552 1320 2621 institit
1336 2568 1397 2618 eun

283 2650 436 2720 omnibus
461 2650 589 2741 modis,
613 2656 649 2718 ut
666 2649 729 2718 sibi
751 2648 862 2718 denuo
887 2651 1033 2718 iurarent
1049 2655 1081 2718 et
1106 2668 1182 2718 eum
1205 2652 1355 2721 iuvarent
1372 2655 1397 2714 et
1425 2635 1426 2675 ¹

283 2751 380 2819 etium
399 2757 548 2818 astarent
560 2756 673 2818 eontra
690 2749 868 2835 quemlibet
881 2749 1045 2817 hominem
1060 2749 1236 2817 viventem.
1255 2748 1309 2819 Ad
1321 2745 1394 2837 quod

200 2933 202 2937 ¹
282 2850 375 2921 dives
393 2849 588 2916 unanimiter
605 2846 868 2937 responderunt,
886 2847 1083 2936 prolitentes
1103 2865 1140 2916 se
1153 2849 1219 2936 ipsi
1235 2851 1269 2919 ei
1282 2850 1394 2916 iurasse
1424 2895 1425 2938 p

283 2949 371 3015 siout
386 2965 448 3016 suo
466 2949 537 3033 regi
552 2953 585 3014 et
601 2946 752 3034 domino,
772 2953 805 3014 et
825 2945 915 3034 quod
933 2948 1024 3014 nullo
1041 2945 1141 3014 modo
1160 2947 1224 3015 sibi
1245 2945 1332 3015 aliud
1351 2946 1393 3012 iu·
1424 2939 1425 2957 ¹

282 3050 464 3112 ramentum
484 3046 608 3114 vellent
631 3063 741 3133 neque
768 3044 928 3113 deberent
953 3046 1078 3134 lacere,
1097 3047 1162 3112 nisi
1179 3045 1394 3134 prenominato

283 3145 317 3210 in
335 3143 399 3212 hoo
415 3149 508 3232 patre
531 3162 593 3213 suo
614 3143 748 3212 domino
766 3145 980 3233 imperatore,
1000 3161 1098 3231 quem
1118 3161 1328 3239 nequaquam
1344 3160 1393 3209 er·
1423 3209 1424 3239 ἢ

284 3241 458 3310 eluderent
476 3245 550 3331 ipso
567 3245 709 3311 vivente.
734 3240 788 3312 Ad
807 3242 898 3330 quod
920 3261 979 3310 rex
998 3242 1187 3331 respondit,
1208 3242 1299 3331 quod
1315 3257 1392 3309 men-

283 3343 408 3410 tionem
425 3341 549 3410 domini
567 3349 600 3410 et
616 3343 719 3431 patris
738 3343 790 3410 sui
805 3342 839 3408 in
853 3341 918 3410 hoe
932 3342 1114 3410 iuramento
1128 3359 1195 3410 non
1216 3341 1392 3411 admitteret.

284 3440 383 3510 Cives
408 3459 489 3509 vero
514 3448 668 3528 respeotu
692 3440 823 3508 iustieie
843 3445 875 3508 et
892 3441 995 3508 eeiam
1014 3439 1204 3509 dilectionis
1225 3459 1320 3530 qurum
1340 3439 1390 3505 ha·
1422 3503 1423 3521 p

283 3539 407 3608 bebant
422 3539 464 3608 ad
488 3539 653 3609 dominum
671 3541 902 3628 imperatorem
918 3541 1026 3628 ipsum
1043 3537 1222 3608 exoludere
1241 3537 1389 3608 nolebam.

357 3639 479 3708 Postea
505 3641 615 3706 statim
638 3640 731 3706 venit
757 3637 911 3705 dominus
936 3656 994 3706 rex
1019 3637 1109 3726 apud
1131 3637 1346 3706 Wormaoiam
1366 3639 1391 3698 et

283 3737 398 3804 iterum
417 3737 670 3824 diligentissime
689 3738 891 3805 oommonuit
909 3738 1000 3805 oives
1018 3737 1129 3806 multis
1147 3737 1246 3805 bonis
1262 3735 1390 3826 promis·
1421 3761 1422 3803 l

284 3835 452 3926 sionibus,
472 3843 506 3904 et
523 3837 629 3904 eoiam
646 3835 822 3904 inoludens
842 3837 890 3904 eis
911 3837 1018 3906 minas
1038 3841 1072 3904 et
1089 3840 1242 3904 terrores.
1269 3832 1331 3904 Sed
1347 3839 1388 3898 ta-

284 3950 360 3999 mon
393 3935 435 4000 ab
469 3950 582 4003 eorum
611 3935 785 4023 proposito
817 3951 878 4004 eos
911 3933 1042 4002 minime
1068 3951 1239 4002 removere
1268 3929 1389 4002 valebat.
1420 3997 1421 4026 ᾗ

283 4029 385 4097 Erant
409 4033 513 4103 eniam
539 4035 629 4102 aives
657 4033 833 4122 spirenses
859 4051 932 4102 oum
957 4031 1265 4101 Wormaoiensibus
1286 4034 1317 4098 in
1340 4028 1389 4094 hoo
1420 4027 1421 4085 l

284 4127 420 4197 artioulo
444 4129 644 4216 aliquamdiu
668 4137 808 4200 stantes,
857 4131 925 4200 Sed
951 4135 985 4200 in
1009 4131 1102 4199 brevi
1134 4149 1193 4219 per
1218 4132 1387 4219 episcopan

285 4244 398 4294 eorunm
425 4226 591 4294 dominum
618 4229 806 4298 Conradum
836 4228 957 4299 dietum
990 4229 1032 4298 de
1062 4229 1155 4298 Thon
1187 4229 1315 4298 tandem
1342 4240 1388 4292 se·

1414 4719 1418 4791 l
