2878 4834
294 249 366 319 210
668 277 795 322 maanus
815 275 1052 322 wouuarrmsrs.

293 415 491 487 Malesbacb
506 413 650 483 cundem
666 413 799 482 durium
821 414 928 482 intluit
943 432 1051 501 usque
1067 412 1110 482 ad
1129 416 1194 482 iam
1214 412 1336 482 dictam
1353 415 1421 482 Fri-

293 515 555 606 souen-Spiram
575 513 783 603 provideant.
816 515 969 582 Preterea
990 512 1032 580 de
1059 513 1168 582 media
1189 521 1285 601 parte
1303 514 1418 582 blunt-

292 617 442 686 zcnheim
467 631 577 702 usque
596 613 640 681 ad
657 613 830 682 Dieuheim
848 621 913 682 mm
929 613 962 680 bi
985 630 1082 700 quam
1103 631 1222 680 omnes
1244 613 1330 681 iutra
1353 632 1419 680 am-

291 716 394 784 bitum
407 712 632 803 predictorum
646 711 820 781 tluviorum
837 720 870 780 et
892 713 1044 780 villarum
1059 712 1266 780 habitatores
1283 712 1419 781 eandem

292 816 460 883 civitatem
483 831 557 881 cum
583 812 842 902 propugnaculis
864 818 898 879 et
924 811 1079 879 omuibus
1105 814 1308 881 necessariis
1327 819 1419 901 prout

292 915 450 1002 temporis
466 913 561 980 locus
577 913 727 997 exegerit
745 913 956 978 incessanter
972 905 1149 978 insistant¹

365 1012 418 1080 Dc
435 1011 545 1096 officio
562 1012 752 1077 camerarii.
779 1010 986 1078 Camerarius
1011 1009 1134 1078 domini
1160 1009 1417 1078 Wormaciensis

290 1110 490 1203 possidebat
515 1111 575 1178 tria
599 1109 723 1198 placita
749 1127 851 1198 super
877 1112 982 1199 curia,
1018 1109 1107 1196 quod
1127 1109 1248 1177 dicitur
1271 1111 1358 1196 drop.
1383 1111 1417 1177 Et

291 1211 464 1302 quodlibet
488 1211 643 1299 placitum
670 1210 821 1296 sequitur
843 1207 932 1276 aliud
960 1213 1039 1296 post
1065 1209 1320 1296 quatuordeeim
1352 1209 1416 1277 dies

292 1310 382 1399 quod
408 1316 548 1379 vocatur
569 1307 760 1395 unpebodoo
782 1308 867 1393 drap.
905 1307 965 1376 Est
992 1313 1102 1375 autem
1126 1325 1239 1376 eorum
1265 1311 1416 1377 terminus

291 1408 372 1477 lenia
389 1411 489 1477 tercia
506 1409 610 1498 prima
625 1414 703 1496 post
719 1407 928 1496 epiphaniam
951 1405 1074 1474 domini
1082 1460 1092 1497 ‚
1111 1410 1189 1474 item
1211 1406 1296 1476 leria
1321 1409 1415 1476 tercia

291 1510 395 1596 prima
410 1515 489 1596 post
506 1515 658 1576 octavam
672 1506 809 1596 pasche,
827 1507 907 1572 item
923 1507 1025 1594 prima
1040 1505 1123 1575 scria
1141 1508 1244 1575 tercia
1264 1513 1346 1594 post
1362 1526 1415 1575 na·

291 1608 451 1675 tivitatem
468 1607 631 1675 Jehannis
647 1606 800 1694 baptiste.
818 1602 871 1672 Ad
886 1606 951 1672 ista
965 1605 1086 1693 placita
1100 1607 1206 1695 prima
1222 1612 1255 1674 et
1273 1623 1415 1694 sequen-

290 1708 336 1774 tia
360 1706 522 1795 parabunt
544 1705 590 1772 illi
614 1704 761 1772 sedecim
780 1705 876 1772 iurati
892 1703 1123 1790 heimburgere
1147 1705 1249 1773 sedes
1272 1706 1307 1773 iu
1334 1708 1415 1774 curia

291 1807 471 1875 camerario
493 1805 636 1874 sculteto
656 1803 822 1872 iudicibus
844 1809 877 1870 et
904 1803 1051 1871 scabinis
1072 1803 1218 1894 desuper
1237 1803 1415 1873 residenti-

290 1903 364 1973 bus.
389 1905 430 1973 Et
445 1904 582 1992 quilibet
599 1921 713 1972 eorum
727 1902 863 1970 habebit
877 1901 1029 1970 baculum
1047 1905 1081 1971 in
1101 1921 1200 1972 manu
1220 1922 1294 1972 sua.
1321 1905 1363 1972 Et
1380 1905 1414 1972 ad

289 2005 584 2091 interrogationem
604 2002 727 2071 domini
746 2003 916 2070 camerarii
937 2002 999 2070 sub
1024 2001 1136 2071 debito
1156 2004 1336 2071 iuramenti
1361 2022 1414 2072 ae-

288 2105 453 2171 cusabunt
468 2102 624 2191 quioquid
642 2102 795 2171 noverint
812 2119 890 2168 esse
906 2107 1021 2169 contra
1039 2103 1201 2170 iusticiam
1220 2109 1253 2171 et
1268 2105 1413 2171 nocivum

289 2203 412 2270 civitati
427 2204 461 2269 in
476 2203 560 2269 vicis
580 2206 613 2269 et
630 2201 761 2290 plateis.
789 2201 936 2268 Tenetur
956 2202 1059 2268 eciam
1081 2204 1283 2270 camerarius
1300 2221 1342 2270 ea
1360 2202 1413 2270 de·

288 2318 415 2389 ponere
430 2306 463 2368 et
478 2300 626 2368 iudicare
642 2301 727 2368 intra
738 2305 804 2368 tres
820 2299 1008 2386 quindenas
1025 2304 1193 2369 sententia
1207 2301 1413 2370 scabinorum

289 2417 354 2486 quc
369 2417 430 2488 per
444 2401 539 2488 ipsos
556 2399 704 2467 sedecim
726 2399 790 2466 sibi
807 2397 929 2466 luerint
949 2399 1141 2468 accusando
1156 2401 1337 2489 publicata.
1364 2401 1412 2467 ln-

289 2517 391 2588 super
415 2517 531 2568 omncs
555 2501 643 2567 curie
668 2500 856 2566 incivitate
880 2497 1034 2588 vendite,
1055 2517 1120 2586 que
1145 2507 1224 2568 sunt
1240 2501 1412 2568 censuales

288 2616 434 2688 camere,
466 2597 589 2666 debent
613 2597 658 2665 ibi
689 2599 790 2686 recipi
815 2616 835 2665 a
858 2599 1038 2665 camerario
1066 2599 1210 2668 sculteto
1236 2606 1270 2667 et
1292 2601 1411 2667 comite.

287 2695 397 2765 Habet
412 2699 516 2766 eciam
532 2698 729 2765 camerarius
747 2695 890 2786 deiero,
910 2696 1001 2784 quod
1020 2696 1118 2765 Judei
1138 2717 1157 2766 a
1175 2699 1267 2766 nullo
1291 2701 1355 2766 nisi
1376 2698 1410 2765 de

286 2797 361 2885 ipso
380 2797 435 2865 vel
452 2798 524 2865 eius
539 2798 660 2865 nuncio
677 2795 720 2863 ad
734 2795 889 2864 iudicium
906 2795 1030 2863 domini
1049 2798 1201 2885 episcopi
1216 2799 1352 2885 possint
1370 2800 1409 2864 ri·

288 2897 358 2963 tari.
384 2895 475 2964 ldem
493 2896 693 2965 camerarius
709 2895 893 2963 reservabit
906 2894 1036 2963 Judeos
1051 2896 1126 2964 illos
1140 2898 1174 2964 in
1189 2915 1251 2966 sua
1264 2896 1410 2965 custodia

287 2995 343 3081 qui
362 2997 517 3064 conventi
540 2995 661 3062 luerint
686 3013 745 3082 per
767 2993 922 3061 iudicium
946 2999 978 3062 et
996 3011 1063 3062 non
1080 3001 1261 3083 potuerunt
1280 2995 1409 3064 fideius-

287 3110 384 3161 sores
408 3095 463 3162 vel
488 3095 676 3162 cautionem
695 3092 913 3160 sufficientem
930 3093 1064 3160 babere.
1101 3095 1141 3162 ut
1158 3097 1244 3164 tales
1263 3114 1336 3164 cum
1355 3094 1409 3162 sibi

286 3195 470 3280 presentati
493 3193 630 3282 luerint,
656 3193 821 3280 completo
847 3190 971 3260 iudicio
994 3193 1050 3260 vel
1068 3191 1156 3260 lacta
1175 3197 1409 3284 compositione
1435 3201 1436 3208 ’

190 3291 193 3300 “
287 3309 360 3359 cum
379 3300 505 3382 actore,
525 3293 703 3360 camerario
722 3296 789 3358 tres
808 3292 1068 3358 wormacienses
1087 3292 1215 3361 solidos
1232 3296 1373 3362 solvent.

359 3392 410 3458 De
434 3394 561 3478 criptae
586 3393 849 3458 camerariorum
873 3389 1162 3458 Wormcer'cosr'am
1177 3395 1232 3478 qcr'
1251 3411 1337 3460 acce
1353 3409 1406 3458 rto-
1434 3433 1435 3488 q

285 3489 365 3557 biles
378 3491 419 3558 dc
438 3490 588 3576 Dolborq
601 3494 772 3557 cocorrtrrr.
800 3489 980 3576 Supremas
1003 3490 1183 3576 aliquando
1206 3494 1240 3560 in
1254 3491 1316 3560 hac
1334 3489 1406 3558 urbe

285 3589 385 3657 iudex
402 3591 601 3658 camerarius
618 3588 694 3676 luit,
715 3590 770 3675 qui
789 3585 931 3673 singulis
952 3589 1065 3678 annis,
1085 3596 1205 3677 postea
1224 3609 1319 3678 quam
1336 3590 1405 3657 iuris

285 3681 410 3775 aliquid
428 3691 461 3756 iu
480 3691 570 3757 cives
590 3689 739 3776 episcopi
758 3687 822 3754 sibi
844 3704 1000 3772 arrogare
1019 3696 1187 3778 ceperunt,
1207 3693 1266 3758 tria
1284 3689 1404 3770 iudicia,

286 3805 350 3873 quo
369 3794 435 3854 tum
453 3789 517 3856 illis
536 3787 741 3876 temporibus
760 3787 882 3874 placita
899 3785 1081 3876 vocabant,
1101 3789 1134 3854 in
1154 3790 1335 3878 episcopali
1348 3805 1405 3852 eu-
1433 3777 1434 3790 ’

286 3886 333 3951 ria
351 3887 536 3956 exercebat.
564 3889 601 3955 ln
619 3887 768 3954 ianuario
787 3903 887 3952 unum
897 3937 907 3974 ,
925 3885 958 3950 in
978 3886 1071 3973 aprili
1090 3888 1226 3955 alterum
1236 3942 1245 3976 ‚
1270 3891 1304 3955 in
1322 3886 1403 3954 iunio

285 3985 437 4074 tercium,
456 3983 578 4055 iudicio
600 3986 676 4053 huic
697 3985 876 4052 camerario
902 3990 1033 4072 pretore
1059 3993 1092 4052 et
1113 3985 1278 4055 iudicibus
1303 3985 1403 4074 presi·

285 4080 450 4150 dentibus.
476 4083 693 4173 Apparitores
721 4083 886 4170 sedecim,
906 4100 992 4170 quos
1018 4083 1244 4171 heimburgios
1264 4083 1402 4174 appella·

284 4180 380 4269 bant,
405 4189 518 4268 presto
544 4191 645 4250 erant.
672 4182 825 4250 Judicum
845 4182 981 4268 quilibet
1002 4182 1153 4252 baculum
1177 4191 1403 4253 manutenens

320 4292 349 4355 l)
370 4288 514 4356 vergl.den
530 4298 613 4343 etwas
625 4289 836 4343 abweiebenden
850 4287 970 4343 abdruck
986 4290 1229 4376 inScbannatHist.
1243 4292 1400 4346 Wormdtl.
