2886 4834
369 243 531 291 canonicor
553 243 760 292 ociummrnmsr.
1090 217 1131 284 81

32 392 194 475 adpareret,
221 384 321 452 vellet
347 403 440 474 eum,
474 392 510 452 ut
532 381 732 452 Arelatense
759 401 897 471 regnum
914 389 1137 472 recuperaret,

33 506 86 553 cum
101 485 230 574 propria
253 501 400 571 persona
426 491 499 551 cum
523 483 712 552 bominibus
738 502 812 551 cum
835 485 978 572 pecunia
998 483 1139 552 lidcliter

32 585 173 652 adiuvare.
199 581 348 660 Audiens
365 582 429 652 bec
446 601 505 650 rex
521 581 741 650 Romanorum
760 584 910 672 gavisus,
928 585 1000 669 regi
1017 580 1138 671 Anglie

33 682 178 752 mandavit
195 681 285 768 quod
303 700 378 749 cum
394 683 498 750 vellet
515 681 656 750 iidcliter
673 680 840 751 adiuvare.
874 683 1016 770 Insuper
1040 701 1139 751 mam-

33 783 102 850 davit
123 780 214 868 quod
235 781 386 848 homines
413 781 534 849 multos
562 781 685 849 babere
703 787 824 869 posset
852 783 880 848 si
907 782 956 849 eis
983 783 1141 850 victualia

33 883 217 948 ministraret.
252 879 345 947 Tunc
363 899 422 948 rex
437 877 559 966 Anglie
577 882 666 947 misit
682 882 753 967 regi
769 879 990 948 Romanorum
1008 877 1142 968 triginta

34 980 111 1047 millia
134 996 313 1046 marcarum
322 1033 332 1070 ‚
363 987 400 1046 ut
423 979 532 1068 retulit
550 980 605 1066 qui
622 978 704 1048 vidit
710 1031 720 1068 ‚
749 986 785 1046 ut
802 979 991 1048 bominibus
1010 983 1141 1048 armatis

34 1079 203 1147 neccssaria
212 1079 420 1146 ministraret.
436 1075 522 1145 Acta
540 1084 618 1145 sunt
635 1077 699 1146 bec
716 1095 804 1146 anno
817 1077 940 1147 domini
954 1081 1143 1147 m.cc.xc.vi.

88 1177 131 1245 Eo
151 1183 301 1264 tempore
325 1196 384 1244 rex
402 1177 538 1245 Francie
564 1179 718 1245 comitem
735 1177 912 1246 Brabamlie
929 1171 941 1214 ²
959 1184 993 1246 ct
1010 1184 1143 1247 ceteros

35 1275 181 1343 adiutores
215 1278 305 1362 regis
340 1274 463 1362 Anglie
491 1293 551 1364 pro
585 1277 709 1344 viribus
735 1277 941 1365 impugnavit
967 1283 1000 1344 et
1022 1295 1144 1364 magna

35 1367 179 1462 lampma²
206 1377 278 1444 suis
304 1375 413 1443 intulit
437 1376 586 1442 inimicis.
620 1375 860 1464 veneruntque
886 1375 965 1444 nudi
989 1376 1144 1445 bubones

36 1481 59 1540 et
72 1491 162 1559 agros
180 1474 272 1542 bone
290 1475 472 1542 seminatos
491 1481 682 1542 everterunt
704 1482 738 1542 cl
756 1477 882 1544 semina
901 1476 1144 1565 destruxerunt,

36 1577 60 1641 ct
73 1589 124 1642 cos
140 1580 280 1661 propter
305 1589 418 1640 corum
442 1573 682 1641 multitudinem
701 1574 811 1641 nullus
829 1581 960 1663 poterat
976 1575 1146 1663 impedire.

89 1669 215 1740 Auditis
233 1671 286 1738 his
303 1691 363 1740 rex
377 1670 499 1759 Anglie
517 1672 742 1740 transfretavit
759 1681 792 1742 et
809 1674 851 1742 ad
870 1680 981 1762 partes
998 1681 1143 1764 nostras,
1166 1685 1229 1740 taor

37 1769 60 1836 id
74 1775 118 1837 cst
132 1772 165 1837 im
181 1770 414 1860 Brabamliam,
440 1771 483 1839 ad
507 1769 729 1840 adiuvandum
753 1791 834 1840 suos
853 1773 1023 1842 adiutores
1040 1776 1075 1841 in
1093 1773 1146 1842 die

37 1869 248 1938 decollationis
266 1872 373 1937 sancti
390 1869 554 1938 lobannis
574 1871 718 1958 baptiste
739 1867 833 1960 [aug.
853 1870 918 1964 29]
954 1889 1027 1940 cum
1046 1874 1148 1959 quin-

39 1969 125 2052 gentis
142 1969 288 2037 mavibus
306 1971 436 2056 magmis
461 1976 494 2038 et
512 1987 573 2037 sex
591 1969 733 2038 millibus
752 1971 886 2038 militum
904 1973 1054 2038 noscitur
1070 1990 1148 2060 per-

39 2067 159 2134 venisse.
210 2069 301 2135 Tulit
331 2076 366 2136 et
389 2069 565 2156 pecuniam
599 2071 709 2136 multis
743 2067 932 2138 bominibus
966 2071 1148 2158 copiosam.

41 2164 108 2232 l'mlit
130 2167 216 2234 eninr
244 2185 358 2234 secum
383 2172 513 2256 septem
538 2167 637 2236 millia
668 2168 822 2238 librarum
849 2169 991 2256 singulis
1026 2168 1147 2237 diebus

39 2266 160 2352 quinque
179 2268 279 2334 annis
298 2268 457 2334 exercitui
474 2267 731 2336 ministrandam.

95 2363 238 2452 Cumque
264 2383 323 2433 rex
348 2365 570 2434 Romamcmrm
587 2369 762 2454 pecuniam
789 2368 879 2452 regis
898 2363 1019 2454 Anglic
1047 2385 1149 2436 acce·

39 2462 138 2551 pisset,
165 2465 256 2531 misit
281 2463 323 2532 dc
341 2463 471 2533 Alsatia
495 2466 529 2532 im
547 2459 747 2534 civitatem³
770 2465 890 2534 milites
915 2468 1040 2554 probos
1049 2521 1057 2556 ‚
1094 2469 1150 2554 qui

11 2557 13 2586 ¹
41 2558 215 2630 Gallicorum
242 2563 384 2632 insultus
411 2581 470 2652 pro
497 2583 602 2652 pcssc
627 2564 833 2652 impedirent.
877 2563 1025 2652 Cumque
1044 2567 1150 2653 septi-

11 2662 125 2727 rmamis
148 2662 279 2750 aliquot
313 2661 454 2731 fideliter
482 2663 697 2732 laborassent
732 2670 765 2732 et
796 2665 951 2750 impetum
986 2664 1150 2731 Gallorum

11 2793 12 2796 =
40 2754 158 2827 ideliter
173 2760 415 2851 impedissent,
434 2763 527 2830 cives
546 2779 607 2832 cos
631 2761 746 2831 odisse
765 2770 942 2852 ceperum,
970 2764 1046 2851 quim
1065 2762 1150 2832 filias

11 2895 12 2964 p
42 2861 66 2920 ct
79 2875 191 2928 uxores
218 2859 394 2928 carnaliter
411 2861 607 2930 dilexerunt.
647 2861 747 2930 Cives
766 2861 807 2930 dc
827 2863 990 2930 communi
1009 2862 1150 2930 consilio

42 2957 95 3039 regi
116 2957 252 3026 Francia
278 2958 535 3028 mandaverunt:
570 2961 659 3046 qood
688 2960 718 3028 ai
749 2961 847 3028 callet
869 2978 927 3028 cos
952 2961 992 3028 de
1014 2955 1152 3028 mimicis

42 3055 107 3136 mic,
138 3057 173 3123 td
195 3061 249 3124 ert
270 3056 468 3143 hospitibus,
502 3078 585 3144 quos
607 3057 909 3130 coenomanorum
932 3062 965 3128 t'm
990 3061 1153 3128 deitatem

43 3167 118 3220 mom
133 3153 172 3222 ob
188 3157 357 3224 tuitionem
373 3157 613 3243 collocaverat,
644 3158 803 3240 liberare,
828 3160 1011 3242 interficere
1035 3159 1155 3228 vellent

44 3265 92 3332 too,
108 3255 214 3340 eisque
231 3255 413 3339 intersectis
437 3258 599 3324 ciuitatem
626 3275 722 3325 soom
746 3259 906 3344 tuipsius
931 3259 1066 3326 tradere
1087 3277 1153 3344 pc-

45 3351 178 3422 teslotem.
205 3353 275 3422 Rex
292 3355 431 3424 Francie
450 3356 638 3444 respondit:
665 3356 775 3423 Facite
799 3357 889 3442 quod
910 3357 1018 3426 dicitis
1042 3362 1075 3423 er
1096 3374 1153 3423 oe-

11 3545 12 3548 *
44 3449 128 3516 strom
139 3453 338 3520 coloniolam
349 3455 384 3520 im
396 3454 543 3524 omnimo
556 3453 748 3542 adimplebo.
770 3455 863 3524 Tunc
878 3458 969 3524 cives
984 3455 1152 3524 dixerunt:

46 3541 168 3632 Domum,
186 3551 247 3619 loli
264 3553 316 3620 dic
327 3553 444 3620 milites
456 3559 583 3624 vestros
597 3555 644 3622 od
654 3558 803 3622 montrum
816 3556 979 3622 mulctam
991 3554 1154 3639 dtrlpolia

46 3646 70 3705 tl
81 3661 132 3714 tos
147 3647 292 3738 bccmtea
308 3655 442 3719 nostros
460 3653 515 3720 cd
537 3670 596 3720 coc
613 3655 706 3720 coire
721 3653 900 3738 sociemus,
926 3657 960 3720 el
974 3653 1055 3738 ipris
1072 3669 1155 3738 cop-

47 3741 136 3812 tlcotia
151 3749 203 3816 ccl
222 3750 404 3834 interfectio
427 3752 475 3818 od
494 3758 642 3820 nostram
665 3754 828 3820 cirmtolcm
852 3753 1006 3836 maiolis,
1034 3755 1067 3818 ct
1082 3768 1157 3819 eom

47 3837 275 3925 operosiorem
307 3853 451 3918 cestram
474 3849 633 3918 mamm.
678 3851 775 3920 Cives
801 3857 837 3920 ut
861 3849 1158 3938 preordinovcrunt

49 3953 92 4020 por
113 3948 216 4014 ommia
243 3948 503 4036 compleverunt.
546 3950 583 4018 lm
610 3949 671 4018 bac
697 3947 925 4018 interlectione
953 3951 1086 4020 occisus
1106 3955 1158 4020 est

49 4031 178 4110 domimus
205 4045 439 4137 Theobaldus‚
476 4049 570 4116 miles
597 4049 728 4117 iuvenis
752 4050 939 4138 virtuosus,
977 4049 1062 4118 ilius
1090 4048 1156 4116 filie

75 4159 99 4238 l)
114 4161 232 4219 Flandrie
257 4165 337 4220 sollte
360 4183 390 4220 cs
412 4167 472 4220 bier
496 4167 549 4222 ond
575 4173 665 4223 siler
688 4169 805 4223 beissau.
842 4172 873 4236 2)
897 4171 1011 4242 dampna
1029 4170 1097 4225 babo
1116 4171 1156 4226 iob

49 4235 144 4290 arganza.
178 4235 207 4301 3)
225 4233 275 4286 der
291 4250 386 4290 mammem
404 4235 490 4302 ieblt;
508 4186 619 4307 nycol,
638 4237 802 4294 iraoabsiacb
821 4238 905 4305 Lilia,
924 4241 958 4293 ist
976 4241 1101 4309 gamainl.
1184 4319 1186 4326 y

11 4303 12 4338 r
72 4320 193 4372 ocmmnnm
209 4330 322 4374 romnus
342 4334 364 4378 a.
943 4326 960 4380 6
