2878 4834
411 240 538 287 ruamus
558 239 791 288 woxxarrxssas.
1010 253 1013 258 ·
1093 216 1160 284 211

38 382 269 470 aoamerario,
285 380 339 448 oui
367 397 404 448 se
425 377 502 448 lidei
524 385 732 448 sacramento
754 385 831 448 ante
852 379 1087 473 obstrinxerat,
1106 401 1166 453 ro-

38 481 189 566 gabatur:
209 479 327 564 ecquid
346 482 449 546 sciret
467 477 557 564 quod
581 483 699 546 contre
721 481 773 546 ies
796 484 830 546 et
843 497 960 565 equum
974 483 1009 548 ie
1024 484 1168 550 ciuitatis

37 582 210 664 pernicicm
224 580 354 664 copiam
369 581 404 646 ic
415 577 495 645 orbe
512 581 744 664 perpetratum
764 583 865 661 essct,
885 583 923 646 ct
940 581 977 647 id
995 581 1168 650 indiceret.

40 680 69 746 Si
86 679 168 766 quid
186 679 396 746 commissum
414 683 501 766 erat,
521 676 563 744 de
582 695 795 746 assessorum
814 681 997 770 sententia,
1018 699 1104 768 quos
1120 681 1168 748 illi

39 785 97 846 tum
119 777 282 846 scabinos
300 777 529 865 appellabant,
549 781 748 844 camerarius
768 777 946 867 statuebat,
965 785 1002 846 ut
1015 797 1075 868 pro
1090 779 1170 848 lacti

40 877 229 945 conditione
255 875 525 964 delinquentibus
543 876 665 944 mulcta
685 877 904 966 irrogaretur,
923 878 1008 946 intra
1026 878 1169 966 quinde-

40 993 93 1044 nas
111 982 182 1045 tres
195 974 429 1064 persolvenda.
455 975 524 1063 Ipsi
539 981 692 1062 preterea
709 977 792 1044 ratio
809 974 852 1043 de
868 993 974 1044 censu
993 983 1089 1064 quem
1107 996 1169 1046 oa-

40 1093 122 1143 mere
143 1074 358 1164 appellabant
375 1073 548 1142 reddenda
564 1081 643 1143 erat.
668 1075 710 1144 llt
729 1073 828 1142 Judei
846 1076 1006 1161 singulari
1025 1077 1170 1164 quodam

40 1173 133 1242 modo
155 1176 203 1242 illi
220 1179 314 1242 erant
331 1173 486 1242 devincti.
512 1172 699 1260 Progressu
720 1175 897 1264 temporis,
918 1193 992 1242 eum
1014 1176 1057 1244 ob
1081 1176 1170 1244 lide-

40 1274 159 1342 litatem
177 1275 212 1340 in
230 1272 394 1342 obeundis
416 1273 567 1361 episoopi
584 1274 737 1359 negociis
761 1274 885 1360 optime
906 1275 1042 1343 meritus
1067 1282 1169 1363 esset,

42 1391 101 1440 non
124 1378 251 1440 tantum
270 1372 334 1440 boo
359 1371 504 1440 officium
527 1371 726 1440 hereditario
749 1371 907 1461 obtinuit,
925 1373 1014 1441 unde
1038 1391 1076 1442 se
1102 1373 1171 1442 Ca-

42 1474 195 1540 merarius
209 1471 333 1540 abolito
350 1471 462 1540 ollioio
480 1476 642 1558 perpetuo
660 1471 819 1559 nominat,
840 1471 901 1538 scd
915 1471 957 1540 ad
978 1491 1050 1540 earn
1068 1475 1172 1542 eciam

42 1573 218 1659 potentiam
234 1572 404 1660 pervenit,
422 1575 459 1637 ut
480 1570 649 1657 peculiare
668 1569 835 1657 quoddam
855 1570 1011 1640 iudicium
1034 1576 1067 1640 in
1086 1573 1172 1641 sub-

43 1671 130 1739 urbio
150 1670 352 1738 Martiniano
368 1671 450 1758 ipsis
469 1685 626 1737 exercere
645 1671 823 1756 quotannis
848 1669 983 1759 liceret,
1011 1672 1102 1758 quod
1120 1679 1172 1740 ta·

44 1788 111 1836 men
139 1788 231 1837 anno
253 1787 417 1838 mcooxv.
445 1767 529 1835 seria
551 1767 700 1836 secunda
723 1776 802 1857 post
836 1767 1059 1838 Renrinisoere
1089 1767 1172 1861 [leb.

48 1866 102 1959 ll]
132 1869 323 1956 respublica
347 1868 610 1936 Wormaoiensis
640 1868 883 1956 permutatione
908 1869 1067 1959 quadam,
1095 1870 1173 1938 data

46 1967 196 2036 uidelicet
214 1969 382 2056 pensione
400 1985 511 2036 annua
537 1983 598 2036 sex
618 1967 674 2034 lib.
699 1967 793 2056 hall,
813 1966 855 2034 ad
877 1985 914 2035 se
932 1969 1106 2036 transtulit.
1133 1969 1174 2036 Et

49 2068 91 2134 sic
106 2069 356 2136 camerariorum
374 2067 613 2154 amplissimum
634 2065 813 2153 aliquando
839 2085 958 2134 munus
980 2073 1079 2154 atque
1098 2067 1174 2136 olfi-

49 2167 125 2234 oium
144 2165 266 2234 lamilie
292 2167 369 2234 huic
394 2166 562 2254 peculiare
584 2171 684 2252 atque
714 2169 911 2254 perpetuum
942 2166 1173 2235 authoritatem

46 2283 106 2333 non
126 2285 264 2354 parvam
281 2265 417 2334 addidit.
438 2262 525 2334 Ante
544 2283 651 2334 annos
669 2265 816 2332 cccclxiii
832 2266 908 2352 plus
923 2266 1074 2334 minusve
1097 2265 1171 2334 He-

47 2365 177 2432 ribertus
201 2363 335 2452 quidam
363 2365 640 2454 archiepiscopus
666 2362 897 2454 Coloniensis,
918 2371 951 2432 et
968 2371 1044 2433 ante
1067 2383 1175 2434 annos

49 2466 166 2532 eoolviii
184 2465 411 2532 llrkenbertus
430 2465 485 2551 qui
500 2462 788 2532 Frankentbaliurn
814 2466 992 2553 exstruxit,
1012 2464 1098 2532 banc
1122 2465 1174 2532 la·

49 2563 159 2632 miliam
182 2564 346 2631 celebrem
368 2557 605 2632 reddiderunt.¹

114 2663 163 2730 De
178 2663 317 2731 sculteto
338 2667 371 2729 ct
386 2679 448 2748 pce
466 2663 607 2731 durante
622 2681 683 2730 sco
697 2663 806 2748 officio
821 2663 1009 2749 adpendere
1025 2661 1170 2749 capedo-

48 2763 104 2828 lur.
138 2761 307 2830 scultetus
337 2761 616 2852 Wormaciensis,
643 2763 757 2850 quiin
781 2761 834 2830 die
862 2765 968 2830 sancti
995 2763 1128 2830 Martini
1156 2781 1175 2830 a

50 2857 172 2930 domino
191 2863 355 2950 episcopo
374 2867 407 2929 et
423 2861 618 2930 consulibus
637 2863 770 2947 eligitur
782 2868 815 2929 et
832 2863 1042 2930 constituitur
1063 2860 1105 2929 ad
1121 2863 1177 2928 iu·
1197 2875 1200 2882 ·

51 2957 217 3029 dicandum
243 2960 371 3028 civibus
393 2978 595 3050 perannum
619 2961 726 3050 illum,
753 2969 786 3028 et
804 2961 1014 3029 serviendum
1040 2960 1174 3028 domino

52 3059 202 3147 episcopo
225 3065 258 3127 et
280 3061 414 3128 solvere
448 3058 584 3129 seudata
609 3058 793 3128 intendatis
816 3059 857 3127 ab
886 3061 978 3150 ipso,
1005 3065 1177 3128 transacto

53 3173 130 3225 anno
146 3159 229 3227 liber
251 3159 458 3248 permanebit
473 3159 515 3227 ab
533 3161 620 3228 omni
636 3176 737 3228 onere
758 3158 861 3228 ollloii
884 3161 1089 3248 temporibus
1110 3161 1177 3226 vite

54 3272 113 3322 sue.
138 3257 240 3327 Dabit
258 3265 366 3326 autem
386 3259 547 3328 scultetus
564 3257 697 3328 domino
712 3259 874 3346 episcopo
892 3259 1035 3345 singulis
1054 3259 1172 3326 diebus

54 3358 189 3440 quartale
213 3359 283 3426 vini
306 3358 419 3446 optimi
442 3357 532 3444 quod
557 3357 675 3426 venale
703 3357 877 3425 iuvenitur.
910 3358 990 3425 ltem
1015 3357 1174 3444 quotiens

55 3451 193 3524 dominus
217 3457 452 3546 episcopusin
476 3458 638 3544 passagio
667 3456 924 3546 Wormaciensi,
946 3456 1035 3543 quod
1061 3455 1180 3524 dicitnr

57 3550 236 3640 torperem,
260 3554 408 3624 Rhenum
426 3557 590 3624 transierit
604 3562 637 3624 et
655 3556 797 3624 sculteto
816 3555 1035 3645 intimaverit,
1060 3555 1180 3622 minis-

58 3652 142 3720 trabit
162 3655 225 3723 sibi
247 3654 397 3741 quartale
413 3655 481 3722 vini
499 3655 644 3722 melioris
660 3653 750 3742 quod
771 3659 850 3722 tuno
867 3654 985 3722 venale
1002 3655 1176 3721 invenitur.

56 3747 126 3818 ltem
143 3752 234 3822 dabit
254 3752 388 3822 domino
408 3754 568 3841 episcopo
590 3755 677 3822 omni
698 3754 885 3842 septimana
902 3770 1099 3842 perannum
1118 3751 1180 3820 de-

57 3864 116 3918 cem
141 3853 251 3940 pullos
276 3854 331 3940 qui
354 3859 516 3920 vocantur
540 3869 732 3942 eupponeS,
758 3857 900 3940 excepta
924 3851 1181 3939 quadragesima

57 3947 84 4014 ln
111 3968 172 4037 qua
194 3951 287 4019 dabit
311 3950 398 4022 duos
427 3952 640 4020 centenarios
674 3952 751 4020 olei.
786 3950 827 4018 Et
851 3949 987 4038 quondo
1008 3969 1180 4041 cappones

86 4059 111 4122 l]
129 4059 251 4139 Horlbert
279 4059 351 4114 slarb
377 4063 441 4141 loll
472 4058 525 4113 und
545 4057 727 4113 Frankentlral
752 4057 846 4138 werde
874 4061 939 4114 1125
952 4059 1100 4140 'postillam
1124 4077 1182 4112 wo-

59 4121 128 4202 lorrb
148 4127 203 4182 srch
227 4127 359 4210 alsondas
383 4127 443 4180 rubr
461 4129 527 4181 1483
546 4127 612 4182 oder
631 4131 697 4208 lbet
715 4127 756 4182 als
780 4135 834 4180 zert
859 4125 909 4180 der
932 4127 1124 4183 eredersebrrlt
1142 4144 1182 4180 er·

58 4192 437 4330 {iggitnglffirtgbthublzrlbaupt
466 4195 601 4250 Sebannat
634 4195 703 4251 illst.
731 4193 836 4249 Worm.
864 4198 916 4250 ubo
949 4195 1004 4250 und
1039 4196 1181 4250 Bodmunn

924 4346 982 4402 lu*
