2950 4836
400 333 592 380 nnnnnrnnus
613 334 798 380 nnrruuusrs.
1103 305 1173 370 aba

42 480 89 539 tra
107 467 264 539 lidulfum
281 470 502 540 Romanorum
524 489 638 558 regem
662 472 705 539 ad
730 469 819 540 bella
844 489 882 540 se
908 472 1073 560 exposuit.
1108 469 1172 551 Qui
1193 482 1258 538 raca

41 589 98 637 rcx
115 570 290 638 illustrium
314 572 496 659 principum
517 569 723 639 dominorum
742 567 874 638 Ottcnis
892 569 1032 659 predicti
1058 575 1092 637 et
1108 569 1177 636 Ru-

43 668 119 736 dollr
140 670 270 736 comitis
287 671 425 758 palatini
443 668 561 738 ducum
576 669 726 738 Bawarie
742 674 775 736 et
789 668 994 756 quarundam
1008 669 1176 737 civitatum

42 767 186 856 imperii,
210 773 326 855 utputa
344 767 462 856 Spirea
481 768 680 858 Wormaoia,
703 767 833 836 auxiliis
848 767 1041 854 iuvabalur,
1069 765 1176 834 eidem

43 865 181 935 iliberto
200 864 276 934 duci
289 865 433 957 bustric,
451 869 508 954 qul
528 865 632 935 eciam
651 867 714 934 sibi
731 883 854 935 nomcn
871 867 961 952 regis
981 883 1177 954 assumpse-

42 970 104 1053 rat,
133 970 214 1052 post
231 967 351 1033 multos
370 966 525 1033 circuitus
543 963 714 1033 hincinde
732 964 881 1055 habitos,
900 967 934 1032 in
950 965 1027 1034 loco
1047 966 1103 1052 qui
1121 963 1177 1031 di-

43 1065 123 1130 citur
140 1061 359 1152 Hasenprihel
377 1081 449 1131 cnm
467 1081 668 1153 prepropcra
683 1063 921 1154 festinacione,
941 1080 1004 1150 quc
1022 1066 1057 1132 in
1074 1063 1176 1132 rebus

43 1159 171 1228 bellicis
197 1167 230 1228 et
245 1164 377 1248 magnis
404 1161 606 1231 exercitibus
630 1179 698 1230 non
725 1161 879 1254 expedit,
904 1163 1046 1231 occurrit
1070 1163 1105 1228 in
1123 1160 1176 1228 die

43 1260 200 1327 Processi
218 1267 252 1327 et
268 1260 458 1330 Martiniani
477 1257 552 1351 [iuli
571 1258 622 1352 2].
644 1261 686 1328 llt
701 1260 857 1349 predictis
876 1260 1018 1330 dominis
1037 1260 1176 1328 ducibus

43 1358 196 1425 Bawarie
215 1358 446 1428 dimicantibus
464 1360 498 1426 in
515 1360 620 1448 prima
637 1361 720 1449 acie,
738 1377 797 1448 per
814 1376 936 1427 novum
949 1357 1095 1429 bellandi
1109 1376 1177 1444 ge-

45 1474 104 1523 nus
114 1508 125 1546 ‚
145 1457 275 1525 scilicet
291 1456 424 1544 gladios
443 1464 639 1549 preacutos,
665 1473 781 1526 omnes
799 1475 911 1526 eorum
930 1457 1083 1526 dextrarii
1101 1464 1178 1525 sunt

46 1556 170 1642 occisi3
197 1555 283 1624 adeo
303 1560 340 1623 ut
362 1562 395 1623 et
421 1557 485 1646 ipsi
508 1557 675 1645 principes
700 1557 853 1624 Bawarie
878 1575 946 1624 una
970 1575 1044 1624 curn
1067 1556 1178 1623 multis

47 1654 114 1720 suis
139 1653 312 1722 nobilibus
338 1655 433 1742 eqrris
457 1656 591 1745 privati,
620 1654 682 1723 sed
708 1653 818 1722 adhuc
845 1656 943 1724 animi
967 1656 1087 1724 virtute
1109 1671 1178 1721 non

45 1750 153 1841 fracti,
175 1770 276 1840 snper
291 1752 539 1822 interfectorum
557 1753 725 1822 hominum
742 1760 776 1820 et
794 1771 953 1841 equorum
972 1759 1099 1821 stantes
1119 1771 1178 1820 oa-

46 1849 188 1941 davera,
216 1851 320 1938 longo
344 1857 491 1942 tempore
517 1870 591 1920 cnm
618 1852 771 1920 hostibus
799 1852 1002 1920 dimicarent.
1040 1851 1178 1938 Propter

46 1951 232 2016 occisorum
250 1953 336 2018 enim
355 1968 514 2037 equorum
532 1969 692 2038 aggerem
708 1951 827 2019 hostes
846 1952 976 2038 equites
995 1967 1055 2018 cos
1074 1967 1177 2016 aoce-

47 2047 121 2114 dere
141 2065 210 2115 non
229 2049 386 2116 valebant
395 2103 405 2140 ‚
424 2051 501 2137 quia
518 2057 552 2118 et
568 2049 632 2138 ipsi
649 2051 722 2119 vice
739 2067 839 2118 versa
857 2049 1072 2138 persimilem
1091 2054 1178 2116 stra-

48 2165 120 2232 gem
140 2163 250 2233 equos
268 2147 489 2235 perdiderant.
506 2149 611 2216 Prima
628 2149 727 2234 igitur
745 2149 795 2215 sio
813 2147 989 2216 dimicante
1004 2148 1086 2235 acie,
1104 2148 1178 2234 ipsc

48 2263 119 2334 rex,
147 2245 270 2313 volens
297 2265 370 2314 cum
398 2265 460 2314 sna
486 2247 581 2316 turba
608 2248 657 2315 eis
683 2263 894 2336 succurrere,
916 2243 1178 2334 etprecedendo

48 2361 135 2411 suum
155 2345 263 2412 aciem
287 2346 321 2412 in
344 2363 410 2432 qua
427 2363 462 2413 re
480 2352 552 2414 erat
568 2339 808 2435 peritissimns¹
828 2345 989 2434 ordinare,
1010 2361 1096 2432 equo
1116 2361 1177 2411 suo

48 2441 187 2510 cadente
206 2461 248 2511 ex
265 2441 443 2512 infortunio
462 2451 538 2512 ante
560 2446 749 2531 ingressum
768 2443 809 2511 ad
829 2445 969 2533 bellum,
989 2441 1126 2532 cecidit,
1145 2449 1179 2509 et

49 2540 227 2609 abeodem
247 2559 334 2629 equo
361 2544 557 2628 gravissime
583 2549 636 2611 est
662 2561 858 2612 concussus.
893 2540 989 2610 Adeo
1014 2547 1050 2608 ut
1068 2559 1178 2609 cuma

50 2641 114 2706 suis
132 2642 366 2708 restitueretur
382 2643 416 2708 in
439 2659 526 2728 equo
548 2642 679 2710 minime
706 2643 758 2709 sni
776 2657 913 2729 compos
933 2645 1032 2708 esset.
1069 2639 1111 2707 El
1129 2640 1178 2705 sic

49 2755 160 2806 amens
183 2737 225 2806 ad
243 2739 365 2808 bellum
382 2741 540 2830 veniens,
560 2742 637 2828 quia
656 2746 689 2808 et
708 2741 839 2826 galeam
857 2757 916 2827 pre
935 2738 1104 2806 debilitate
1121 2754 1176 2804 re-

49 2841 134 2903 tente
153 2836 240 2904 serre
259 2855 327 2905 nun
344 2839 467 2929 potnit,
493 2846 527 2907 et
543 2838 696 2906 hostibus
715 2857 753 2906 se
772 2839 928 2925 exposuit
944 2837 1052 2904 minus
1070 2839 1177 2922 caute,

51 2933 156 3002 subito
178 2942 230 3003 est
246 2938 389 3026 occisnS,
407 2936 566 3025 predictis
581 2937 689 3006 adbuc
707 2935 849 3004 dominis
868 2935 1008 3004 ducibus
1026 2934 1177 3000 Bawarie

49 3031 154 3100 locum
176 3052 271 3101 suum
289 3035 477 3103 tenentibus
494 3042 531 3103 nt
548 3041 601 3104 est
618 3035 748 3103 dictum.
782 3033 849 3103 Sed
868 3051 949 3120 rege
966 3037 1096 3100 mortuo
1114 3033 1178 3120 ipsi

51 3129 151 3200 duces
187 3149 225 3201 se
259 3133 347 3221 apud
371 3131 594 3202 Haidelbercb
625 3139 832 3223 receperunt.
872 3132 1034 3201 Dominus
1070 3138 1176 3198 tamen

52 3225 125 3297 Otto
145 3230 215 3298 dux
233 3238 303 3298 erat
319 3229 424 3300 tribus
443 3232 601 3318 gravibus
619 3232 811 3301 vulneribus
833 3233 1019 3320 sauciatus,
1047 3231 1081 3297 in
1099 3235 1178 3296 tan-

52 3333 113 3395 tum
133 3329 224 3416 qucd
242 3331 355 3398 mortis
373 3331 553 3420 pericnlum
578 3332 635 3400 vix
658 3332 774 3398 evasit.
806 3328 869 3411 Qui
895 3331 999 3397 eciam
1025 3327 1177 3394 dominus

51 3423 125 3495 Otto
145 3428 214 3496 dux
233 3445 305 3496 cum
327 3427 511 3516 predictum
533 3445 647 3516 regem
673 3435 869 3515 sequeretur
888 3427 930 3494 ad
954 3431 1066 3514 partes
1084 3423 1177 3513 Rani,

51 3531 81 3591 et
97 3531 209 3594 castra
223 3532 363 3595 metatus
385 3533 478 3595 esset
494 3577 686 3596 ........
700 3578 710 3616 ,
729 3543 842 3594 comes
860 3523 1018 3593 Albertus
1037 3522 1079 3590 de
1095 3519 1178 3588 Hai-

53 3625 198 3711 gerloch,
221 3626 406 3693 avunculus
423 3624 547 3694 domini
567 3622 693 3693 Alberli
713 3624 807 3692 ducis
825 3621 1093 3711 Austrie,ipsum
1111 3619 1177 3687 do-

53 3723 169 3790 minum
187 3721 340 3792 Ottonem
365 3723 483 3792 ducem
503 3725 684 3812 improvise
706 3723 829 3790 inuasit
853 3739 926 3790 cum
945 3723 1047 3806 longe
1065 3719 1177 3786 maiori

54 3823 195 3906 equitum
220 3827 253 3889 ct
268 3821 414 3911 peditum
433 3823 529 3911 copia
545 3839 643 3911 quam
658 3821 745 3888 idem
762 3820 829 3888 dux
844 3820 994 3888 babuerit
1010 3817 1066 3885 illa
1081 3816 1160 3884 hora
1169 3839 1177 3902 3

55 3915 93 3984 de
112 3937 178 4006 quo
197 3926 307 3988 tamen
324 3919 412 3988 idem
435 3919 519 4010 dux,
536 3921 611 4009 ipso
634 3921 753 3987 comite
777 3925 810 3986 et
834 3917 902 3986 lere
925 3916 1178 4004 quadringentis

55 4013 92 4082 de
107 4019 177 4084 suis
193 4020 313 4087 occisis
323 4072 332 4109 ,
350 4019 570 4108 triumphavit.
594 4018 721 4085 Dicitur
736 4019 834 4086 etiam
851 4015 941 4104 quud
955 4017 989 4083 in
1007 4017 1082 4102 ipso
1097 4031 1179 4082 con-

54 4111 139 4184 llictu
159 4117 247 4203 regis
264 4123 297 4185 ct
316 4109 458 4186 duoum²
472 4118 569 4205 pauci
586 4117 738 4185 homines
754 4115 815 4183 sed
840 4115 928 4182 mille
946 4111 1179 4201 quadringenti

85 4257 113 4319 l)
132 4258 160 4309 in
179 4287 210 4298 -
229 4258 408 4330 peritissimus
427 4255 491 4311 leblt
512 4258 554 4311 bei
572 4257 663 4313 Garris.
683 4255 736 4309 ond
754 4257 790 4309 irn
809 4255 909 4312 Cbrcn.
929 4253 1027 4310 Salisb.
1070 4255 1100 4320 2)
1119 4251 1178 4304 duc.

54 4322 96 4375 bat
112 4323 156 4378 die
174 4325 224 4391 bs..
242 4325 319 4379 ducis
336 4326 426 4379 Canis.
445 4325 499 4378 und
518 4325 616 4382 Obron.
634 4323 730 4377 Salisb.

83 4418 219 4465 nonarum
236 4420 356 4466 nonnus.
374 4422 399 4466 a.
949 4408 982 4462 35
