<?xml version="1.0" encoding="UTF-8"?>
<!DOCTYPE html PUBLIC "-//W3C//DTD XHTML 1.0 Transitional//EN"
    "http://www.w3.org/TR/xhtml1/DTD/xhtml1-transitional.dtd">
<html xmlns="http://www.w3.org/1999/xhtml" xml:lang="en" lang="en">
 <head>
  <title>
</title>
<meta http-equiv="Content-Type" content="text/html;charset=utf-8" />
  <meta name='ocr-system' content='tesseract 3.04.00' />
  <meta name='ocr-capabilities' content='ocr_page ocr_carea ocr_par ocr_line ocrx_word'/>
</head>
<body>
  <div class='ocr_page' id='page_1' title='image "./fontesrerumgerm00hubegoog_0507.png"; bbox 0 0 2888 4824; ppageno 0'>
   <div class='ocr_carea' id='block_1_1' title="bbox 257 211 1005 286">
    <p class='ocr_par' dir='ltr' id='par_1_1' title="bbox 257 211 1005 286">
     <span class='ocr_line' id='line_1_1' title="bbox 257 211 1005 286; baseline 0.007 -7"><span class='ocrx_word' id='word_1_1' title='bbox 257 211 332 279; x_wconf 67' lang='lat' dir='ltr'><strong>Md</strong></span> <span class='ocrx_word' id='word_1_2' title='bbox 654 237 691 283; x_wconf 83' lang='lat' dir='ltr'><strong>rx</strong></span> <span class='ocrx_word' id='word_1_3' title='bbox 711 237 842 286; x_wconf 71' lang='lat' dir='ltr'><strong>romanu</strong></span> <span class='ocrx_word' id='word_1_4' title='bbox 863 239 901 284; x_wconf 83' lang='lat' dir='ltr'><strong>nu</strong></span> <span class='ocrx_word' id='word_1_5' title='bbox 922 239 1005 286; x_wconf 78' lang='lat' dir='ltr'><strong>nexu.</strong></span> 
     </span>
    </p>
   </div>
   <div class='ocr_carea' id='block_1_2' title="bbox 253 375 1407 4324">
    <p class='ocr_par' dir='ltr' id='par_1_2' title="bbox 253 375 1407 646">
     <span class='ocr_line' id='line_1_2' title="bbox 258 375 1407 464; baseline 0.002 -18"><span class='ocrx_word' id='word_1_6' title='bbox 258 375 434 448; x_wconf 59' lang='lat' dir='ltr'><strong>menum</strong></span> <span class='ocrx_word' id='word_1_7' title='bbox 453 378 667 464; x_wconf 79' lang='lat' dir='ltr'><strong>precipimus,</strong></span> <span class='ocrx_word' id='word_1_8' title='bbox 698 379 862 462; x_wconf 76' lang='lat' dir='ltr'><strong>pumenius</strong></span> <span class='ocrx_word' id='word_1_9' title='bbox 876 379 984 446; x_wconf 78' lang='lat' dir='ltr'><strong>nostri</strong></span> <span class='ocrx_word' id='word_1_10' title='bbox 1005 379 1242 448; x_wconf 72' lang='lat' dir='ltr'><strong>commilitones</strong></span> <span class='ocrx_word' id='word_1_11' title='bbox 1258 383 1307 450; x_wconf 88' lang='lat' dir='ltr'><strong>cd</strong></span> <span class='ocrx_word' id='word_1_12' title='bbox 1322 379 1407 449; x_wconf 82' lang='lat' dir='ltr'><strong>fros-</strong></span> 
     </span>
     <span class='ocr_line' id='line_1_3' title="bbox 253 477 1404 564; baseline 0.003 -20"><span class='ocrx_word' id='word_1_13' title='bbox 253 479 343 564; x_wconf 86' lang='lat' dir='ltr'><strong>pitio</strong></span> <span class='ocrx_word' id='word_1_14' title='bbox 353 477 508 562; x_wconf 84' lang='lat' dir='ltr'><strong>tendunt,</strong></span> <span class='ocrx_word' id='word_1_15' title='bbox 523 495 621 545; x_wconf 85' lang='lat' dir='ltr'><strong>armo</strong></span> <span class='ocrx_word' id='word_1_16' title='bbox 636 477 816 562; x_wconf 76' lang='lat' dir='ltr'><em>deponant,</em></span> <span class='ocrx_word' id='word_1_17' title='bbox 838 479 872 544; x_wconf 88' lang='lat' dir='ltr'><strong>et</strong></span> <span class='ocrx_word' id='word_1_18' title='bbox 889 477 1059 546; x_wconf 81' lang='lat' dir='ltr'><strong>residuum</strong></span> <span class='ocrx_word' id='word_1_19' title='bbox 1082 479 1149 548; x_wconf 85' lang='lat' dir='ltr'><strong>diei</strong></span> <span class='ocrx_word' id='word_1_20' title='bbox 1164 483 1200 548; x_wconf 85' lang='lat' dir='ltr'><strong>in</strong></span> <span class='ocrx_word' id='word_1_21' title='bbox 1219 480 1327 548; x_wconf 83' lang='lat' dir='ltr'><strong>letitie</strong></span> <span class='ocrx_word' id='word_1_22' title='bbox 1341 481 1404 547; x_wconf 86' lang='lat' dir='ltr'><strong>de-</strong></span> 
     </span>
     <span class='ocr_line' id='line_1_4' title="bbox 258 578 391 646; baseline -0.023 0"><span class='ocrx_word' id='word_1_23' title='bbox 258 578 391 646; x_wconf 84' lang='lat' dir='ltr'><strong>ducunt.</strong></span> 
     </span>
    </p>

    <p class='ocr_par' dir='ltr' id='par_1_3' title="bbox 257 673 1405 2053">
     <span class='ocr_line' id='line_1_5' title="bbox 332 673 1403 766; baseline 0.004 -23"><span class='ocrx_word' id='word_1_24' title='bbox 332 677 463 744; x_wconf 81' lang='lat' dir='ltr'><strong>Interea</strong></span> <span class='ocrx_word' id='word_1_25' title='bbox 482 675 635 744; x_wconf 89' lang='lat' dir='ltr'><strong>dominus</strong></span> <span class='ocrx_word' id='word_1_26' title='bbox 653 677 835 766; x_wconf 89' lang='lat' dir='ltr'><strong>episcopus</strong></span> <span class='ocrx_word' id='word_1_27' title='bbox 858 673 1021 744; x_wconf 88' lang='lat' dir='ltr'><strong>adversus</strong></span> <span class='ocrx_word' id='word_1_28' title='bbox 1046 677 1198 747; x_wconf 89' lang='lat' dir='ltr'><strong>inimicos</strong></span> <span class='ocrx_word' id='word_1_29' title='bbox 1217 696 1403 760; x_wconf 72' lang='lat' dir='ltr'><strong>suospru-</strong></span> 
     </span>
     <span class='ocr_line' id='line_1_6' title="bbox 258 772 1404 868; baseline 0.003 -25"><span class='ocrx_word' id='word_1_30' title='bbox 258 773 338 844; x_wconf 87' lang='lat' dir='ltr'><strong>dele</strong></span> <span class='ocrx_word' id='word_1_31' title='bbox 352 775 475 842; x_wconf 88' lang='lat' dir='ltr'><strong>bellum</strong></span> <span class='ocrx_word' id='word_1_32' title='bbox 493 793 610 866; x_wconf 83' lang='lat' dir='ltr'><strong>agens,</strong></span> <span class='ocrx_word' id='word_1_33' title='bbox 629 776 810 864; x_wconf 87' lang='lat' dir='ltr'><strong>plerosque</strong></span> <span class='ocrx_word' id='word_1_34' title='bbox 829 772 966 865; x_wconf 86' lang='lat' dir='ltr'><strong>fugavit,</strong></span> <span class='ocrx_word' id='word_1_35' title='bbox 989 776 1110 844; x_wconf 90' lang='lat' dir='ltr'><strong>multos</strong></span> <span class='ocrx_word' id='word_1_36' title='bbox 1129 777 1268 868; x_wconf 88' lang='lat' dir='ltr'><strong>occidit,</strong></span> <span class='ocrx_word' id='word_1_37' title='bbox 1288 784 1323 846; x_wconf 88' lang='lat' dir='ltr'><strong>et</strong></span> <span class='ocrx_word' id='word_1_38' title='bbox 1338 777 1404 846; x_wconf 92' lang='lat' dir='ltr'><strong>do-</strong></span> 
     </span>
     <span class='ocr_line' id='line_1_7' title="bbox 258 872 1404 966; baseline 0.004 -26"><span class='ocrx_word' id='word_1_39' title='bbox 258 875 365 942; x_wconf 89' lang='lat' dir='ltr'><strong>rnfnos</strong></span> <span class='ocrx_word' id='word_1_40' title='bbox 391 873 433 942; x_wconf 87' lang='lat' dir='ltr'><strong>de</strong></span> <span class='ocrx_word' id='word_1_41' title='bbox 456 873 585 956; x_wconf 85' lang='lat' dir='ltr'><strong>Amstel</strong></span> <span class='ocrx_word' id='word_1_42' title='bbox 616 881 650 942; x_wconf 89' lang='lat' dir='ltr'><strong>et</strong></span> <span class='ocrx_word' id='word_1_43' title='bbox 683 873 725 942; x_wconf 90' lang='lat' dir='ltr'><strong>de</strong></span> <span class='ocrx_word' id='word_1_44' title='bbox 753 872 928 941; x_wconf 90' lang='lat' dir='ltr'><strong>Woerden</strong></span> <span class='ocrx_word' id='word_1_45' title='bbox 955 875 1107 963; x_wconf 87' lang='lat' dir='ltr'><strong>captivos</strong></span> <span class='ocrx_word' id='word_1_46' title='bbox 1134 876 1404 966; x_wconf 69' lang='lat' dir='ltr'><strong>comprehendit,</strong></span> 
     </span>
     <span class='ocr_line' id='line_1_8' title="bbox 258 973 1405 1063; baseline 0.002 -21"><span class='ocrx_word' id='word_1_47' title='bbox 258 991 346 1062; x_wconf 85' lang='lat' dir='ltr'><strong>quos</strong></span> <span class='ocrx_word' id='word_1_48' title='bbox 364 975 530 1063; x_wconf 89' lang='lat' dir='ltr'><strong>extemplo</strong></span> <span class='ocrx_word' id='word_1_49' title='bbox 547 973 681 1042; x_wconf 91' lang='lat' dir='ltr'><strong>funibus</strong></span> <span class='ocrx_word' id='word_1_50' title='bbox 700 973 829 1058; x_wconf 83' lang='lat' dir='ltr'><strong>alligari</strong></span> <span class='ocrx_word' id='word_1_51' title='bbox 846 973 1005 1063; x_wconf 80' lang='lat' dir='ltr'><strong>precepit,</strong></span> <span class='ocrx_word' id='word_1_52' title='bbox 1030 979 1130 1062; x_wconf 87' lang='lat' dir='ltr'><strong>atque</strong></span> <span class='ocrx_word' id='word_1_53' title='bbox 1154 977 1246 1044; x_wconf 86' lang='lat' dir='ltr'><strong>circa</strong></span> <span class='ocrx_word' id='word_1_54' title='bbox 1266 975 1405 1044; x_wconf 89' lang='lat' dir='ltr'><strong>dextra-</strong></span> 
     </span>
     <span class='ocr_line' id='line_1_9' title="bbox 258 1071 1405 1162; baseline 0 -20"><span class='ocrx_word' id='word_1_55' title='bbox 258 1075 339 1142; x_wconf 85' lang='lat' dir='ltr'><strong>rium</strong></span> <span class='ocrx_word' id='word_1_56' title='bbox 358 1091 453 1142; x_wconf 91' lang='lat' dir='ltr'><strong>suum</strong></span> <span class='ocrx_word' id='word_1_57' title='bbox 480 1074 673 1142; x_wconf 88' lang='lat' dir='ltr'><strong>trocitantes</strong></span> <span class='ocrx_word' id='word_1_58' title='bbox 698 1071 784 1139; x_wconf 85' lang='lat' dir='ltr'><strong>infru</strong></span> <span class='ocrx_word' id='word_1_59' title='bbox 809 1071 996 1140; x_wconf 78' lang='lat' dir='ltr'><strong>Traiectum</strong></span> <span class='ocrx_word' id='word_1_60' title='bbox 1024 1072 1170 1142; x_wconf 90' lang='lat' dir='ltr'><strong>deduxit.</strong></span> <span class='ocrx_word' id='word_1_61' title='bbox 1208 1075 1252 1143; x_wconf 86' lang='lat' dir='ltr'><strong>Et</strong></span> <span class='ocrx_word' id='word_1_62' title='bbox 1285 1093 1405 1162; x_wconf 86' lang='lat' dir='ltr'><strong>quam·</strong></span> 
     </span>
     <span class='ocr_line' id='line_1_10' title="bbox 258 1171 1404 1264; baseline 0 -24"><span class='ocrx_word' id='word_1_63' title='bbox 258 1173 396 1262; x_wconf 87' lang='lat' dir='ltr'><strong>primum</strong></span> <span class='ocrx_word' id='word_1_64' title='bbox 427 1173 651 1262; x_wconf 84' lang='lat' dir='ltr'><strong>vespertinum</strong></span> <span class='ocrx_word' id='word_1_65' title='bbox 694 1171 846 1258; x_wconf 72' lang='lat' dir='ltr'><strong>cepisset</strong></span> <span class='ocrx_word' id='word_1_66' title='bbox 874 1171 1028 1238; x_wconf 90' lang='lat' dir='ltr'><strong>intonare</strong></span> <span class='ocrx_word' id='word_1_67' title='bbox 1064 1171 1275 1264; x_wconf 85' lang='lat' dir='ltr'><strong>cymbalum,</strong></span> <span class='ocrx_word' id='word_1_68' title='bbox 1316 1173 1404 1242; x_wconf 89' lang='lat' dir='ltr'><strong>idem</strong></span> 
     </span>
     <span class='ocr_line' id='line_1_11' title="bbox 259 1269 1404 1361; baseline -0.001 -20"><span class='ocrx_word' id='word_1_69' title='bbox 259 1273 441 1361; x_wconf 91' lang='lat' dir='ltr'><strong>episcopus</strong></span> <span class='ocrx_word' id='word_1_70' title='bbox 466 1271 579 1340; x_wconf 91' lang='lat' dir='ltr'><strong>urbem</strong></span> <span class='ocrx_word' id='word_1_71' title='bbox 596 1269 798 1339; x_wconf 87' lang='lat' dir='ltr'><strong>victoriosus</strong></span> <span class='ocrx_word' id='word_1_72' title='bbox 823 1270 1000 1357; x_wconf 79' lang='lat' dir='ltr'><strong>ingressus</strong></span> <span class='ocrx_word' id='word_1_73' title='bbox 1024 1276 1095 1360; x_wconf 83' lang='lat' dir='ltr'><strong>est,</strong></span> <span class='ocrx_word' id='word_1_74' title='bbox 1126 1277 1160 1340; x_wconf 89' lang='lat' dir='ltr'><strong>et</strong></span> <span class='ocrx_word' id='word_1_75' title='bbox 1187 1279 1255 1340; x_wconf 87' lang='lat' dir='ltr'><strong>tarn</strong></span> <span class='ocrx_word' id='word_1_76' title='bbox 1283 1291 1404 1358; x_wconf 91' lang='lat' dir='ltr'><strong>arege</strong></span> 
     </span>
     <span class='ocr_line' id='line_1_12' title="bbox 257 1367 1403 1460; baseline 0 -21"><span class='ocrx_word' id='word_1_77' title='bbox 257 1389 357 1460; x_wconf 83' lang='lat' dir='ltr'><strong>quam</strong></span> <span class='ocrx_word' id='word_1_78' title='bbox 375 1371 416 1438; x_wconf 91' lang='lat' dir='ltr'><strong>ab</strong></span> <span class='ocrx_word' id='word_1_79' title='bbox 440 1370 692 1459; x_wconf 84' lang='lat' dir='ltr'><strong>archiepiscopo</strong></span> <span class='ocrx_word' id='word_1_80' title='bbox 718 1367 869 1455; x_wconf 84' lang='lat' dir='ltr'><strong>gloriose</strong></span> <span class='ocrx_word' id='word_1_81' title='bbox 895 1374 1050 1456; x_wconf 89' lang='lat' dir='ltr'><strong>receptus</strong></span> <span class='ocrx_word' id='word_1_82' title='bbox 1077 1375 1138 1438; x_wconf 90' lang='lat' dir='ltr'><strong>est.</strong></span> <span class='ocrx_word' id='word_1_83' title='bbox 1182 1367 1237 1438; x_wconf 84' lang='lat' dir='ltr'><strong>Ad</strong></span> <span class='ocrx_word' id='word_1_84' title='bbox 1257 1389 1403 1459; x_wconf 88' lang='lat' dir='ltr'><strong>quorum</strong></span> 
     </span>
     <span class='ocr_line' id='line_1_13' title="bbox 258 1465 1403 1559; baseline 0 -21"><span class='ocrx_word' id='word_1_85' title='bbox 258 1469 415 1538; x_wconf 86' lang='lat' dir='ltr'><strong>devotum</strong></span> <span class='ocrx_word' id='word_1_86' title='bbox 434 1469 712 1558; x_wconf 79' lang='lat' dir='ltr'><strong>supplicationem</strong></span> <span class='ocrx_word' id='word_1_87' title='bbox 738 1465 826 1534; x_wconf 91' lang='lat' dir='ltr'><strong>idern</strong></span> <span class='ocrx_word' id='word_1_88' title='bbox 844 1468 1027 1558; x_wconf 90' lang='lat' dir='ltr'><strong>episcopus</strong></span> <span class='ocrx_word' id='word_1_89' title='bbox 1044 1469 1227 1558; x_wconf 87' lang='lat' dir='ltr'><strong>prelibatus</strong></span> <span class='ocrx_word' id='word_1_90' title='bbox 1245 1473 1403 1559; x_wconf 79' lang='lat' dir='ltr'><strong>captivos</strong></span> 
     </span>
     <span class='ocr_line' id='line_1_14' title="bbox 258 1565 1404 1657; baseline 0 -21"><span class='ocrx_word' id='word_1_91' title='bbox 258 1569 411 1656; x_wconf 87' lang='lat' dir='ltr'><strong>suscepit</strong></span> <span class='ocrx_word' id='word_1_92' title='bbox 426 1566 468 1635; x_wconf 89' lang='lat' dir='ltr'><strong>ad</strong></span> <span class='ocrx_word' id='word_1_93' title='bbox 485 1569 634 1656; x_wconf 86' lang='lat' dir='ltr'><strong>veniam,</strong></span> <span class='ocrx_word' id='word_1_94' title='bbox 654 1565 776 1655; x_wconf 86' lang='lat' dir='ltr'><strong>quibus</strong></span> <span class='ocrx_word' id='word_1_95' title='bbox 795 1570 893 1635; x_wconf 88' lang='lat' dir='ltr'><strong>etiarn</strong></span> <span class='ocrx_word' id='word_1_96' title='bbox 912 1567 1060 1636; x_wconf 84' lang='lat' dir='ltr'><strong>relaxata</strong></span> <span class='ocrx_word' id='word_1_97' title='bbox 1076 1569 1225 1657; x_wconf 89' lang='lat' dir='ltr'><strong>prisione</strong></span> <span class='ocrx_word' id='word_1_98' title='bbox 1243 1588 1404 1656; x_wconf 85' lang='lat' dir='ltr'><strong>magnam</strong></span> 
     </span>
     <span class='ocr_line' id='line_1_15' title="bbox 259 1663 1402 1753; baseline 0.001 -18"><span class='ocrx_word' id='word_1_99' title='bbox 259 1665 381 1735; x_wconf 84' lang='lat' dir='ltr'><strong>abinde</strong></span> <span class='ocrx_word' id='word_1_100' title='bbox 399 1665 477 1736; x_wconf 88' lang='lat' dir='ltr'><strong>fecit</strong></span> <span class='ocrx_word' id='word_1_101' title='bbox 494 1669 642 1753; x_wconf 85' lang='lat' dir='ltr'><strong>gratiam.</strong></span> <span class='ocrx_word' id='word_1_102' title='bbox 668 1663 781 1733; x_wconf 84' lang='lat' dir='ltr'><strong>Altera</strong></span> <span class='ocrx_word' id='word_1_103' title='bbox 805 1683 887 1735; x_wconf 86' lang='lat' dir='ltr'><strong>vero</strong></span> <span class='ocrx_word' id='word_1_104' title='bbox 906 1664 959 1734; x_wconf 90' lang='lat' dir='ltr'><strong>die</strong></span> <span class='ocrx_word' id='word_1_105' title='bbox 978 1683 1051 1734; x_wconf 91' lang='lat' dir='ltr'><strong>oum</strong></span> <span class='ocrx_word' id='word_1_106' title='bbox 1072 1685 1191 1736; x_wconf 83' lang='lat' dir='ltr'><strong>aurore</strong></span> <span class='ocrx_word' id='word_1_107' title='bbox 1217 1667 1318 1736; x_wconf 91' lang='lat' dir='ltr'><strong>iubar</strong></span> <span class='ocrx_word' id='word_1_108' title='bbox 1342 1688 1402 1736; x_wconf 91' lang='lat' dir='ltr'><strong>ru-</strong></span> 
     </span>
     <span class='ocr_line' id='line_1_16' title="bbox 257 1765 1402 1855; baseline 0.003 -22"><span class='ocrx_word' id='word_1_109' title='bbox 257 1765 394 1834; x_wconf 90' lang='lat' dir='ltr'><strong>tilantes</strong></span> <span class='ocrx_word' id='word_1_110' title='bbox 434 1766 585 1854; x_wconf 87' lang='lat' dir='ltr'><strong>cepisset</strong></span> <span class='ocrx_word' id='word_1_111' title='bbox 626 1765 775 1834; x_wconf 87' lang='lat' dir='ltr'><strong>exaltare</strong></span> <span class='ocrx_word' id='word_1_112' title='bbox 818 1765 949 1854; x_wconf 83' lang='lat' dir='ltr'><strong>radios,</strong></span> <span class='ocrx_word' id='word_1_113' title='bbox 999 1783 1058 1834; x_wconf 93' lang='lat' dir='ltr'><strong>rcx</strong></span> <span class='ocrx_word' id='word_1_114' title='bbox 1099 1767 1265 1855; x_wconf 90' lang='lat' dir='ltr'><strong>episcopo</strong></span> <span class='ocrx_word' id='word_1_115' title='bbox 1301 1769 1402 1836; x_wconf 85' lang='lat' dir='ltr'><strong>vole-</strong></span> 
     </span>
     <span class='ocr_line' id='line_1_17' title="bbox 258 1863 1402 1956; baseline 0.002 -23"><span class='ocrx_word' id='word_1_116' title='bbox 258 1863 359 1955; x_wconf 84' lang='lat' dir='ltr'><strong>dixit‚</strong></span> <span class='ocrx_word' id='word_1_117' title='bbox 385 1869 419 1932; x_wconf 91' lang='lat' dir='ltr'><strong>et</strong></span> <span class='ocrx_word' id='word_1_118' title='bbox 445 1882 507 1954; x_wconf 91' lang='lat' dir='ltr'><strong>pro</strong></span> <span class='ocrx_word' id='word_1_119' title='bbox 529 1863 729 1953; x_wconf 87' lang='lat' dir='ltr'><strong>quibusdam</strong></span> <span class='ocrx_word' id='word_1_120' title='bbox 747 1864 843 1950; x_wconf 87' lang='lat' dir='ltr'><strong>regni</strong></span> <span class='ocrx_word' id='word_1_121' title='bbox 861 1863 972 1932; x_wconf 89' lang='lat' dir='ltr'><strong>causis</strong></span> <span class='ocrx_word' id='word_1_122' title='bbox 991 1864 1213 1956; x_wconf 86' lang='lat' dir='ltr'><strong>expediendis</strong></span> <span class='ocrx_word' id='word_1_123' title='bbox 1241 1865 1288 1934; x_wconf 86' lang='lat' dir='ltr'><strong>ad</strong></span> <span class='ocrx_word' id='word_1_124' title='bbox 1318 1864 1402 1935; x_wconf 92' lang='lat' dir='ltr'><strong>Hol-</strong></span> 
     </span>
     <span class='ocr_line' id='line_1_18' title="bbox 258 1963 1215 2053; baseline 0.002 -23"><span class='ocrx_word' id='word_1_125' title='bbox 258 1963 403 2037; x_wconf 87' lang='lat' dir='ltr'><strong>landiam</strong></span> <span class='ocrx_word' id='word_1_126' title='bbox 423 1965 624 2053; x_wconf 84' lang='lat' dir='ltr'><strong>properavit.</strong></span> <span class='ocrx_word' id='word_1_127' title='bbox 1211 1963 1215 1970; x_wconf 85' lang='grc'><strong>’</strong></span> 
     </span>
    </p>

    <p class='ocr_par' dir='ltr' id='par_1_4' title="bbox 257 2061 1401 3722">
     <span class='ocr_line' id='line_1_19' title="bbox 332 2061 1400 2152; baseline 0 -20"><span class='ocrx_word' id='word_1_128' title='bbox 332 2062 400 2132; x_wconf 87' lang='lat' dir='ltr'><strong>Sed</strong></span> <span class='ocrx_word' id='word_1_129' title='bbox 417 2064 495 2150; x_wconf 86' lang='lat' dir='ltr'><strong>quia</strong></span> <span class='ocrx_word' id='word_1_130' title='bbox 509 2080 622 2134; x_wconf 89' lang='lat' dir='ltr'><strong>comes</strong></span> <span class='ocrx_word' id='word_1_131' title='bbox 639 2061 770 2130; x_wconf 86' lang='lat' dir='ltr'><strong>Geldrie</strong></span> <span class='ocrx_word' id='word_1_132' title='bbox 785 2061 991 2152; x_wconf 85' lang='lat' dir='ltr'><strong>iampridem</strong></span> <span class='ocrx_word' id='word_1_133' title='bbox 1007 2078 1080 2129; x_wconf 90' lang='lat' dir='ltr'><strong>cunr</strong></span> <span class='ocrx_word' id='word_1_134' title='bbox 1097 2061 1236 2149; x_wconf 87' lang='lat' dir='ltr'><strong>prefatis</strong></span> <span class='ocrx_word' id='word_1_135' title='bbox 1253 2063 1400 2134; x_wconf 89' lang='lat' dir='ltr'><strong>dominis</strong></span> 
     </span>
     <span class='ocr_line' id='line_1_20' title="bbox 257 2158 1400 2249; baseline 0.002 -20"><span class='ocrx_word' id='word_1_136' title='bbox 257 2159 439 2230; x_wconf 86' lang='lat' dir='ltr'><strong>deAmstel</strong></span> <span class='ocrx_word' id='word_1_137' title='bbox 455 2169 489 2230; x_wconf 90' lang='lat' dir='ltr'><strong>et</strong></span> <span class='ocrx_word' id='word_1_138' title='bbox 505 2162 546 2230; x_wconf 94' lang='lat' dir='ltr'><strong>de</strong></span> <span class='ocrx_word' id='word_1_139' title='bbox 559 2161 730 2231; x_wconf 91' lang='lat' dir='ltr'><strong>Woerden</strong></span> <span class='ocrx_word' id='word_1_140' title='bbox 747 2160 909 2232; x_wconf 87' lang='lat' dir='ltr'><strong>adversus</strong></span> <span class='ocrx_word' id='word_1_141' title='bbox 923 2158 1114 2229; x_wconf 85' lang='lat' dir='ltr'><strong>Heinricum</strong></span> <span class='ocrx_word' id='word_1_142' title='bbox 1127 2163 1327 2249; x_wconf 88' lang='lat' dir='ltr'><strong>pontificem</strong></span> <span class='ocrx_word' id='word_1_143' title='bbox 1349 2163 1400 2231; x_wconf 93' lang='lat' dir='ltr'><strong>fe·</strong></span> 
     </span>
     <span class='ocr_line' id='line_1_21' title="bbox 258 2258 1400 2352; baseline 0.004 -26"><span class='ocrx_word' id='word_1_144' title='bbox 258 2258 322 2328; x_wconf 91' lang='lat' dir='ltr'><strong>dus</strong></span> <span class='ocrx_word' id='word_1_145' title='bbox 341 2261 598 2350; x_wconf 79' lang='lat' dir='ltr'><strong>conspirationis</strong></span> <span class='ocrx_word' id='word_1_146' title='bbox 617 2267 846 2352; x_wconf 85' lang='lat' dir='ltr'><strong>percusserat,</strong></span> <span class='ocrx_word' id='word_1_147' title='bbox 868 2265 1039 2348; x_wconf 85' lang='lat' dir='ltr'><strong>totamque</strong></span> <span class='ocrx_word' id='word_1_148' title='bbox 1064 2265 1183 2329; x_wconf 89' lang='lat' dir='ltr'><strong>terram</strong></span> <span class='ocrx_word' id='word_1_149' title='bbox 1199 2261 1400 2330; x_wconf 84' lang='lat' dir='ltr'><strong>Traiecteu-</strong></span> 
     </span>
     <span class='ocr_line' id='line_1_22' title="bbox 258 2359 1401 2451; baseline 0.002 -25"><span class='ocrx_word' id='word_1_150' title='bbox 258 2375 330 2427; x_wconf 89' lang='lat' dir='ltr'><strong>sem</strong></span> <span class='ocrx_word' id='word_1_151' title='bbox 364 2359 511 2428; x_wconf 89' lang='lat' dir='ltr'><strong>assiduis</strong></span> <span class='ocrx_word' id='word_1_152' title='bbox 532 2360 837 2451; x_wconf 88' lang='lat' dir='ltr'><strong>perturbationibus</strong></span> <span class='ocrx_word' id='word_1_153' title='bbox 863 2359 1094 2428; x_wconf 79' lang='lat' dir='ltr'><strong>infestaverat:</strong></span> <span class='ocrx_word' id='word_1_154' title='bbox 1130 2359 1208 2428; x_wconf 87' lang='lat' dir='ltr'><strong>ideo</strong></span> <span class='ocrx_word' id='word_1_155' title='bbox 1242 2361 1401 2430; x_wconf 89' lang='lat' dir='ltr'><strong>dominus</strong></span> 
     </span>
     <span class='ocr_line' id='line_1_23' title="bbox 258 2457 1399 2549; baseline 0.004 -26"><span class='ocrx_word' id='word_1_156' title='bbox 258 2458 440 2546; x_wconf 88' lang='lat' dir='ltr'><strong>episcopus</strong></span> <span class='ocrx_word' id='word_1_157' title='bbox 459 2477 532 2527; x_wconf 87' lang='lat' dir='ltr'><strong>cunr</strong></span> <span class='ocrx_word' id='word_1_158' title='bbox 558 2461 697 2549; x_wconf 89' lang='lat' dir='ltr'><strong>copiosa</strong></span> <span class='ocrx_word' id='word_1_159' title='bbox 720 2460 816 2527; x_wconf 87' lang='lat' dir='ltr'><strong>turba</strong></span> <span class='ocrx_word' id='word_1_160' title='bbox 837 2459 945 2548; x_wconf 90' lang='lat' dir='ltr'><strong>plebis</strong></span> <span class='ocrx_word' id='word_1_161' title='bbox 971 2464 1005 2526; x_wconf 92' lang='lat' dir='ltr'><strong>et</strong></span> <span class='ocrx_word' id='word_1_162' title='bbox 1029 2457 1144 2540; x_wconf 89' lang='lat' dir='ltr'><strong>militie</strong></span> <span class='ocrx_word' id='word_1_163' title='bbox 1170 2464 1332 2547; x_wconf 87' lang='lat' dir='ltr'><strong>potenter</strong></span> <span class='ocrx_word' id='word_1_164' title='bbox 1346 2461 1399 2528; x_wconf 89' lang='lat' dir='ltr'><strong>in-</strong></span> 
     </span>
     <span class='ocr_line' id='line_1_24' title="bbox 257 2555 1398 2649; baseline 0.002 -25"><span class='ocrx_word' id='word_1_165' title='bbox 257 2557 357 2624; x_wconf 86' lang='lat' dir='ltr'><strong>trovit</strong></span> <span class='ocrx_word' id='word_1_166' title='bbox 370 2555 551 2649; x_wconf 86' lang='lat' dir='ltr'><strong>Veluvanr,</strong></span> <span class='ocrx_word' id='word_1_167' title='bbox 571 2559 858 2646; x_wconf 21' lang='lat' dir='ltr'><strong>concrematiswque</strong></span> <span class='ocrx_word' id='word_1_168' title='bbox 879 2558 966 2625; x_wconf 90' lang='lat' dir='ltr'><strong>villis</strong></span> <span class='ocrx_word' id='word_1_169' title='bbox 981 2557 1128 2646; x_wconf 89' lang='lat' dir='ltr'><strong>plurimis</strong></span> <span class='ocrx_word' id='word_1_170' title='bbox 1148 2557 1289 2646; x_wconf 85' lang='lat' dir='ltr'><strong>predam</strong></span> <span class='ocrx_word' id='word_1_171' title='bbox 1311 2577 1398 2628; x_wconf 91' lang='lat' dir='ltr'><strong>cou-</strong></span> 
     </span>
     <span class='ocr_line' id='line_1_25' title="bbox 258 2655 1400 2748; baseline 0.004 -26"><span class='ocrx_word' id='word_1_172' title='bbox 258 2657 356 2725; x_wconf 89' lang='lat' dir='ltr'><strong>traxit</strong></span> <span class='ocrx_word' id='word_1_173' title='bbox 374 2656 495 2725; x_wconf 83' lang='lat' dir='ltr'><strong>abinde</strong></span> <span class='ocrx_word' id='word_1_174' title='bbox 511 2661 695 2748; x_wconf 81' lang='lat' dir='ltr'><strong>maximum,</strong></span> <span class='ocrx_word' id='word_1_175' title='bbox 714 2659 834 2727; x_wconf 89' lang='lat' dir='ltr'><strong>milites</strong></span> <span class='ocrx_word' id='word_1_176' title='bbox 858 2663 967 2724; x_wconf 89' lang='lat' dir='ltr'><strong>autem</strong></span> <span class='ocrx_word' id='word_1_177' title='bbox 987 2661 1020 2724; x_wconf 90' lang='lat' dir='ltr'><strong>et</strong></span> <span class='ocrx_word' id='word_1_178' title='bbox 1032 2655 1143 2724; x_wconf 88' lang='lat' dir='ltr'><strong>incole</strong></span> <span class='ocrx_word' id='word_1_179' title='bbox 1158 2656 1201 2725; x_wconf 92' lang='lat' dir='ltr'><strong>de</strong></span> <span class='ocrx_word' id='word_1_180' title='bbox 1218 2658 1400 2726; x_wconf 89' lang='lat' dir='ltr'><strong>terraGef-</strong></span> 
     </span>
     <span class='ocr_line' id='line_1_26' title="bbox 260 2753 1397 2842; baseline 0.002 -19"><span class='ocrx_word' id='word_1_181' title='bbox 260 2753 385 2823; x_wconf 88' lang='lat' dir='ltr'><strong>driensi</strong></span> <span class='ocrx_word' id='word_1_182' title='bbox 411 2763 604 2824; x_wconf 88' lang='lat' dir='ltr'><strong>constanter</strong></span> <span class='ocrx_word' id='word_1_183' title='bbox 625 2758 780 2824; x_wconf 92' lang='lat' dir='ltr'><strong>inunum</strong></span> <span class='ocrx_word' id='word_1_184' title='bbox 803 2755 996 2842; x_wconf 87' lang='lat' dir='ltr'><strong>conglobati</strong></span> <span class='ocrx_word' id='word_1_185' title='bbox 1020 2753 1266 2824; x_wconf 85' lang='lat' dir='ltr'><strong>festinaverunt</strong></span> <span class='ocrx_word' id='word_1_186' title='bbox 1287 2775 1397 2825; x_wconf 89' lang='lat' dir='ltr'><strong>econ-</strong></span> 
     </span>
     <span class='ocr_line' id='line_1_27' title="bbox 259 2854 1398 2945; baseline 0.004 -25"><span class='ocrx_word' id='word_1_187' title='bbox 259 2859 309 2921; x_wconf 86' lang='lat' dir='ltr'><strong>tra</strong></span> <span class='ocrx_word' id='word_1_188' title='bbox 334 2859 463 2943; x_wconf 85' lang='lat' dir='ltr'><strong>captam</strong></span> <span class='ocrx_word' id='word_1_189' title='bbox 485 2855 621 2944; x_wconf 88' lang='lat' dir='ltr'><strong>predam</strong></span> <span class='ocrx_word' id='word_1_190' title='bbox 651 2855 815 2923; x_wconf 87' lang='lat' dir='ltr'><strong>violenter</strong></span> <span class='ocrx_word' id='word_1_191' title='bbox 838 2860 1008 2944; x_wconf 88' lang='lat' dir='ltr'><strong>excutere,</strong></span> <span class='ocrx_word' id='word_1_192' title='bbox 1047 2859 1080 2922; x_wconf 90' lang='lat' dir='ltr'><strong>et</strong></span> <span class='ocrx_word' id='word_1_193' title='bbox 1108 2854 1274 2925; x_wconf 87' lang='lat' dir='ltr'><strong>adversus</strong></span> <span class='ocrx_word' id='word_1_194' title='bbox 1301 2858 1398 2945; x_wconf 91' lang='lat' dir='ltr'><strong>epis-</strong></span> 
     </span>
     <span class='ocr_line' id='line_1_28' title="bbox 259 2951 1397 3043; baseline 0 -21"><span class='ocrx_word' id='word_1_195' title='bbox 259 2953 411 3040; x_wconf 89' lang='lat' dir='ltr'><strong>copalem</strong></span> <span class='ocrx_word' id='word_1_196' title='bbox 425 2957 604 3022; x_wconf 89' lang='lat' dir='ltr'><strong>exercitum</strong></span> <span class='ocrx_word' id='word_1_197' title='bbox 622 2953 756 3023; x_wconf 91' lang='lat' dir='ltr'><strong>crudele</strong></span> <span class='ocrx_word' id='word_1_198' title='bbox 773 2953 896 3022; x_wconf 92' lang='lat' dir='ltr'><strong>bellum</strong></span> <span class='ocrx_word' id='word_1_199' title='bbox 911 2971 1022 3039; x_wconf 88' lang='lat' dir='ltr'><strong>agere.</strong></span> <span class='ocrx_word' id='word_1_200' title='bbox 1041 2951 1109 3021; x_wconf 90' lang='lat' dir='ltr'><strong>Sed</strong></span> <span class='ocrx_word' id='word_1_201' title='bbox 1127 2953 1285 3024; x_wconf 90' lang='lat' dir='ltr'><strong>dominus</strong></span> <span class='ocrx_word' id='word_1_202' title='bbox 1301 2957 1397 3043; x_wconf 90' lang='lat' dir='ltr'><strong>epis-</strong></span> 
     </span>
     <span class='ocr_line' id='line_1_29' title="bbox 259 3050 1398 3142; baseline 0.002 -24"><span class='ocrx_word' id='word_1_203' title='bbox 259 3068 384 3142; x_wconf 88' lang='lat' dir='ltr'><strong>copus,</strong></span> <span class='ocrx_word' id='word_1_204' title='bbox 405 3058 444 3118; x_wconf 90' lang='lat' dir='ltr'><strong>ut</strong></span> <span class='ocrx_word' id='word_1_205' title='bbox 464 3053 514 3120; x_wconf 90' lang='lat' dir='ltr'><strong>vir</strong></span> <span class='ocrx_word' id='word_1_206' title='bbox 529 3053 785 3142; x_wconf 88' lang='lat' dir='ltr'><strong>imperterritus,</strong></span> <span class='ocrx_word' id='word_1_207' title='bbox 811 3071 883 3122; x_wconf 92' lang='lat' dir='ltr'><strong>cum</strong></span> <span class='ocrx_word' id='word_1_208' title='bbox 901 3051 988 3120; x_wconf 90' lang='lat' dir='ltr'><strong>tubis</strong></span> <span class='ocrx_word' id='word_1_209' title='bbox 1009 3050 1227 3122; x_wconf 90' lang='lat' dir='ltr'><strong>stridentibus</strong></span> <span class='ocrx_word' id='word_1_210' title='bbox 1252 3059 1286 3121; x_wconf 88' lang='lat' dir='ltr'><strong>et</strong></span> <span class='ocrx_word' id='word_1_211' title='bbox 1303 3055 1398 3122; x_wconf 89' lang='lat' dir='ltr'><strong>vexi-</strong></span> 
     </span>
     <span class='ocr_line' id='line_1_30' title="bbox 258 3147 1396 3243; baseline 0.003 -26"><span class='ocrx_word' id='word_1_212' title='bbox 258 3150 299 3217; x_wconf 88' lang='lat' dir='ltr'><strong>lis</strong></span> <span class='ocrx_word' id='word_1_213' title='bbox 315 3147 520 3236; x_wconf 78' lang='lat' dir='ltr'><strong>fulgentibus</strong></span> <span class='ocrx_word' id='word_1_214' title='bbox 538 3152 699 3221; x_wconf 88' lang='lat' dir='ltr'><strong>adversas</strong></span> <span class='ocrx_word' id='word_1_215' title='bbox 720 3152 878 3220; x_wconf 88' lang='lat' dir='ltr'><strong>cohortes</strong></span> <span class='ocrx_word' id='word_1_216' title='bbox 901 3151 1099 3220; x_wconf 87' lang='lat' dir='ltr'><strong>horribiliter</strong></span> <span class='ocrx_word' id='word_1_217' title='bbox 1120 3169 1314 3238; x_wconf 88' lang='lat' dir='ltr'><strong>aggressus</strong></span> <span class='ocrx_word' id='word_1_218' title='bbox 1336 3159 1396 3243; x_wconf 87' lang='lat' dir='ltr'><strong>est,</strong></span> 
     </span>
     <span class='ocr_line' id='line_1_31' title="bbox 259 3247 1396 3339; baseline 0.002 -23"><span class='ocrx_word' id='word_1_219' title='bbox 259 3252 293 3317; x_wconf 87' lang='lat' dir='ltr'><strong>et</strong></span> <span class='ocrx_word' id='word_1_220' title='bbox 305 3248 388 3336; x_wconf 92' lang='lat' dir='ltr'><strong>ipsis</strong></span> <span class='ocrx_word' id='word_1_221' title='bbox 403 3247 589 3338; x_wconf 79' lang='lat' dir='ltr'><strong>profugatis</strong></span> <span class='ocrx_word' id='word_1_222' title='bbox 607 3269 679 3320; x_wconf 91' lang='lat' dir='ltr'><strong>cum</strong></span> <span class='ocrx_word' id='word_1_223' title='bbox 698 3251 838 3339; x_wconf 86' lang='lat' dir='ltr'><strong>captivis</strong></span> <span class='ocrx_word' id='word_1_224' title='bbox 860 3256 893 3318; x_wconf 93' lang='lat' dir='ltr'><strong>et</strong></span> <span class='ocrx_word' id='word_1_225' title='bbox 909 3251 1025 3338; x_wconf 92' lang='lat' dir='ltr'><strong>spoliis</strong></span> <span class='ocrx_word' id='word_1_226' title='bbox 1036 3251 1228 3318; x_wconf 56' lang='lat' dir='ltr'><strong>‘Traiectum</strong></span> <span class='ocrx_word' id='word_1_227' title='bbox 1247 3251 1396 3338; x_wconf 90' lang='lat' dir='ltr'><strong>gloriose</strong></span> 
     </span>
     <span class='ocr_line' id='line_1_32' title="bbox 258 3348 1396 3440; baseline 0.002 -26"><span class='ocrx_word' id='word_1_228' title='bbox 258 3363 416 3416; x_wconf 89' lang='lat' dir='ltr'><strong>reversus</strong></span> <span class='ocrx_word' id='word_1_229' title='bbox 437 3355 500 3418; x_wconf 88' lang='lat' dir='ltr'><strong>ost.</strong></span> <span class='ocrx_word' id='word_1_230' title='bbox 532 3351 582 3418; x_wconf 86' lang='lat' dir='ltr'><strong>Ex</strong></span> <span class='ocrx_word' id='word_1_231' title='bbox 603 3349 723 3437; x_wconf 86' lang='lat' dir='ltr'><strong>quibus</strong></span> <span class='ocrx_word' id='word_1_232' title='bbox 744 3349 831 3416; x_wconf 88' lang='lat' dir='ltr'><strong>idenr</strong></span> <span class='ocrx_word' id='word_1_233' title='bbox 855 3351 1034 3438; x_wconf 87' lang='lat' dir='ltr'><strong>episcopos</strong></span> <span class='ocrx_word' id='word_1_234' title='bbox 1057 3348 1142 3416; x_wconf 88' lang='lat' dir='ltr'><strong>adeo</strong></span> <span class='ocrx_word' id='word_1_235' title='bbox 1173 3349 1270 3418; x_wconf 84' lang='lat' dir='ltr'><strong>ditari</strong></span> <span class='ocrx_word' id='word_1_236' title='bbox 1296 3353 1396 3440; x_wconf 84' lang='lat' dir='ltr'><strong>oepit,</strong></span> 
     </span>
     <span class='ocr_line' id='line_1_33' title="bbox 257 3447 1394 3517; baseline 0.003 -3"><span class='ocrx_word' id='word_1_237' title='bbox 257 3451 295 3514; x_wconf 92' lang='lat' dir='ltr'><strong>ut</strong></span> <span class='ocrx_word' id='word_1_238' title='bbox 311 3447 650 3517; x_wconf 74' lang='lat' dir='ltr'><strong>castrumVredelant</strong></span> <span class='ocrx_word' id='word_1_239' title='bbox 673 3447 836 3516; x_wconf 88' lang='lat' dir='ltr'><strong>adversus</strong></span> <span class='ocrx_word' id='word_1_240' title='bbox 861 3449 1082 3516; x_wconf 88' lang='lat' dir='ltr'><strong>incursionem</strong></span> <span class='ocrx_word' id='word_1_241' title='bbox 1107 3447 1232 3516; x_wconf 89' lang='lat' dir='ltr'><strong>domini</strong></span> <span class='ocrx_word' id='word_1_242' title='bbox 1256 3448 1300 3517; x_wconf 88' lang='lat' dir='ltr'><strong>de</strong></span> <span class='ocrx_word' id='word_1_243' title='bbox 1316 3448 1394 3517; x_wconf 90' lang='lat' dir='ltr'><strong>Am-</strong></span> 
     </span>
     <span class='ocr_line' id='line_1_34' title="bbox 257 3545 1393 3636; baseline 0.002 -22"><span class='ocrx_word' id='word_1_244' title='bbox 257 3547 327 3614; x_wconf 89' lang='lat' dir='ltr'><strong>stef</strong></span> <span class='ocrx_word' id='word_1_245' title='bbox 344 3548 502 3634; x_wconf 88' lang='lat' dir='ltr'><strong>expensis</strong></span> <span class='ocrx_word' id='word_1_246' title='bbox 526 3546 712 3633; x_wconf 83' lang='lat' dir='ltr'><strong>magnificis</strong></span> <span class='ocrx_word' id='word_1_247' title='bbox 737 3545 924 3636; x_wconf 82' lang='lat' dir='ltr'><strong>edificaret,</strong></span> <span class='ocrx_word' id='word_1_248' title='bbox 951 3563 1018 3634; x_wconf 87' lang='lat' dir='ltr'><strong>quc</strong></span> <span class='ocrx_word' id='word_1_249' title='bbox 1041 3548 1321 3618; x_wconf 86' lang='lat' dir='ltr'><strong>circumiacentes</strong></span> <span class='ocrx_word' id='word_1_250' title='bbox 1337 3567 1393 3616; x_wconf 90' lang='lat' dir='ltr'><strong>ru·</strong></span> 
     </span>
     <span class='ocr_line' id='line_1_35' title="bbox 258 3645 1247 3722; baseline 0.003 -11"><span class='ocrx_word' id='word_1_251' title='bbox 258 3645 361 3713; x_wconf 90' lang='lat' dir='ltr'><strong>sticos</strong></span> <span class='ocrx_word' id='word_1_252' title='bbox 378 3661 398 3712; x_wconf 89' lang='lat' dir='ltr'><strong>a</strong></span> <span class='ocrx_word' id='word_1_253' title='bbox 416 3653 579 3715; x_wconf 86' lang='lat' dir='ltr'><strong>consueta</strong></span> <span class='ocrx_word' id='word_1_254' title='bbox 601 3645 786 3722; x_wconf 67' lang='lat' dir='ltr'><strong>rebellione,</strong></span> <span class='ocrx_word' id='word_1_255' title='bbox 798 3645 1013 3714; x_wconf 90' lang='lat' dir='ltr'><strong>consimiliter</strong></span> <span class='ocrx_word' id='word_1_256' title='bbox 1035 3647 1247 3714; x_wconf 88' lang='lat' dir='ltr'><strong>absterreret.</strong></span> 
     </span>
    </p>

    <p class='ocr_par' dir='ltr' id='par_1_5' title="bbox 257 3740 1392 4324">
     <span class='ocr_line' id='line_1_36' title="bbox 330 3740 1392 3832; baseline 0.003 -23"><span class='ocrx_word' id='word_1_257' title='bbox 330 3740 429 3812; x_wconf 87' lang='lat' dir='ltr'><strong>Anno</strong></span> <span class='ocrx_word' id='word_1_258' title='bbox 444 3745 568 3813; x_wconf 90' lang='lat' dir='ltr'><strong>domini</strong></span> <span class='ocrx_word' id='word_1_259' title='bbox 582 3745 738 3812; x_wconf 82' lang='lat' dir='ltr'><strong>mccliii.</strong></span> <span class='ocrx_word' id='word_1_260' title='bbox 749 3743 964 3812; x_wconf 82' lang='lat' dir='ltr'><strong>fbe&#39;obaldus</strong></span> <span class='ocrx_word' id='word_1_261' title='bbox 979 3743 1023 3812; x_wconf 93' lang='lat' dir='ltr'><strong>de</strong></span> <span class='ocrx_word' id='word_1_262' title='bbox 1039 3744 1176 3832; x_wconf 81' lang='lat' dir='ltr'><strong>Gbysen</strong></span> <span class='ocrx_word' id='word_1_263' title='bbox 1191 3751 1227 3814; x_wconf 92' lang='lat' dir='ltr'><strong>et</strong></span> <span class='ocrx_word' id='word_1_264' title='bbox 1242 3744 1392 3814; x_wconf 88' lang='lat' dir='ltr'><strong>Wolfar-</strong></span> 
     </span>
     <span class='ocr_line' id='line_1_37' title="bbox 258 3837 1391 3932; baseline 0.002 -24"><span class='ocrx_word' id='word_1_265' title='bbox 258 3837 1391 3932; x_wconf 87' lang='lat' dir='ltr'><strong>dusde&#39;BerroccmitescumGuidoneetfolrannedeDampierfifiis</strong></span> 
     </span>
     <span class='ocr_line' id='line_1_38' title="bbox 257 3936 1390 4032; baseline 0.004 -28"><span class='ocrx_word' id='word_1_266' title='bbox 257 3936 437 4024; x_wconf 87' lang='lat' dir='ltr'><strong>Margarite</strong></span> <span class='ocrx_word' id='word_1_267' title='bbox 456 3943 624 4010; x_wconf 88' lang='lat' dir='ltr'><strong>comitisse</strong></span> <span class='ocrx_word' id='word_1_268' title='bbox 639 3941 881 4032; x_wconf 79' lang='lat' dir='ltr'><strong>flandriensis,</strong></span> <span class='ocrx_word' id='word_1_269' title='bbox 898 3943 1107 4028; x_wconf 88' lang='lat' dir='ltr'><strong>collegerunt</strong></span> <span class='ocrx_word' id='word_1_270' title='bbox 1120 3942 1390 4011; x_wconf 88' lang='lat' dir='ltr'><strong>innumerabilem</strong></span> 
     </span>
     <span class='ocr_line' id='line_1_39' title="bbox 257 4037 1390 4131; baseline 0.002 -27"><span class='ocrx_word' id='word_1_271' title='bbox 257 4037 437 4106; x_wconf 89' lang='lat' dir='ltr'><strong>exercitum</strong></span> <span class='ocrx_word' id='word_1_272' title='bbox 455 4057 497 4106; x_wconf 92' lang='lat' dir='ltr'><strong>ex</strong></span> <span class='ocrx_word' id='word_1_273' title='bbox 510 4039 662 4108; x_wconf 76' lang='lat' dir='ltr'><strong>flandria</strong></span> <span class='ocrx_word' id='word_1_274' title='bbox 677 4041 814 4108; x_wconf 81' lang='lat' dir='ltr'><strong>Francia</strong></span> <span class='ocrx_word' id='word_1_275' title='bbox 835 4039 986 4109; x_wconf 86' lang='lat' dir='ltr'><strong>Picardia</strong></span> <span class='ocrx_word' id='word_1_276' title='bbox 1006 4047 1040 4108; x_wconf 92' lang='lat' dir='ltr'><strong>et</strong></span> <span class='ocrx_word' id='word_1_277' title='bbox 1061 4041 1218 4131; x_wconf 75' lang='lat' dir='ltr'><strong>Pictoris,</strong></span> <span class='ocrx_word' id='word_1_278' title='bbox 1238 4059 1390 4126; x_wconf 88' lang='lat' dir='ltr'><strong>magnam</strong></span> 
     </span>
     <span class='ocr_line' id='line_1_40' title="bbox 257 4134 1388 4228; baseline 0.002 -24"><span class='ocrx_word' id='word_1_279' title='bbox 257 4134 503 4223; x_wconf 89' lang='lat' dir='ltr'><strong>expeditionem</strong></span> <span class='ocrx_word' id='word_1_280' title='bbox 521 4139 717 4208; x_wconf 88' lang='lat' dir='ltr'><strong>insistentes</strong></span> <span class='ocrx_word' id='word_1_281' title='bbox 735 4157 796 4228; x_wconf 93' lang='lat' dir='ltr'><strong>pro</strong></span> <span class='ocrx_word' id='word_1_282' title='bbox 812 4138 1026 4226; x_wconf 88' lang='lat' dir='ltr'><strong>subiuganda</strong></span> <span class='ocrx_word' id='word_1_283' title='bbox 1043 4139 1221 4207; x_wconf 88' lang='lat' dir='ltr'><strong>Walaeria.</strong></span> <span class='ocrx_word' id='word_1_284' title='bbox 1245 4139 1388 4207; x_wconf 89' lang='lat' dir='ltr'><strong>Wilbel-</strong></span> 
     </span>
     <span class='ocr_line' id='line_1_41' title="bbox 257 4237 1387 4324; baseline 0.002 -23"><span class='ocrx_word' id='word_1_285' title='bbox 257 4251 330 4302; x_wconf 87' lang='lat' dir='ltr'><strong>mus</strong></span> <span class='ocrx_word' id='word_1_286' title='bbox 346 4239 457 4303; x_wconf 84' lang='lat' dir='ltr'><strong>autem</strong></span> <span class='ocrx_word' id='word_1_287' title='bbox 470 4253 529 4306; x_wconf 86' lang='lat' dir='ltr'><strong>rex</strong></span> <span class='ocrx_word' id='word_1_288' title='bbox 547 4237 889 4324; x_wconf 76' lang='lat' dir='ltr'><strong>econtraflorentium</strong></span> <span class='ocrx_word' id='word_1_289' title='bbox 904 4237 1035 4308; x_wconf 87' lang='lat' dir='ltr'><strong>fratrem</strong></span> <span class='ocrx_word' id='word_1_290' title='bbox 1047 4255 1142 4308; x_wconf 88' lang='lat' dir='ltr'><strong>suurn</strong></span> <span class='ocrx_word' id='word_1_291' title='bbox 1157 4255 1230 4306; x_wconf 89' lang='lat' dir='ltr'><strong>cum</strong></span> <span class='ocrx_word' id='word_1_292' title='bbox 1245 4239 1387 4306; x_wconf 89' lang='lat' dir='ltr'><strong>exercitu</strong></span> 
     </span>
    </p>
   </div>
   <div class='ocr_carea' id='block_1_3' title="bbox 0 0 1448 4824">
    <p class='ocr_par' dir='ltr' id='par_1_6' title="bbox 0 0 1448 4824">
     <span class='ocr_line' id='line_1_42' title="bbox 0 0 1448 4824; baseline 0 0"><span class='ocrx_word' id='word_1_293' title='bbox 0 0 1448 4824; x_wconf 95' lang='lat' dir='ltr'><strong> </strong></span> 
     </span>
    </p>
   </div>
  </div>
 </body>
</html>
