2888 4824
344 341 348 346 ,
387 287 552 336 ιιιοιιιοι
574 291 809 340 anrnonnravsn.
1096 267 1166 338 389

26 424 130 496 bardo
149 425 453 514 Nuwenburgensc
477 432 648 519 episcope.
675 429 736 499 Cui
755 433 922 502 successit
939 431 1079 504 Silridns
1096 454 1164 525 pa·
1185 448 1250 503 raso

28 527 144 594 truelis
163 528 288 618 ipsius,
316 527 372 616 qui
392 527 511 600 eodem
529 547 618 599 anno
638 529 768 599 cuidam
785 529 874 600 iratri
891 531 1023 602 Danieli
1041 534 1167 606 ordinis

27 624 273 696 l'rcdicatorum
291 629 520 698 auctoritatem
545 631 668 698 clerum
694 648 789 700 suum
809 631 965 700 visitandi
990 633 1024 700 in
1042 651 1168 722 prepo-

29 725 140 792 situris
161 732 280 795 sancte
298 726 403 796 ltlaric
421 725 604 817 Erpbordie
622 733 656 796 et
674 728 885 817 Gieobebnrg
902 733 1076 800 commisit.
1103 731 1168 815 Qui

28 825 204 911 negotium
222 832 357 896 strenue
374 844 563 919 peragens,
591 833 625 896 ct
649 831 686 896 ut
712 829 881 917 plerisque
899 829 1074 900 videbatur
1091 830 1167 900 dis·

30 925 157 992 trictius
186 943 377 1015 exequens,
404 925 573 1014 ¹quosdam
607 923 747 996 clericos
778 939 967 1017 suspensos
991 928 1169 1020 disciplina

31 1024 194 1112 corporali
212 1024 466 1094 misericorditer
479 1027 618 1118 punivit,
634 1025 797 1114 quosdam
815 1045 895 1096 vere
915 1027 1034 1097 ciliciis
1054 1036 1088 1098 et
1104 1029 1167 1100 be·

30 1121 155 1190 neficiis
171 1125 325 1214 privavit,
339 1125 823 1214 aliquoseciamcpiseopatum
834 1127 925 1196 exire
935 1129 1168 1217 compellebat

31 1219 100 1289 lloe
118 1239 213 1290 anno
231 1224 320 1293 circa
338 1223 458 1292 lestum
475 1225 657 1312 palmarum
675 1224 881 1296 Giselbertns
906 1233 1024 1296 cantor
1049 1234 1166 1298 sancte

29 1319 129 1388 llario
148 1321 410 1410 Erpbordicnsis
428 1324 595 1392 transtulit
613 1341 651 1392 se
667 1320 712 1395 ad
730 1323 850 1394 vallem
867 1323 956 1394 beati
970 1326 1119 1413 Georgii.

100 1417 204 1488 Anno
224 1420 347 1490 domini
365 1423 557 1492 mccxxxi.
576 1421 727 1492 secundo
746 1422 811 1492 kal.
828 1425 908 1494 iunii
932 1425 966 1492 in
985 1425 1167 1512 Thuringia

31 1517 60 1584 in
83 1517 189 1588 tribus
216 1522 352 1612 castris,
380 1523 510 1592 scilicet
530 1521 667 1592 Glichen
684 1521 915 1592 Wassenberc
930 1529 964 1592 et
981 1525 1167 1616 Mublbero,

33 1622 129 1686 turres
149 1625 185 1686 et
202 1621 458 1710 propugnacula
481 1639 550 1690 unc
568 1620 705 1690 lulmine
722 1623 845 1712 pariter
864 1623 1166 1694 succendebantur.

34 1713 99 1783 lloc
117 1719 226 1788 eciam
252 1737 390 1792 annov.
408 1720 473 1790 kal.
492 1720 691 1810 septembris
719 1728 833 1790 comes
851 1719 1011 1792 Albertus
1028 1722 1070 1792 dc
1089 1724 1166 1793 Wic

35 1815 162 1903 predam
180 1818 482 1888 innumerabilem
472 1838 507 1888 m
524 1820 679 1888 iumentis
704 1825 739 1890 et
763 1820 924 1907 gregibus
949 1821 1086 1892 abstulit
1102 1823 1166 1892 lir-

34 1914 296 2003 pbordiensibus.
331 1917 404 1988 Hoc
428 1936 518 1988 anno
543 1918 722 2008 capitulum
746 1920 951 2009 provinciale
968 1920 1166 2036 Predicato-

36 2032 96 2081 rum
112 2014 173 2083 luit
192 2017 386 2106 Erphordic.

100 2112 202 2184 Anno
227 2115 353 2187 domini
372 2118 577 2187 mccxxiii.
602 2119 637 2186 in
660 2115 860 2188 Alamannia
885 2081 1011 2209 pcrbda
1035 2118 1164 2190 heresis

38 2229 92 2299 pue
113 2213 238 2284 ibidem
263 2216 319 2286 diu
342 2217 474 2286 occidte
497 2217 721 2308 pullulaverat
745 2223 798 2286 est
823 2217 1042 2288 maniiestata.
1068 2217 1162 2300 Qua·
1265 2303 1269 2311 Ι

37 2317 159 2401 propter
177 2316 268 2384 eirca
284 2314 431 2385 libanum
451 2334 516 2385 nec
532 2335 601 2387 non
627 2323 660 2385 et
678 2315 756 2385 alibi
779 2317 1037 2388 innumerabiles
1060 2317 1164 2388 berc·

39 2411 84 2478 tici
100 2431 159 2501 per
175 2415 372 2501 magistrum
387 2415 574 2486 Cunradnm
592 2413 635 2486 dc
645 2416 801 2484 Marbnrc
813 2419 1009 2486 auctoritate
1024 2423 1164 2506 aposto·
1188 2473 1190 2477 ,

38 2507 92 2578 lica
109 2516 287 2582 examinati
313 2533 353 2585 ac
379 2532 439 2604 pcr
463 2517 663 2584 sententiam
688 2515 871 2585 secederem
898 2515 1067 2606 dampnati
1084 2518 1165 2604 igne

40 2609 191 2680 combusti
207 2620 296 2682 sunt.
329 2614 541 2702 Fueruntquc
560 2617 663 2684 ceiam
689 2620 847 2704 presente
872 2614 991 2684 eodem
1008 2615 1164 2687 Cunrado

40 2705 209 2796 llrpbordie
227 2714 270 2780 iii.
288 2732 366 2784 non.
384 2715 461 2781 maii
481 2709 562 2804 [mai
573 2711 612 2806 5]
633 2719 775 2802 quatuor
792 2713 965 2784 combusti.

101 2806 173 2879 Hoc
204 2831 294 2882 anno
323 2811 592 2882 discordantibus
623 2813 876 2902 archiepiscopo
902 2813 1104 2900 Mogontino
1131 2818 1165 2884 et
1267 2842 1271 2849 ·

40 2903 179 2979 Cunrado
193 2911 293 2981 iratre
317 2903 588 3001 landgravii-pro
606 2917 718 2980 monte
735 2911 972 3010 Heiligenbcrc
988 2913 1022 2980 in
1039 2911 1164 2982 Hassia
1195 2911 1197 2917 ’

42 3004 110 3094 silo,
128 3015 161 3076 ct
177 3009 267 3079 bella
284 3011 515 3100 moventibus,
537 3010 625 3080 idem
645 3010 818 3084 Cunradus
835 3011 996 3084 xvii.'lral.
1016 3011 1163 3082 octobris
1244 3045 1246 3049 ·

45 3097 132 3192 [sept
145 3106 210 3201 15]
229 3111 395 3179 civilatem
413 3109 553 3178 Vritslar
571 3116 687 3180 contra
706 3105 884 3182 multorum
899 3111 1130 3202 opinionem
1108 3112 1163 3180 in-

43 3203 145 3274 ccndio
163 3210 271 3298 cepit,
297 3227 411 3278 secum
429 3209 582 3299 captivos
601 3209 773 3280 abducens
793 3211 988 3299 episcopum
1007 3195 1163 3280 Worma-

45 3299 176 3373 cienscm
193 3326 234 3376 ac
252 3307 462 3378 Gumbertom
480 3305 629 3377 eiusdem
646 3309 712 3379 loci
730 3310 950 3398 prepositum,
975 3309 1163 3378 Heinricum

45 3393 420 3489 Heiligenstadiensem
413 3409 620 3496 prepositum
647 3413 680 3477 et
698 3407 861 3497 quosdam
886 3410 1069 3476 canonicos
1088 3425 1163 3476 cum

46 3497 105 3569 aliis
121 3502 187 3574 lere
207 3505 359 3574 ducentis
384 3505 549 3575 militibus.
582 3505 772 3576 Fridericus
798 3507 911 3594 itaque
930 3505 972 3575 do
989 3505 1163 3576 Driverdia

47 3614 77 3663 ιι
97 3603 143 3669 ιιι
167 3606 365 3694 complices,
393 3607 499 3709 ruptis
516 3605 680 3676 violenter
704 3607 833 3675 armarii
859 3606 972 3696 ostiiS,
1007 3623 1163 3692 magnam

47 3693 110 3766 inde
125 3705 297 3790 pecuniam
322 3723 342 3773 a
368 3689 499 3774 civibus'
523 3703 646 3774 ibidem
670 3705 858 3796 depositam
880 3722 979 3774 manu
997 3704 1163 3792 sacrilega

49 3795 230 3892 auferentes,
248 3802 350 3872 libros
370 3803 494 3872 calices
513 3822 553 3872 ac
572 3803 716 3874 ecclesie
744 3809 894 3874 ornatum
920 3820 993 3872 oum
1019 3809 1162 3874 sancto-

49 3909 105 3962 urm
121 3899 262 3990 reliquiis
281 3901 515 3972 distraxerunt.
541 3902 658 3972 Fertur
676 3904 780 3972 eciam
798 3921 819 3972 a
837 3901 1056 3993 quibusdam,
1072 3901 1162 3992 quod

50 3988 122 4062 dictu
138 4005 187 4067 est
203 3999 437 4116 horrendum,
427 4018 536 4093 ipsum
551 4008 801 4072 sacrosanctum
816 4019 937 4091 corpus
952 4001 1163 4072 Dominicum

51 4095 227 4168 amaleiois
253 4099 411 4169 ibidem
402 4119 437 4169 m
463 4103 616 4172 terram
607 4101 830 4190 ignominiose
856 4100 1030 4170 deiectum.
1073 4099 1164 4182 Quot

52 4195 140 4262 antem
155 4197 198 4266 ιιι
216 4200 318 4268 occisi
335 4199 392 4269 vcl
417 4201 528 4290 quot
517 4219 596 4288 igne
622 4202 811 4292 consumpti
828 4201 922 4270 novit
941 4200 1024 4270 dens
1043 4199 1162 4268 arbiter

52 4289 102 4377 ιιι,
121 4296 170 4382 qui
187 4297 291 4368 cidem
311 4299 386 4370 loco
403 4317 464 4390 per
480 4317 575 4369 suam
592 4299 757 4370 modicam
775 4301 942 4391 presentis
967 4300 1014 4367 ire
1041 4297 1161 4366 stillam
