2950 4836
421 275 612 321 uaununnnue
635 273 822 319 rennuensrs.
1117 243 1183 312 531

47 411 173 482 iunctis
191 408 255 482 sibi
271 413 476 501 Ungarorun
498 415 531 480 el
546 411 765 480 comanorum
784 412 939 503 regibus,
960 417 993 480 ol
1015 411 1183 482 nobilibus
1204 417 1268 470 12²7

49 510 90 578 de
110 511 211 582 lieno
226 513 408 583 Franoonla
425 520 458 582 et
479 513 630 602 suevia,
650 511 841 580 conllicturn
855 513 1002 580 habente
1018 529 1091 582 curn
1107 531 1186 602 pro-

49 609 141 678 diclo
168 629 251 698 rege
278 613 454 704 Bobenia,
469 613 541 699 ipse
560 629 619 680 rex
635 611 792 680 Bobenia
810 617 863 680 est
879 612 1028 702 occisus,
1047 617 1082 680 et
1103 613 1188 680 inter

49 709 220 778 cadavera
246 719 445 780 mortuorum
462 710 572 779 nudus
591 709 789 779 omnimodis
804 716 856 780 est
880 706 1068 780 inventus¹.
1094 709 1185 779 Idem

49 809 137 875 enirn
153 827 217 878 rex
230 811 388 880 Bobenia
407 810 537 879 nobiles
555 816 589 877 ct
606 809 765 898 populum
782 809 999 898 predictarum
1019 815 1186 900 terrarum,

49 907 186 976 scilicet
213 910 370 978 Bobenia
392 908 527 978 Austrie
550 908 701 978 Moravie
724 909 833 997 Styrie
854 909 1021 978 Curinlbie
1044 915 1077 978 et
1101 909 1187 978 Car-

49 1006 161 1098 niole,
193 1009 250 1096 qui
270 1015 346 1078 ante
372 1027 433 1078 sua
459 1016 608 1099 tenrporn
625 1009 750 1096 rapinis
770 1014 804 1076 el
826 1007 945 1097 spoliis
964 1010 1093 1078 assueti
1109 1007 1187 1078 lue-

49 1112 141 1195 runt,
162 1109 267 1176 multa
295 1110 487 1177 austeritate
510 1112 779 1198 compescuerat,
798 1113 832 1176 et
857 1109 929 1177 sine
951 1107 1085 1176 delectu
1108 1127 1187 1197 per·

49 1222 213 1274 sonarum
230 1209 264 1275 in
279 1209 458 1276 severitate
476 1209 607 1276 iusticie
627 1207 674 1275 ita
697 1224 853 1292 magnum
873 1206 1078 1276 iudicaverat
1101 1209 1188 1276 siout

48 1323 201 1392 parvum.
226 1307 269 1374 Et
294 1307 336 1376 ob
359 1307 423 1376 boc
445 1306 584 1396 predicti
609 1305 743 1373 nobiles
763 1323 837 1373 eurn
860 1307 1002 1374 latenter
1022 1305 1187 1376 babentes

51 1402 129 1472 odio
162 1404 383 1474 deseruerunt
406 1409 527 1496 aclenr,
559 1423 598 1474 ac
620 1405 730 1493 ipsum
754 1421 829 1486 curn
854 1407 971 1494 paucis
1000 1407 1188 1495 expositum

49 1501 208 1572 hostibus
231 1504 433 1574 dimiserunt.
466 1503 564 1586 Quod
580 1521 653 1573 cunr
670 1505 744 1592 ipse
765 1521 824 1572 rex
842 1507 1072 1595 conspiceret,
1090 1505 1187 1574 scili-

53 1607 106 1669 cet
124 1621 263 1672 suorunr
282 1603 445 1674 adiutorio
464 1623 501 1673 se
518 1605 700 1694 privatum,
721 1620 795 1672 oum
811 1603 877 1672 illis
893 1605 1011 1694 paucis
1036 1605 1094 1692 qui
1107 1600 1193 1674 mori

53 1700 231 1788 elegerant
253 1721 312 1792 pro
339 1703 473 1772 domino
489 1711 522 1772 et
539 1703 661 1792 patria,
680 1704 714 1770 in
731 1701 843 1770 turbas
867 1704 1010 1772 bosliunr
1027 1705 1189 1792 prosiluit.

52 1799 93 1866 Et
110 1803 217 1871 multa
235 1807 346 1890 strage
366 1803 408 1872 ab
433 1821 474 1872 eo
490 1803 598 1892 lacta,
618 1807 682 1870 tarn
703 1802 777 1889 ipse
797 1819 894 1888 quam
911 1802 1047 1891 predicti
1071 1802 1188 1871 fideles

52 1899 85 1966 in
103 1903 181 1969 acie
201 1898 399 1970 ceciderunt.
426 1903 506 1970 Post
524 1904 620 1970 cuius
635 1909 773 1970 rnorlerrr
792 1907 878 1968 terra
890 1901 1049 1968 Bobenrie
1068 1901 1189 1969 etMo·

55 2001 146 2067 ravie
175 2001 285 2068 rnrrllis
314 2001 579 2070 tribulationibus
604 2007 657 2068 est
679 2001 841 2088 exposita.
861 1999 957 2082 ‚Nanr
977 2000 1064 2068 filius
1082 2001 1189 2088 ipsius

55 2099 145 2183 regis
173 2099 333 2168 Bobernie
359 2103 491 2170 iuvenis
518 2108 605 2190 erat,
631 2105 664 2167 et
686 2117 747 2188 per
771 2098 994 2168 marchionem
1018 2098 1060 2168 de
1078 2100 1190 2167 Bran-

56 2195 159 2265 burob
186 2199 220 2265 in
244 2200 346 2268 tutele
373 2199 527 2268 custodio
549 2199 761 2286 servabatur,
787 2202 820 2266 et
836 2199 911 2286 ipsa
928 2204 1013 2267 terra
1030 2197 1190 2268 Bobenrle

57 2301 119 2364 lunr
137 2315 201 2386 per
217 2298 345 2367 incolas
372 2317 470 2387 quarn
491 2299 686 2388 perducem
705 2296 895 2366 Heinricurn
913 2298 1110 2367 Bratisiavie
1128 2299 1191 2364 nri-

60 2397 244 2465 serabiliter
268 2399 472 2467 vastabatur.
507 2400 637 2467 Interea
662 2399 768 2466 eciarn
793 2397 909 2466 relicta
934 2397 1073 2486 predicti
1097 2397 1190 2484 regis

58 2493 217 2564 Bobenrie
236 2495 328 2564 duxit
344 2499 493 2584 legitime
512 2496 678 2586 qrrendarn
697 2495 843 2565 nobilem
861 2495 903 2565 de
921 2497 1100 2588 Bobenia,
1127 2497 1192 2564 Ze·

60 2592 211 2662 bisoburn
230 2597 379 2686 nomine,
399 2596 441 2664 de
460 2599 663 2683 cognatione
682 2597 882 2690 Bitigonum,
906 2597 962 2683 qul
981 2595 1123 2684 sepefatl
1136 2613 1191 2662 re-

62 2693 112 2776 gis
138 2695 300 2762 Bobemie
323 2695 454 2764 validus
480 2695 585 2764 luerat
609 2702 813 2784 persecutor.
849 2693 917 2763 Sed
944 2693 1078 2762 tandem
1105 2693 1190 2762 iulius

62 2794 150 2878 regis
160 2784 184 2884 ²,
208 2793 336 2863 ducens
354 2797 387 2862 in
410 2813 547 2864 uxorem
566 2795 664 2863 filiurn
682 2793 806 2862 donnini
823 2792 953 2861 liudolfi
970 2791 1191 2862 Romanorum

62 2895 150 2976 regis
170 2899 204 2960 et
222 2911 363 2979 regnare
381 2895 563 2984 incipienS,
582 2893 724 2962 eundern
742 2893 962 2982 Zebiscbum,
982 2893 1038 2980 qui
1055 2909 1115 2980 per
1135 2909 1191 2960 re-

64 2987 1262 3081 mmmmmmmfflmmmmww·

65 3090 198 3175 signare
221 3093 345 3182 voluit,
371 3101 497 3162 mortua
523 3092 690 3180 quondam
716 3091 848 3180 regina,
874 3091 1056 3179 captivavit
1081 3096 1115 3159 et
1132 3107 1192 3159 oc-

67 3189 159 3280 cidit,
187 3189 319 3260 duobus
346 3191 421 3259 filiis
447 3209 533 3280 quos
561 3209 602 3260 ex
627 3189 743 3260 eadem
762 3189 896 3258 domina
913 3189 1074 3260 babuerat
1092 3191 1192 3260 exilio

65 3284 240 3376 deputatis.
266 3289 305 3358 Et
324 3293 401 3378 quia
420 3291 537 3360 lralres
557 3290 706 3359 eiusdem
729 3289 887 3357 Zebisobi
906 3295 939 3357 et
956 3290 1059 3376 aliqui
1076 3290 1132 3356 alii
1150 3287 1192 3356 de

65 3403 124 3455 sua
149 3389 321 3475 parentela
348 3407 386 3457 se
413 3389 456 3458 ob
476 3389 541 3458 boc
558 3391 630 3475 regi
648 3388 806 3456 Bobemie
826 3393 1074 3476 opposuerunt,
1093 3405 1154 3455 eos
1174 3407 1193 3454 a

65 3502 169 3572 regno
189 3506 251 3555 suo
271 3491 401 3577 penitus
421 3490 548 3578 expulit
565 3495 598 3556 et
616 3478 777 3574 lvrgavll.³

135 3585 262 3654 Eodern
278 3605 366 3656 anno
383 3585 729 3656 dominimoclxnvii.
743 3583 814 3653 Leo
828 3583 1083 3672 Ratisponensis
1100 3584 1193 3672 epis-

68 3699 169 3773 copus
186 3685 266 3754 obiit
285 3688 319 3754 in
337 3687 451 3772 vigilia
466 3685 563 3754 beate
579 3686 768 3771 Margarete
785 3680 859 3774 [iuli
880 3679 954 3772 l2].
984 3681 1047 3763 Qui
1063 3689 1194 3750 rexerat

66 3779 341 3872 Ratisponensenr
359 3785 534 3854 ecclesiam
553 3783 740 3854 octodcoirn
758 3782 855 3850 annis
870 3781 1194 3850 etvirnrultelitera-

68 3885 135 3950 ture
154 3889 188 3951 et
204 3883 378 3972 prudentie
390 3884 459 3952 luit.
477 3884 537 3951 Cui
549 3878 1060 3951 successitdominusHeinricus
1080 3899 1194 3950 comes

68 3977 104 4046 de
118 3979 324 4074 Roteneklrc,
346 3982 497 4052 ciusdem
515 3982 660 4050 ecclesie
679 3979 863 4048 canonicus
882 3985 915 4046 et
933 3975 1195 4049 archidiaconus.

101 4154 131 4222 l)
148 4169 219 4208 anno
237 4155 339 4210 rlorniui
357 4155 549 4212 nueclnnviii.
573 4156 688 4225 septimo
710 4152 764 4208 kal.
783 4149 944 4223 seplerubris
960 4151 1033 4206 steht
1050 4149 1111 4206 bier
1127 4152 1197 4205 nocb

69 4218 111 4342 33
126 4221 167 4344 fis
191 4225 223 4293 2)
241 4221 373 4279 Bobernie
390 4224 463 4278 steht
481 4223 540 4278 bier
558 4225 627 4279 norb
647 4222 690 4277 bei
708 4221 737 4276 O.
775 4223 806 4290 3)
818 4220 1075 4292 duobus-expulit
1090 4218 1157 4274 fehlt
1170 4221 1197 4273 iu

947 4368 1002 4427 ee*
