2890 4832
402 261 440 309 rx
461 259 585 308 aurnuao
607 261 768 308 uaoorrnsr.
1088 230 1158 302 ³⁷5

38 401 67 472 in
83 399 167 470 ouria
190 397 339 472 Romana
359 398 401 470 uh
423 398 625 470 advorsariis
646 401 781 488 reoepit.
807 386 871 480 our
893 398 1071 486 assumptis
1094 415 1153 468 se·
1174 407 1239 464 taor

40 517 104 570 oum
120 515 180 568 sex
198 498 395 589 abhatibus,
423 516 461 566 se
486 498 622 568 vidente
643 504 677 568 et
698 498 870 570 assidente
892 499 981 568 oioro
1004 495 1156 588 Colonia,

38 598 146 668 tanotis
170 599 395 668 saerosanotis
419 599 622 687 evangeliis,
649 599 791 686 septima
813 617 913 666 manu
930 615 969 666 se
983 595 1025 664 de
1044 596 1157 668 onni-

38 697 91 768 ius
108 697 248 768 obieetis
265 699 505 785 innoxiumpor
517 703 760 768 saoramenturn
774 696 924 766 reddidit.
943 693 1045 766 Cuiua
1064 694 1157 764 oleo-

38 792 1157 887 tiononroardinaiisstatiraoontirmuvit,et[enrn]soilernpnitoroum

38 913 146 980 arogno
165 895 310 984 tripudio
328 897 361 966 in
380 895 555 966 eeclesiam
569 895 657 966 beati
670 895 755 964 Petri
768 894 906 964 induxit.
921 892 1157 975 ¹(inenumera-

39 995 150 1066 tissima
168 1002 270 1064 noeto
288 994 540 1066 resurrectionis
559 995 593 1064 in
614 994 846 1082 presbyterum
864 993 1044 1082 ordinavit,
1071 997 1106 1062 ot
1121 993 1156 1064 iu

37 1095 150 1164 oetavis
183 1094 313 1183 pasoire
345 1090 432 1185 [apr.
457 1089 522 1184 21]
553 1095 588 1162 in
612 1094 807 1183 episcopum
836 1091 1065 1182 eonsecravit,
1092 1107 1156 1162 neo

38 1193 126 1264 auito
142 1201 224 1284 post
240 1196 274 1263 in
293 1193 410 1264 sedem
432 1210 526 1264 suam
545 1210 619 1262 oum
636 1211 758 1279 magna
774 1192 879 1262 letitia
898 1191 1046 1261 iirroavit.
1065 1241 1072 1258 .
1091 1241 1099 1256 .

89 1289 187 1364 Anno
196 1292 322 1362 domini
332 1293 468 1362 mooiii.
478 1343 505 1360 ..
520 1287 610 1362 Obiit
621 1309 736 1363 eomes
745 1290 932 1362 Hoilundie.
947 1289 1047 1360 Cuius
1056 1287 1156 1360 ilium

37 1409 119 1478 ouon
146 1391 297 1462 habebat
322 1393 454 1462 unioanr
477 1408 590 1460 eomes
620 1390 663 1461 de
686 1390 756 1460 Los
781 1392 890 1462 siddim
924 1388 1155 1478 desponsavit,

36 1489 198 1562 idelitates
217 1491 386 1561 hominurn
406 1497 491 1563 torro
507 1491 649 1579 decepit,
667 1495 701 1562 et
714 1507 787 1558 eum
807 1507 962 1560 securum
983 1506 1021 1558 se
1038 1487 1072 1558 in
1090 1487 1156 1558 ista

36 1589 128 1677 patria
155 1607 235 1660 esse
262 1589 430 1676 erederet,
449 1607 504 1660 res
529 1607 567 1658 se
590 1591 685 1660 aliter
701 1589 823 1660 habuit.
850 1587 1044 1658 Guilleirous
1068 1586 1156 1658 onitu

35 1688 119 1758 iuter
136 1690 270 1760 domitis
285 1687 546 1760 Holiaodiovisu
561 1689 818 1778 opportunitate,
834 1687 983 1758 oouiisus
997 1685 1039 1756 de
1057 1686 1155 1758 auxi-

35 1787 71 1858 lio
89 1787 258 1860 hominum
272 1793 359 1859 terre
368 1839 378 1878 ,
398 1789 509 1858 comiti
527 1793 561 1856 et
572 1789 668 1858 uxori
684 1787 825 1858 insidias
842 1787 975 1876 posuit,
994 1801 1155 1872 assump-

36 1887 68 1956 tis
81 1888 127 1956 eis
143 1889 202 1975 qui
220 1887 414 1958 fidelitatem
432 1887 582 1958 ieoorant
595 1887 714 1958 domiti.
733 1885 853 1956 Comes
870 1891 980 1956 autem
996 1885 1053 1956 vix
1070 1901 1154 1954 ova-

36 1987 83 2075 sit,
99 2005 240 2058 uxorem
268 1987 340 2056 eius
365 1987 497 2056 retinuit
521 1991 555 2056 et
572 1990 671 2058 totam
691 1981 938 2076 [Hoiiandium]
959 2001 1022 2056 suo
1041 1981 1154 2054 dorni-

34 2086 79 2154 nio
96 2086 299 2174 subiugavit,
319 2087 471 2156 corniton
487 2103 524 2156 se
541 2086 701 2174 appellari
712 2084 800 2175 ieoit,
818 2084 1019 2170 multamque
1033 2101 1052 2152 a
1068 2079 1154 2154 duae

35 2185 189 2274 aooipiens
208 2185 385 2274 paeonium
404 2191 438 2256 et
452 2202 598 2255 annuum
619 2183 773 2274 feodum,
791 2184 890 2254 homo
910 2182 1009 2254 huius
1033 2186 1087 2252 ost
1102 2177 1154 2253 es-

35 2282 137 2354 iaetus.
159 2274 247 2354 'Otto
264 2303 322 2354 rex
339 2285 456 2353 iterum
474 2283 654 2356 Saxoniarn
671 2283 864 2373 ingreditur,
883 2283 1011 2352 sooium
1023 2278 1154 2352 habens

37 2383 205 2454 deidonorn
235 2383 460 2472 oardinalorn,
488 2384 543 2470 oui
571 2399 740 2454 asumma
770 2382 927 2472 pontiioo
956 2375 1154 2452 innoeentio

34 2483 141 2552 nissus
158 2489 196 2552 ui
215 2483 290 2553 eius
308 2500 446 2568 regnum
468 2487 760 2569 quantumcunque
786 2487 905 2570 posset
933 2482 1154 2569 promoveret.

34 2581 115 2650 iidti
137 2583 326 2671 prinoipnrn
351 2588 437 2652 torre
465 2580 627 2650 obediunt
649 2582 721 2667 regi
738 2582 794 2668 qui
813 2582 904 2670 prius
927 2579 958 2649 ei
978 2582 1072 2648 eraut
1090 2574 1153 2648 ad·

35 2681 165 2750 versarii.
193 2681 364 2768 Philippus
382 2679 515 2750 Saevus
529 2697 602 2752 oum
617 2680 687 2750 suis
702 2678 821 2750 obvius
840 2677 932 2750 vonit
952 2677 999 2765 oi,
1018 2673 1080 2746 sed
1095 2675 1153 2746 in-

35 2777 139 2849 oiioax
155 2781 309 2851 recessit.
335 2778 440 2850 Multo
457 2779 608 2850 eivitatos
624 2778 748 2867 oppida
768 2778 929 2865 vitioque
947 2776 1038 2864 prius
1059 2778 1154 2845 erant

35 2877 235 2969 oirobelies,
260 2879 400 2948 maxime
430 2877 614 2948 Gosiurium
640 2884 674 2946 et
696 2876 865 2966 Erbeiort,
891 2873 991 2946 inodo
1018 2873 1100 2943 iiunt
1121 2872 1153 2946 oi

36 2976 222 3048 obedientes
241 2983 274 3046 et
287 2977 433 3048 tribules.
449 2975 543 3048 Ciroa
559 2975 682 3050 testum
698 2978 842 3046 omniurn
857 2980 1045 3044 sanatorum
1056 2967 1153 3061 [nov.

37 3072 69 3165 i]
93 3075 266 3146 Coloniam
294 3075 471 3148 redierunt
503 3071 591 3146 Ante
613 3073 792 3145 adventum
821 3075 945 3144 domini
974 3070 1152 3144 cardinalia

35 3171 181 3246 Leodiuno
199 3174 315 3266 rediit,
335 3180 368 3246 ot
382 3173 518 3246 ordines
532 3176 566 3246 in
579 3174 694 3261 vigilia
710 3175 818 3244 saneti
832 3173 958 3244 Thomu
975 3169 1066 3264 [dee.
1085 3166 1151 3264 20]

35 3270 115 3362 ieoit;
131 3292 263 3363 pauoos
285 3280 395 3344 tamon
417 3272 592 3344 ordinavit.
611 3325 618 3342 .
637 3325 644 3342 .

96 3373 193 3445 dano
212 3372 337 3444 doroini
355 3374 500 3444 rnediiii.
519 3425 527 3442 .
546 3425 553 3439 .
572 3371 693 3442 Comes
712 3371 755 3442 de
768 3371 837 3442 Los
855 3370 1036 3458 assumptis
1050 3367 1151 3440 Flan-

37 3467 197 3542 drensibus
218 3478 251 3542 et
275 3473 435 3542 universo
459 3473 604 3543 exercitu
633 3488 696 3540 suo
726 3468 936 3540 Hoiiandiarn
959 3465 1152 3554 ingreditur.

38 3567 90 3648 Qui
112 3573 144 3640 in
173 3573 279 3661 prioro
300 3571 454 3642 ooossietu
478 3587 617 3659 oompos
640 3570 822 3640 voluntatis
849 3587 909 3640 sue
934 3567 1062 3651 extitit3
1088 3562 1151 3636 sed

36 3671 234 3754 postmodum
250 3672 368 3761 vietus,
388 3675 484 3758 oopta
502 3667 709 3740 mudtitudine
727 3669 829 3758 partis
841 3685 902 3738 suo
918 3671 952 3734 et
966 3665 1151 3752 submersa,

38 3767 186 3852 inglorius
201 3769 312 3859 rediit,
330 3787 434 3840 uxore
454 3787 516 3840 sua
531 3770 564 3838 in
589 3767 783 3856 eaptivitate
801 3771 1003 3836 remanente.
1030 3762 1151 3834 Comes

37 3862 174 3938 Fiaadrie
205 3887 278 3940 euro
311 3869 505 3941 Venetianis
537 3867 859 3954 Constantinopolim
889 3863 1075 3951 ingreditur
1092 3915 1099 3928 .
1119 3915 1151 3933 ..

40 3961 105 4034 Otto
123 3968 340 4038 Pietavionsis
359 3974 392 4036 et
410 3967 579 4055 Phiiippus
600 3965 731 4036 Suevos
751 3964 860 4036 adhue
880 3963 1087 4036 oontondnut
1108 3960 1151 4032 de

39 4065 177 4156 inperio,
196 4066 257 4138 aed
272 4085 350 4154 pars
370 4063 504 4136 Ottonis
525 4065 704 4136 iuirmntur
722 4117 728 4130 .
748 4117 780 4134 ..

101 4162 195 4234 Anno
211 4165 335 4238 domini
351 4183 475 4236 raeav.
492 4164 661 4252 Phiiippus
679 4181 756 4252 rex,
775 4163 860 4232 ilius
878 4159 1036 4230 Friderioi
1054 4167 1149 4242 arag-

39 4259 113 4331 niioi
132 4265 353 4355 imperatoris,
379 4263 593 4336 adversarios
619 4279 700 4334 suos
727 4260 896 4349 diguiiurn
918 4257 1149 4344 arehiepisoo-
