2886 4834
204 187 207 190 ·
274 151 319 218 58
638 175 800 222 cnaovrcuu
822 178 1033 224 conuxnrrvse.

187 325 252 379 rare
270 322 378 384 autem
402 314 540 384 reddere
561 333 682 403 pueros
709 312 912 381 contradicit.
940 316 1033 384 Tune
1052 317 1275 384 Wiennenses
1295 333 1387 382 exer-

268 417 332 482 eitu
355 421 563 500 congregato
579 416 668 500 regis
688 412 843 480 bohemie
863 415 1020 484 terminos
1036 417 1261 503 intraverunt,
1286 419 1318 480 et
1335 431 1389 480 ax-

267 515 424 602 pugnatis
438 514 675 581 munitionibus
693 517 726 578 et
746 511 933 579 eivitatibns
951 514 1101 600 pluribus
1124 513 1166 580 ad
1188 513 1320 600 propria
1339 529 1390 577 re-

269 612 410 680 dierunt.

341 709 470 778 Videns
484 715 592 778 antem
609 724 667 775 rex
682 707 840 777 Bohemie
856 709 947 796 quod
962 729 1028 779 uon
1048 717 1166 798 posset
1189 713 1264 797 regi
1278 709 1390 778 Roma-

268 828 384 878 norum
409 810 583 895 resistere,
613 805 794 876 humiliavit
822 827 859 876 se
888 815 921 876 et
943 811 1106 878 oommisit
1129 827 1166 877 se
1195 811 1302 895 gratie
1329 827 1389 876 sue.
1426 803 1427 888 t

268 909 436 996 Principes
449 914 667 991 autemreges
681 907 743 974 sub
754 907 815 974 hiis
826 908 1073 976 conditionibus
1085 908 1387 976 eonoordabantur:
1426 921 1427 986 t

268 1006 411 1074 debebat
432 1024 490 1074 rex
503 1005 721 1074 Bobemorum
742 1006 838 1073 liliam
853 1024 947 1074 suam
971 1007 1036 1074 lilio
1056 1009 1147 1093 regis
1168 1006 1302 1076 Rudolli
1323 1025 1387 1072 ma·
1426 1041 1427 1050 κ

269 1108 421 1174 trimonio
445 1105 618 1193 copulare,
644 1104 771 1190 regalia
793 1123 856 1172 sua
882 1107 967 1172 sieut
991 1105 1125 1173 deceret
1148 1105 1190 1174 ab
1215 1107 1292 1194 ipso
1313 1106 1390 1171 reei—
1426 1153 1427 1164 3

266 1223 359 1294 pere,
381 1212 414 1272 et
438 1211 606 1272 treoentos
632 1203 752 1270 milites
780 1221 852 1271 eum
873 1206 968 1291 equis
991 1205 1171 1293 phaleratis
1196 1206 1232 1272 in
1257 1205 1391 1272 exercitu

268 1306 358 1390 regis
375 1303 495 1370 dueere
514 1300 648 1389 quaudo
670 1301 780 1369 vellet.
1426 1353 1427 1380 3

342 1399 412 1470 Rex
440 1401 599 1469 Bohemie
621 1401 729 1468 multis
756 1401 911 1468 militibus
936 1403 1031 1488 equis
1054 1402 1203 1472 vestibus
1231 1402 1388 1469 deauratis
1426 1439 1427 1442 =

269 1501 477 1586 gemmisque
497 1499 674 1566 deeoratus
691 1517 728 1567 se
745 1502 934 1588 preparavit
953 1507 987 1568 ut
1006 1502 1133 1586 regalia
1151 1503 1263 1568 statim
1282 1520 1301 1567 a
1319 1517 1387 1584 rege

270 1601 455 1686 suseiperet
470 1597 700 1666 Romanorum.
726 1597 799 1665 Hae
811 1617 884 1666 eum
901 1601 1068 1686 prirruipes
1083 1599 1213 1668 liudolfi
1233 1601 1324 1685 regis
1341 1599 1388 1664 iu-

271 1698 494 1786 tellexissent,
520 1698 592 1782 regi
617 1714 689 1763 eum
713 1696 837 1782 gaudio
856 1698 1038 1766 retulerunt
1058 1698 1300 1785 dixeruntque:
1326 1697 1387 1763 lio-
1426 1741 1427 1758 ,

270 1798 368 1879 miae,
378 1799 559 1881 preparate
572 1811 631 1862 uos
646 1797 731 1862 sieut
743 1796 958 1882 deret-regem
972 1797 1111 1866 uestibus
1123 1799 1292 1882 pretiosio.
1308 1797 1387 1862 'lune
1426 1835 1427 1878 p

270 1913 327 1964 rex
346 1894 442 1963 dixit:
468 1894 541 1962 nea
555 1892 708 1960 Bobenrie
727 1897 872 1979 griseum
886 1900 1006 1962 uestem
1026 1914 1135 1966 meum
1150 1897 1262 1980 sepius
1279 1895 1388 1973 deman,
1426 1935 1427 1978 3

270 2011 354 2062 nune
375 1996 481 2061 autem
502 1995 606 2078 iprum
622 2011 697 2060 urea
713 1995 812 2060 oestir
827 1995 940 2078 prisea
955 1994 1119 2062 deridebit.
1148 1995 1228 2062 Post
1251 1994 1316 2062 hee
1335 2009 1388 2058 no·
1426 2035 1427 2077 3

270 2095 352 2160 tario
370 2110 432 2160 suo
449 2091 546 2159 dixit:
571 2091 628 2158 liu
638 2091 777 2176 pellium
792 2095 879 2158 tumn
892 2091 985 2174 milri,
999 2097 1036 2158 ut
1049 2111 1111 2160 ree
1126 2091 1283 2159 Bobemie
1300 2107 1391 2157 meum
1426 2133 1427 2177 3

271 2192 659 2276 derideetpnupertetem
687 2187 897 2258 Adveniente
912 2209 993 2276 rege
1011 2192 1230 2262 Bobemorum
1249 2190 1389 2258 dixitrex
1426 2233 1427 2275 3

162 2317 165 2324 ·
270 2290 490 2358 Romanorum
510 2288 666 2356 militibus
688 2291 776 2358 suis:
792 2289 911 2356 Armis
934 2291 1051 2356 uestro
1066 2291 1243 2372 induimini
1265 2289 1389 2355 deetru-
1426 2332 1427 2375 3

269 2389 339 2455 rios
362 2391 488 2454 uestros
513 2386 666 2470 torrente,
696 2391 729 2453 et
750 2388 798 2454 ad
819 2386 937 2454 delium
960 2392 997 2454 et
1011 2389 1124 2456 melier
1143 2391 1297 2474 poteritis
1318 2403 1387 2470 pre·
1426 2432 1427 2474 3

265 2480 607 2572 aerumnarumque
630 2489 763 2570 purtem
794 2487 844 2552 oie
865 2505 930 2570 per
958 2503 1056 2571 quem
1080 2505 1143 2552 rere
1172 2492 1326 2553 uenturus
1350 2484 1389 2548 et
1426 2553 1427 2560 ἵ

268 2585 559 2670 processionaliter
574 2588 748 2669 normanie,
771 2589 804 2650 et
814 2603 980 2652 armorum
1000 2585 1244 2652 Teutonicum-m
1261 2583 1388 2669 plurium
1426 2637 1427 2671 3

271 2683 424 2752 barbaria
439 2682 624 2750 audoaldus
643 2683 808 2750 ostendite.
921 2761 922 2764 ,

346 2775 438 2852 Hiis¹
457 2783 507 2849 sio
525 2781 568 2850 ad
588 2783 677 2867 regis
693 2781 897 2852 voluntatem
917 2785 1100 2868 preparatis
1111 2833 1119 2869 ,
1136 2783 1227 2848 venit
1250 2799 1308 2871 rex
1329 2781 1386 2846 Bo·
1426 2825 1427 2846 i

270 2881 380 2948 hemie
394 2898 466 2948 oum
485 2879 635 2947 vestibus
655 2879 822 2948 deauratis
840 2886 873 2947 et
895 2881 1002 2965 gloria
1024 2881 1117 2965 regia
1135 2878 1303 2967 fulgente,
1322 2893 1387 2964 pro·
1426 2923 1427 2969 3

274 2978 354 3045 oidit
368 2977 410 3046 ad
427 2976 532 3064 pedes
553 2979 643 3062 regis
664 2977 901 3067 Romanorum,
923 2978 1087 3044 humiliter
1103 2978 1144 3044 ab
1164 2995 1204 3045 eo
1220 2996 1284 3044 sua
1302 2993 1387 3059 rega·
1426 3023 1427 3066 p

273 3078 318 3144 lia
333 3075 546 3165 mendicavit,
567 3077 703 3165 insuper
720 3083 754 3144 et
772 3083 904 3144 eentum
927 3077 1059 3144 millium
1086 3095 1268 3144 marearum
1287 3071 1387 3141 reddi-

274 3182 347 3263 tus,
380 3181 413 3242 et
436 3173 656 3259 quadraginta
679 3176 812 3243 millium
845 3193 1023 3242 marearum
1032 3228 1041 3264 ,
1058 3181 1153 3261 'quas
1176 3171 1309 3244 Austrie
1336 3170 1389 3238 dux
1426 3219 1427 3266 3

273 3269 437 3342 habuerat
447 3278 481 3340 et
489 3291 548 3340 rex
560 3273 769 3342 Bohemiede
784 3275 901 3359 regina
914 3273 1104 3358 Margarata
1114 3272 1323 3360 possederat,
1340 3285 1386 3335 re·
1426 3321 1427 3364 3

274 3373 428 3459 signavit.
456 3371 550 3440 Tune
572 3391 630 3440 rex
654 3371 874 3440 Romanorum
900 3373 972 3456 re'gi
996 3372 1155 3439 Bobemie
1181 3389 1319 3458 regnum
1338 3382 1388 3434 neo

268 3489 343 3540 non
359 3477 391 3540 et
404 3471 532 3556 regalia
547 3473 733 3560 eoneessit,
758 3477 791 3538 et
805 3488 844 3538 se
861 3471 1000 3538 amioum
1018 3487 1113 3539 sunm
1131 3471 1280 3538 intimum
1294 3465 1386 3536 omni-

274 3571 336 3637 bus
358 3569 544 3638 astantibus
561 3571 731 3636 intimavit.
755 3568 847 3655 Rege
865 3569 1087 3636 Romanorum
1106 3569 1169 3634 hee
1186 3567 1327 3636 faeiente
1342 3565 1387 3629 in·

275 3667 374 3736 dutus
391 3675 486 3736 veste
503 3668 614 3752 grisea
636 3667 815 3756 despeetus
832 3673 865 3735 et
887 3667 1016 3736 bumilis
1038 3667 1220 3756 apparebat
1239 3673 1273 3734 et
1293 3667 1323 3732 in
1341 3661 1385 3728 tri-

275 3766 363 3854 pode
384 3766 561 3834 residebat.
769 3825 771 3830 .

349 3865 428 3932 Post
440 3881 565 3951 paneas
580 3867 784 3952 septimanas
797 3859 938 3952 penituit
951 3881 1066 3949 regem
1079 3863 1297 3944 Bobemorum
1313 3853 1385 3946 quod

275 3980 313 4030 se
342 3961 536 4030 subdiderat
561 3965 632 4047 regi
662 3963 891 4032 Romanorum.
925 3961 1015 4029 Vidit
1047 3963 1133 4030 enim
1161 3980 1221 4029 rex
1240 3956 1383 4030 ⁴Bobenia

277 4059 368 4148 quod
386 4077 444 4130 rex
467 4059 630 4130 Rudollus
652 4063 753 4129 multa
772 4061 976 4151 possederat
998 4061 1160 4128 bonorum
1186 4067 1219 4128 et
1243 4065 1343 4129 tamen
1359 4053 1383 4117 in

312 4187 341 4251 l)
362 4185 411 4238 hee
429 4185 473 4238 hat
492 4185 539 4238 der
557 4185 641 4238 druek
660 4202 716 4238 was
734 4185 776 4239 ioh
795 4185 914 4239 inderte.
