2890 4832
350 241 489 289 causamn
511 242 581 288 vira
601 243 625 290 s
646 242 839 290 rncuucrarr.
1086 217 1156 288 329

44 382 160 466 orilegis
176 381 227 448 his
246 381 365 450 similia
381 384 434 450 vel
451 382 549 450 etiam
575 383 701 450 maiora
727 380 868 452 audituri
885 385 999 452 simus.
1027 382 1095 452 Sed
1112 383 1156 452 de
1226 405 1230 414 ·

42 483 84 548 his
101 482 183 548 satis.
210 479 304 548 Nunc
320 498 420 569 porro
443 480 485 550 dc
505 481 671 550 miraculis
688 488 722 549 et
737 481 910 552 beneficiis
933 501 998 571 quc
1019 483 1062 550 ob
1083 485 1156 552 eius

43 581 141 647 merita
159 578 357 648 declaranda
376 588 566 670 prestantur
585 580 720 648 iniirmis
747 581 888 668 quedam
915 581 1059 650 dicenda
1079 588 1157 651 suni

44 679 75 746 ad
97 679 251 746 honorem
276 679 398 748 domini
423 682 529 748 nostri
555 679 639 747 lesu
660 679 799 770 Christi,
831 682 884 749 oui
909 699 984 750 oum
1003 687 1096 770 patre
1122 687 1157 749 et

44 779 142 866 spiritu
158 784 275 847 sancto
288 779 395 848 honor
409 787 443 850 et
456 781 624 870 imperium
640 780 673 848 in
689 781 806 848 secula
822 781 1020 850 seculorum.
1037 779 1154 850 Amen.

42 1411 245 1482 hiebarun
270 1413 326 1482 EX
353 1409 571 1583 CllRlillJlglgh
599 1411 830 1584 G?{)3E3FR¹⁰¹
857 1409 1155 1482 COLONlENSlS.

94 1835 208 1940 Anno
228 1870 392 1940 dominice
410 1872 648 1940 incarnationis
674 1870 867 1938 maxoniii.
896 1887 1002 1938 werra
1029 1887 1152 1956 magna
1171 1861 1238 1918 ¹¹9⁸

44 1977 69 2039 et
83 1971 244 2040 dissensio
268 1973 365 2040 nimis
390 1970 535 2040 timenda
561 1973 663 2038 oritur
679 1972 765 2040 inter
781 1970 950 2058 principes
969 1969 1155 2038 Theutoni-

43 2087 89 2139 cos
104 2071 142 2140 de
159 2072 308 2159 imperio.
341 2070 424 2138 Nam
442 2071 656 2139 coloniensis
682 2077 716 2136 et
733 2069 941 2137 Trevirensis
966 2069 1155 2157 archiepis-

44 2172 104 2257 copi
121 2170 317 2238 electionem
341 2172 432 2256 regis
454 2171 506 2238 sui
524 2169 604 2237 iuris
625 2187 705 2237 csse
724 2169 909 2257 firmantes,
935 2167 1048 2235 habito
1067 2185 1156 2236 oon-

44 2269 102 2336 silio
125 2271 211 2357 apud
239 2267 473 2338 Andcrnaoum
500 2287 573 2338 oum
605 2267 799 2336 liemhardo
830 2266 915 2336 dboe
949 2266 1095 2335 Saxonic
1122 2271 1156 2335 et

44 2366 101 2436 aliis
125 2369 292 2457 episcopis
321 2375 354 2437 et
378 2368 551 2436 comitibus
585 2373 618 2436 et
642 2365 809 2436 nobilibus
835 2366 1002 2456 piurimis,
1034 2367 1155 2434 curiam

43 2467 174 2536 omnihus
197 2467 401 2557 principibus
427 2469 461 2534 in
480 2466 620 2535 Colonia
642 2465 829 2535 habendam
854 2465 1023 2555 prodigunt
1039 2467 1072 2532 in
1091 2463 1156 2534 do-

42 2565 145 2635 minica
162 2564 260 2634 Oculi
278 2569 342 2635 mei
362 2563 467 2657 [minz
487 2563 538 2658 l],
559 2571 740 2636 evocantes
758 2565 878 2634 codem
897 2571 931 2634 et
948 2565 1065 2632 ducem
1083 2565 1155 2632 Za-

43 2664 143 2749 ringon
166 2664 366 2756 Bertollum,
403 2683 501 2753 qucm
531 2666 596 2754 ipsi
622 2667 727 2734 caiam
754 2664 1018 2733 deliberaverant
1042 2681 1156 2749 regem

44 2778 146 2830 creare.
162 2763 216 2833 hd
236 2783 333 2852 quam
351 2767 472 2832 curiam
491 2783 564 2832 cum
582 2766 682 2853 pauci
701 2769 922 2852 occurrerent,
942 2767 976 2830 et
991 2761 1069 2830 ideo
1087 2761 1154 2830 talc

43 2865 199 2946 negocium
218 2864 261 2932 ad
279 2865 432 2932 ellectum
449 2881 517 2932 non
535 2870 676 2953 possent
692 2862 875 2953 perducere
884 2914 894 2952 ,
913 2862 1087 2930 nunciatur
1105 2862 1154 2930 eis

44 2961 199 3030 orientales
214 2963 425 3032 marchiones
444 2981 518 3032 cum
536 2963 621 3032 duce
638 2963 784 3032 Saxonie
801 2960 993 3030 Bernhardo
1008 2966 1041 3028 et
1053 2960 1154 3046 Mag-

44 3055 226 3146 daburgensi
256 3062 510 3152 archiepiscopo
547 3067 581 3130 et
611 3062 746 3130 aliarum
777 3062 983 3150 superiorum
1014 3061 1155 3147 partium

43 3160 226 3247 principibus
252 3161 295 3230 od
322 3163 518 3230 electionem
543 3163 623 3229 novi
646 3162 737 3246 regis
760 3159 913 3248 Ersplort
939 3161 1153 3228 convenisse.

44 3251 93 3333 lini
113 3277 184 3328 mox
201 3259 438 3328 Herimannum
462 3260 764 3328 Monasteriensem
788 3261 984 3348 episcopum
1010 3264 1044 3325 et
1069 3259 1154 3327 alios

44 3349 204 3427 honoratos
228 3360 319 3428 viros
345 3359 387 3428 ad
414 3358 552 3428 eosdem
578 3360 634 3446 qui
660 3365 888 3428 convenerant
903 3359 1071 3447 principes
1089 3358 1154 3424 mi-

45 3461 152 3545 scunt,
188 3465 348 3544 rogantes
368 3477 409 3526 ne
429 3458 625 3526 absentibus
645 3459 695 3526 eis
713 3459 855 3545 aliquam
875 3457 1071 3526 electionem
1095 3473 1154 3524 ce·

45 3547 204 3642 lebrarent,
237 3557 299 3625 sed
317 3555 360 3624 ad
377 3555 520 3644 aliquem
539 3557 741 3626 denonatum
766 3557 873 3624 locum
897 3557 980 3643 ipsis
999 3571 1155 3622 occurro-

46 3655 119 3740 rcnt,
141 3655 275 3724 electuri
294 3657 434 3724 cumeis
461 3655 618 3724 idoneum
637 3665 669 3724 et
687 3657 823 3742 dignum
842 3655 906 3723 deo
924 3655 1154 3742 imperatorem

47 3752 71 3812 el
90 3751 276 3822 advocatum
303 3755 529 3824 ecclesiarum.
563 3755 646 3824 Dum
673 3773 755 3842 ergo
780 3755 842 3822 iam
869 3753 948 3821 dicti
973 3753 1085 3820 nurncii
1112 3752 1154 3822 ad

47 3849 164 3919 eandem
191 3855 312 3922 curiam
338 3855 528 3943 venissent,
554 3859 788 3940 cognovemnt
813 3853 889 3921 illos
915 3854 948 3919 in
971 3851 1155 3940 Philippum

48 3941 142 4016 ducem
160 3951 296 4040 Suevic,
315 3954 521 4041 imperatoris
540 3951 671 4022 iratrem
681 4006 691 4043 ,
713 3951 950 4039 concordasse,
976 3959 1009 4019 et
1027 3969 1101 4018 eum
1119 3952 1154 4020 in

48 4059 140 4129 regem
156 4052 311 4138 elegisse.
337 4051 434 4120 Unde
452 4053 529 4131 moti
549 4051 732 4140 redierunt,
759 4058 792 4120 ct
808 4050 965 4140 predictis
985 4051 1153 4138 episcopis

49 4157 99 4224 one
116 4146 192 4218 lacta
211 4149 339 4220 inerant
359 4152 551 4220 retulerunt.
590 4149 653 4233 Qui
671 4151 886 4220 vehomenter
911 4149 1092 4238 indignati,
1112 4166 1153 4216 eo

50 4243 120 4324 qarod
136 4266 304 4339 numquam
324 4251 444 4338 aliquis
463 4269 521 4319 rex
539 4251 573 4318 io
593 4251 758 4320 saxonica
779 4256 864 4320 tarra
882 4250 1009 4318 electus
1028 4248 1070 4316 ab
1089 4245 1152 4314 hiis
