2950 4836
287 267 356 334 558
641 295 802 342 ormomcou
824 295 1065 342 osrrnuovurusn.

203 441 270 497 1296
286 437 367 523 post
387 432 473 502 duos
495 451 605 501 annos
629 432 719 500 obiit.
754 433 795 500 Et
819 431 936 500 dicitur
962 431 1054 520 quod
1075 431 1231 500 dominus
1257 449 1318 521 per
1344 450 1409 500 eum

284 532 387 600 multa
402 531 560 600 miracula
573 538 739 619 operetur.

358 629 541 698 Mocxcii.
556 629 676 717 Incipit
694 631 903 718 conspiracio
918 635 1034 698 contra
1050 625 1210 697 Adollam
1224 627 1409 714 regemRo-

285 747 464 797 manorum.
506 729 669 797 Dominus
699 724 775 796 Otto
810 728 878 796 dux
901 729 1052 816 Bouario
1080 727 1249 795 adherens
1286 725 1410 794 domino

284 826 408 896 Adolio
434 829 506 912 regi
526 827 747 896 Romanorum
771 826 814 894 de
841 829 959 895 comite
982 825 1118 895 Alberto
1142 825 1234 893 dioto
1256 825 1299 893 do
1319 823 1410 891 Hatr-

285 926 362 994 locb
385 926 533 1012 gloriose
558 925 742 1014 triumphat.
776 926 817 993 Et
839 927 972 994 occisus
998 931 1051 993 est
1074 924 1116 992 ab
1139 942 1201 1016 eo,
1228 925 1287 1011 qui
1311 925 1410 1012 ipsam

286 1024 441 1093 occidere
456 1025 663 1110 cogitaverat
680 1022 915 1092 fraudulenter.
929 1045 930 1052 ¹

360 1123 578 1190 ltl.oc.xo.viii.
596 1122 758 1190 Dominus
776 1122 920 1191 Adolius
934 1139 994 1190 rex
1007 1123 1041 1188 in
1058 1120 1112 1190 die
1127 1125 1321 1190 sanctorum
1335 1120 1410 1186 Pro-

288 1222 377 1289 cessi
398 1227 431 1288 et
454 1222 643 1289 Martiniani
665 1216 740 1310 [iuli
765 1219 805 1313 2]
829 1222 963 1289 occisus
988 1223 1022 1288 in
1044 1219 1133 1288 bello
1161 1220 1343 1308 campestri
1359 1237 1413 1286 oo-

287 1321 410 1388 cubuit.

361 1417 460 1486 Anno
479 1417 602 1486 domini
613 1413 993 1486 mccxcvilldlbertus
1004 1415 1172 1504 quondam
1188 1415 1260 1483 dux
1271 1412 1412 1502 Austrie,

288 1522 417 1584 mortuo
448 1516 581 1584 domino
607 1512 729 1583 Adollo
758 1533 855 1605 rege,
882 1517 962 1584 licet
983 1517 1074 1604 prius
1098 1533 1158 1603 per
1182 1514 1414 1600 Moguntinum

289 1614 576 1701 archiepiscopum
596 1613 705 1682 eidem
725 1613 845 1682 suisset
871 1615 1103 1702 superpositus
1131 1612 1241 1681 adhuc
1269 1613 1347 1699 ipso
1370 1614 1416 1678 vi-

288 1719 406 1802 vente,
426 1719 536 1780 tamen
551 1717 674 1800 postea
687 1729 759 1780 oum
781 1713 896 1781 maiori
913 1713 1041 1780 astucia
1059 1711 1124 1778 boc
1146 1711 1275 1799 ellecit,
1302 1709 1417 1778 induc-

290 1818 343 1879 tus
361 1829 422 1899 per
438 1811 726 1900 archiepiscopum
747 1811 947 1900 predictum,
965 1817 1001 1878 ut
1026 1828 1064 1878 se
1082 1827 1192 1878 eoram
1216 1809 1418 1897 principibus

290 1911 385 1995 regni
401 1909 600 2000 humiliaret,
627 1916 661 1977 et
675 1927 813 1996 regnum
838 1908 928 1997 quod
941 1909 1026 1977 male
1048 1910 1230 1976 intraverat
1249 1909 1315 1976 sub
1336 1925 1419 1975 oon-

291 2008 477 2076 dicionibus
503 2010 701 2094 resignaret.
736 2006 834 2089 Quod
855 2014 888 2076 et
910 2007 1032 2076 sactum
1059 2014 1111 2075 cst
1135 2009 1169 2074 in
1193 2007 1312 2092 vigilia
1334 2007 1420 2074 beati

290 2107 411 2175 lacobi
427 2105 672 2194 subsequenter
690 2124 800 2174 coram
820 2107 1019 2175 electoribus
1039 2107 1142 2192 regni.
1168 2105 1290 2173 Denuo
1307 2107 1419 2192 itaque

291 2205 462 2294 predictus
491 2206 765 2294 archiepiscopus
791 2223 864 2273 oum
892 2203 1088 2292 quibusdam
1118 2204 1191 2272 aliis
1219 2204 1421 2272 electoribus

291 2304 523 2390 resignacioue
541 2309 677 2392 recepta
694 2306 727 2372 in
751 2304 915 2372 electione
933 2305 1039 2392 ipsius
1064 2302 1288 2392 concordant,
1308 2309 1349 2370 ut
1369 2304 1422 2369 in-

292 2403 395 2472 trusio
420 2403 526 2489 ipsius
550 2403 665 2471 maiori
690 2405 820 2470 astucia
842 2401 1062 2470 dealbaretnr.
1095 2401 1232 2468 Ducitur
1247 2403 1367 2488 itaque
1385 2401 1423 2468 ab

293 2499 421 2568 eisdem
438 2498 643 2588 Aquisgrani
660 2501 703 2568 ad
720 2501 947 2568 coronandum
964 2507 997 2568 et
1013 2499 1128 2589 incipit
1145 2517 1300 2586 regnare.
1320 2497 1422 2580 Quem

292 2607 402 2668 tamen
421 2599 574 2667 dominus
591 2599 783 2668 Bonilaoius
802 2606 941 2667 octavus
958 2618 1056 2690 papa,
1075 2601 1125 2667 vir
1141 2600 1256 2685 utique
1276 2599 1423 2667 sciencia

293 2698 495 2766 discretione
520 2703 554 2766 et
579 2700 668 2767 omni
690 2710 815 2766 morum
840 2699 1018 2766 honestate
1038 2696 1344 2786 commendandus,
1368 2715 1424 2785 pro

293 2815 375 2882 rege
402 2815 470 2864 non
495 2799 642 2865 nominat
665 2815 729 2864 neo
751 2799 785 2864 iu
811 2815 886 2864 eum
913 2797 1088 2865 consentit.
1113 2797 1192 2884 lpse
1210 2813 1294 2863 vero
1312 2815 1376 2863 rex
1394 2798 1423 2861 in

294 2896 448 2982 sequenti
472 2902 653 2984 autumpno
679 2896 712 2963 in
736 2895 929 2963 Nurnberob
949 2897 1070 2963 curiam
1088 2895 1280 2982 generalem
1299 2894 1422 2980 indicit,

293 2993 350 3061 ubi
375 3011 491 3062 omnes
517 2995 684 3083 principes
708 2995 803 3080 regui
828 2999 1063 3062 convocantur.
1097 2995 1138 3062 Et
1162 2992 1287 3060 ibidem
1310 2995 1424 3078 regina

295 3092 336 3158 ab
363 3091 615 3180 archiepiscopo
641 3093 811 3178 inungitur
825 3097 859 3160 et
875 3097 1059 3161 coronatur.
1084 3091 1184 3160 Anno
1203 3097 1315 3159 autem
1333 3092 1424 3177 regni

296 3190 346 3257 sui
373 3191 476 3256 tercio
501 3191 668 3279 principes
695 3192 934 3280 ecclesiastici,
955 3192 1084 3258 scilicet
1100 3190 1325 3276 Moguntinus
1345 3191 1422 3257 Tre-

294 3288 447 3355 verensis
474 3287 702 3378 Coloniensis,
734 3307 807 3357 cum
838 3289 982 3357 liudolfo
1005 3289 1153 3378 palatino
1181 3291 1306 3357 comite
1334 3287 1423 3375 Reni,

296 3385 505 3456 concorditer
534 3389 606 3474 regi
635 3388 785 3476 predicto
811 3406 849 3455 se
881 3394 1071 3476 opponunt3
1100 3386 1221 3455 sedin
1247 3405 1340 3456 anno
1369 3405 1425 3454 se-

297 3487 410 3572 quenti
437 3503 510 3552 cum
537 3486 654 3554 eodem
678 3488 777 3574 plene
803 3485 1017 3556 concordant.
1043 3483 1142 3554 Anno
1160 3503 1243 3554 vero
1261 3488 1359 3572 regni
1378 3486 1424 3552 sui

297 3590 393 3652 sexto
421 3583 573 3653 dominus
600 3585 792 3654 Borrilaoius
811 3591 951 3653 octavus
973 3603 1078 3674 papa,
1105 3602 1194 3653 anno
1212 3584 1424 3672 pontificatus

298 3685 350 3751 sui
375 3700 482 3772 nono,
509 3701 582 3751 cum
605 3700 646 3752 eo
672 3684 770 3771 plene
797 3681 981 3752 concordat
1001 3689 1034 3750 et
1055 3701 1128 3751 eum
1148 3700 1264 3768 regem
1280 3684 1426 3750 nominat

298 3781 460 3868 approbat
480 3787 580 3870 atque
606 3781 794 3872 confirmat,
817 3787 851 3849 in
876 3799 1017 3869 eumque
1043 3783 1211 3850 consentit
1236 3783 1270 3848 in
1295 3781 1425 3870 publico

299 3895 452 3947 sermone
468 3881 502 3948 in
521 3881 574 3949 die
593 3881 820 3969 apostolorum
837 3881 978 3968 Philippi
996 3887 1028 3948 et
1044 3881 1181 3970 Jacobi,
1209 3885 1242 3948 et
1260 3879 1305 3947 ad
1322 3881 1424 3966 impe·

298 3976 410 4043 rialem
429 3995 585 4046 coronam
604 3977 849 4068 suscipiendam
867 3979 970 4046 literis
988 3997 1029 4046 ac
1049 3979 1179 4046 nunciis
1200 3979 1424 4066 sollempniter

298 4075 459 4142 invitavit.
486 4077 549 4144 Ubi
574 4095 641 4146 non
665 4079 771 4166 venit,
791 4077 853 4145 sed
870 4095 984 4162 regem
1009 4078 1229 4146 Bobemornm
1255 4077 1423 4143 Wenzez-

181 4209 183 4214 ·
298 4174 385 4240 laum
413 4173 595 4240 secundum
615 4183 647 4242 et
672 4177 757 4244 alios
774 4177 943 4264 principes
962 4177 995 4242 in
1013 4175 1210 4244 Alamannia
1227 4177 1422 4244 constitutos

300 4269 489 4337 mirabiliter
514 4275 682 4358 oppressit
704 4279 738 4352 et
763 4273 886 4341 alllixit.
912 4273 1134 4360 congregans
1160 4275 1275 4360 itaque
1302 4272 1423 4341 exerei-
