2950 4836
407 286 599 334 aauuunnuus
620 285 806 333 aurrnrrsrs.
1106 259 1176 327 5t3

37 424 105 506 Qui
126 428 207 494 mire
225 418 450 514 providentie1
468 431 502 492 et
519 425 711 512 sagacitatis
730 427 852 516 extitit,
871 427 1050 494 intantum
1069 428 1175 494 eciam
1196 435 1261 490 rana

39 525 138 612 quod
156 526 415 594 anniversarium
433 543 529 592 suum
544 526 641 592 virus
658 532 691 592 et
705 542 808 594 sanus
823 526 899 613 plus
916 543 1015 613 quam
1032 525 1074 593 ad
1093 545 1178 614 qua·

38 624 229 693 tuordecim
249 641 357 692 annos
374 629 451 692 onte
468 629 604 692 mortem
627 641 720 692 suam
736 625 888 714 instituit,
907 631 941 692 et
956 625 1105 694 eiusdem
1119 643 1179 694 oe-

37 724 230 792 lebracioni
255 743 329 791 cum
354 721 566 791 candelarum
594 725 797 792 accensione
826 730 859 791 et
879 725 1094 814 pulsacione,
1113 741 1177 812 quc

39 825 225 891 consuevit
254 823 323 890 lieri
348 823 382 889 in
412 821 526 889 sunere
551 823 717 910 episcopi,
743 823 867 908 vigiliis
889 827 922 891 et
942 825 1052 893 missis
1082 824 1178 892 annis

38 923 190 1008 singulis
211 920 365 990 interluit.
398 920 613 1010 Sepulchrum
638 921 788 989 similiter
817 922 881 990 sibi
903 922 1005 1010 longe
1035 929 1113 991 ante
1135 921 1179 990 ad

38 1020 224 1090 duodecim
241 1037 349 1088 annos
366 1019 539 1088 fabricavit
553 1025 586 1088 et
597 1019 740 1109 previdit
754 1022 847 1088 iuxta
866 1021 969 1090 altare
984 1021 1082 1090 beate
1097 1021 1178 1088 Vir-

39 1121 136 1206 ginis
162 1122 197 1188 in
217 1121 349 1210 maiori,
374 1120 479 1188 veteri
503 1125 629 1208 tamen,
657 1120 801 1188 ecclesia
821 1119 1067 1208 Ratisponensi.
1094 1120 1178 1188 Tru-

39 1213 140 1287 cam²
156 1221 261 1288 eciam
280 1221 313 1286 in
329 1237 396 1306 qua
412 1219 546 1306 sepeliri
567 1215 681 1287 debuit
702 1237 774 1287 eum
797 1218 949 1288 vestibus
976 1219 1178 1288 funeralibus

37 1318 169 1388 ibidem
184 1319 348 1406 impositis
364 1318 397 1384 in
410 1318 598 1386 memoriam
612 1319 801 1385 continuam
817 1320 930 1387 mortis
944 1336 1006 1387 sue
1021 1338 1081 1408 per
1098 1336 1179 1387 eos·

41 1417 121 1486 dem
143 1436 249 1486 annos
271 1417 385 1485 babuit
407 1417 550 1486 locatam
573 1417 712 1485 alatere
734 1418 811 1484 lecti
837 1420 898 1486 sui.
924 1419 1005 1486 ltem
1023 1420 1057 1486 in
1080 1419 1178 1507 spiri-

40 1517 192 1585 tualibus
212 1517 401 1584 mirabiliter
419 1515 579 1604 prouidus
599 1517 723 1603 extitit,
747 1535 816 1584 non
841 1517 948 1586 solum
969 1523 1085 1586 vetera
1107 1523 1181 1585 sta-

40 1624 114 1684 tuta
147 1615 331 1705 servando,
357 1616 453 1683 immo
477 1621 511 1682 et
536 1615 637 1684 multa
666 1633 756 1683 nova
787 1616 963 1684 salubriter
990 1614 1178 1686 condendo.

38 1716 209 1784 Musieam
232 1716 357 1802 primus
389 1714 423 1782 iu
447 1713 549 1782 choro
584 1713 824 1804 Ratisponensi
849 1717 974 1784 cantari
1002 1716 1179 1803 ordinavit,

39 1814 151 1883 libros
173 1812 321 1882 ciusdem
346 1814 426 1880 artis
450 1811 633 1882 secundum
659 1819 777 1882 cantus
798 1819 831 1882 et
851 1815 942 1882 chori
958 1813 1178 1883 consuetudi-

40 1932 121 1981 nem
149 1912 364 2002 providendo.
402 1912 588 1980 Ecclesiam
620 1910 901 2000 Ratisponensem
933 1917 1036 1981 ceiam
1068 1914 1178 1981 multis

39 2013 211 2102 preciosis
241 2011 413 2080 decorauit
434 2014 654 2102 ornamentis,
682 2012 854 2103 crucibus,
881 2012 1042 2081 calicibus
1066 2014 1177 2080 aureis

41 2117 74 2180 ot
102 2112 294 2202 argenteis,
321 2111 461 2197 gemmis
488 2111 653 2199 preciosis
685 2112 837 2200 insertis,
874 2112 989 2200 cappis
999 2165 1009 2202 ‚
1042 2111 1178 2200 casulis,

42 2210 248 2300 dalmaticis,
266 2210 397 2278 vexillis
407 2261 417 2299 ‚
442 2211 596 2300 cortinis,
615 2209 707 2278 libris
726 2217 760 2277 et
777 2210 870 2301 aliis,
890 2211 1010 2299 quibus
1027 2209 1088 2279 luit
1101 2216 1179 2278 ante

42 2328 106 2377 sua
126 2316 276 2398 tempora
291 2307 535 2396 quodammodo
553 2308 750 2378 omnimodis
764 2309 932 2378 destituta.
958 2310 1039 2378 Item
1055 2310 1179 2399 primus

42 2410 183 2477 latinum
213 2410 325 2476 vinum
357 2408 527 2476 canonicis
555 2407 826 2496 adprehendam
855 2408 1052 2497 quibusdam
1078 2409 1178 2477 certis

44 2509 250 2596 temporibus
268 2507 340 2575 dari
355 2507 512 2594 instituit,
536 2505 740 2596 prebendam
760 2509 862 2576 eciam
882 2525 994 2576 eorum
1015 2509 1049 2576 in
1069 2509 1179 2575 multis

44 2609 155 2696 auxit,
174 2606 619 2675 monasteriamonaehorum
635 2613 669 2674 et
679 2607 867 2678 monialium
884 2623 967 2695 sepe
986 2625 1059 2675 eum
1077 2607 1180 2673 multa

42 2705 262 2795 providencia
277 2706 431 2796 visitavit,
452 2711 485 2772 et
501 2705 650 2773 invenire
667 2723 736 2774 non
751 2724 890 2794 possum
904 2705 985 2793 quid
996 2707 1027 2774 ei
1041 2707 1075 2772 in
1093 2711 1179 2773 tem-

43 2805 217 2893 poralibus
243 2810 277 2872 et
299 2803 526 2893 spiritualibus
551 2803 701 2872 deluerit.
736 2803 799 2886 Qui
831 2811 979 2893 tempore
1005 2822 1067 2873 suc
1090 2803 1177 2873 adeo

44 2903 310 2973 discordancium
339 2903 448 2971 lactus
477 2908 530 2971 est
551 2895 821 2994 reconciliacio³,
857 2903 948 2992 quod
970 2921 1039 2971 non
1069 2904 1177 2971 solum

43 3004 215 3093 Bouaria,
241 3005 338 3070 immo
361 3008 395 3070 et
424 3003 533 3072 vicine
557 3007 641 3070 terre
664 3019 723 3090 per
745 3020 838 3070 suam
856 3001 1051 3071 industriam
1074 3009 1107 3070 et
1125 3002 1178 3070 la-

44 3102 160 3171 borem
191 3103 284 3190 pacis
309 3100 554 3190 pulchritudine
586 3100 777 3170 lloruerunt.
812 3101 910 3170 Rexit
933 3107 1043 3171 autem
1064 3099 1180 3170 Ratis-

43 3219 232 3289 ponensem
262 3201 439 3269 ecclesiam
466 3202 523 3268 xix
543 3201 651 3268 annis.
691 3201 819 3270 Eodem
840 3219 929 3270 anno
953 3203 988 3269 in
1011 3201 1065 3269 die
1091 3201 1179 3269 boati

42 3301 131 3368 Petri
149 3299 193 3368 ad
209 3300 343 3368 vincula
360 3294 455 3388 [aug.
468 3296 507 3390 l]
528 3299 656 3367 electus
673 3305 726 3388 est
740 3301 774 3367 in
790 3299 1070 3388 Ratisponensem
1088 3301 1180 3387 epis·

45 3417 168 3488 copum
188 3397 342 3467 dominus
362 3397 558 3466 Chunradus
573 3399 615 3466 de
629 3397 822 3488 Luppurch‚
841 3400 891 3466 uir
904 3400 1085 3486 ingennus,
1100 3403 1180 3465 tunc

43 3497 302 3586 Ratisponensis
319 3498 529 3587 prepositus,
547 3496 581 3565 in
599 3496 854 3566 mansuetudine
871 3513 911 3565 ac
934 3497 1058 3586 pietate
1081 3497 1179 3564 etiam

43 3597 159 3684 lloysi
178 3595 362 3684 coequalis,

117 3693 218 3764 Anno
234 3695 357 3764 domini
373 3695 573 3764 m.cc.xc.vii.
598 3692 741 3763 Adoltus
760 3712 819 3763 rex
840 3692 1080 3783 Romanorum,
1101 3711 1180 3782 pre-

44 3813 167 3882 parans
187 3813 225 3862 se
249 3813 321 3862 curn
342 3794 463 3862 milicia
488 3793 531 3862 ad
550 3792 776 3862 invadendum
798 3811 912 3880 regem
932 3794 1089 3882 Fronde,
1118 3793 1180 3860 im·

45 3894 186 3983 peditur,
209 3895 284 3981 quia
306 3893 524 3980 Magantinus
543 3893 829 3982 archiepiscopus
847 3911 905 3960 rex
920 3892 1090 3980 Bobemie,
1115 3889 1180 3960 Al-

44 3992 157 4060 bertus
183 3991 250 4061 dux
272 3991 426 4082 Austrie,
464 3992 530 4061 duo
559 3991 769 4060 marchiones
799 3990 841 4059 de
864 3990 1125 4060 Brandenbureb
1149 3998 1181 4058 ct

46 4092 112 4160 dux
125 4091 284 4182 Saxonic,
302 4092 499 4178 congregati
515 4092 547 4158 in
565 4090 618 4158 die
635 4097 851 4179 pentecostes
863 4086 948 4181 [iuni
960 4087 999 4182 2]
1017 4089 1179 4179 quoidam

76 4237 106 4298 1)
125 4249 156 4288 so
176 4232 206 4286 C.
226 4233 281 4287 und
301 4233 401 4288 Chron.
419 4231 528 4297 Salisb,
546 4231 688 4303 prudentie
705 4230 746 4286 lrs.
782 4233 814 4299 2)
834 4230 920 4286 trube.
966 4234 998 4300 3)
1017 4247 1048 4286 so
1067 4231 1105 4285 lrs.
1126 4230 1179 4283 und

49 4301 145 4358 Clrrorr.
165 4300 274 4368 Salisb,
292 4301 483 4355 reconciliator
501 4301 531 4355 C.
