2950 4836
297 213 367 281 538
664 241 858 288 annueranus
880 241 1065 288 suranensis.

211 388 278 442 taes
295 381 359 448 mel
376 382 409 448 in
428 397 517 448 anno
535 397 598 448 suo
615 379 749 467 proprio
768 377 946 448 saeerdoti.
973 372 1215 446 Cuius¹tumen
1232 379 1439 447 eontrarium

292 479 500 564 oum-iratres
520 479 629 546 multis
648 478 830 546 rationibus
848 479 1031 546 niterentur
1049 477 1240 568 ostendere,
1260 479 1325 546 tale
1348 495 1437 545 oon-

292 578 399 646 siiium
417 577 580 646 dederunt
598 578 744 663 magistri
769 583 803 645 et
827 579 996 666 sapientes
1015 577 1222 646 Parisienses
1245 596 1265 644 a
1290 577 1438 645 subola-

292 677 383 746 ribus
401 678 571 765 requisiti,
598 675 690 764 quod
709 695 807 764 quam
825 675 881 744 diu
898 677 961 744 heo
979 678 1114 764 questio
1133 681 1227 745 esset
1243 675 1348 744 dubia
1368 677 1437 743 Pa·

292 778 407 865 risina,
432 776 490 845 ubi
508 777 615 860 magis
634 793 733 862 quam
751 775 830 844 atibi
855 777 889 842 in
907 774 1031 843 mundo
1050 782 1104 844 est
1120 776 1219 864 eopia
1235 776 1436 863 peritorum,

293 884 358 944 tam
384 875 440 944 diu
469 874 631 943 deberent
666 873 815 944 eontiteri
840 874 1185 963 suisparoobialibus
1209 873 1436 963 presbyteris

292 974 335 1043 de
354 993 491 1062 quorum
510 979 599 1042 oerta
617 975 813 1041 auotoritate
839 974 920 1042 nulii
944 991 1041 1042 suere
1068 975 1229 1062 scripture
1247 974 1303 1040 vel
1322 991 1435 1040 eano-

292 1092 369 1141 num
384 1075 554 1163 sapientes
572 1072 805 1140 dubitaverunt
822 1073 1003 1163 haetenus,
1030 1074 1137 1160 quiin
1155 1073 1266 1140 looum
1286 1077 1435 1160 septua-

292 1173 453 1258 gintaduo
471 1171 717 1261 disoipuiomm
736 1173 823 1240 siout
840 1174 991 1261 episeopi
1008 1173 1042 1239 in
1059 1171 1169 1240 loeum
1187 1171 1435 1260 apostotorum,

292 1273 477 1340 certissime
508 1269 739 1339 suooedernnt.
783 1270 935 1361 Tandem
966 1289 1066 1360 super
1095 1269 1213 1338 eadem
1250 1272 1435 1356 questione

292 1388 409 1439 omnes
437 1371 679 1458 archiepiscopi
705 1370 857 1458 episoupi
888 1377 922 1439 et
947 1375 1038 1439 totus
1063 1371 1172 1438 olerus
1198 1371 1308 1437 tooius
1334 1369 1434 1454 regni

292 1469 430 1538 Fratreie
456 1469 662 1556 sollempnes
689 1470 833 1536 nunnius
861 1487 934 1537 oum
958 1469 1032 1537 aliis
1055 1469 1135 1536 viris
1155 1468 1371 1557 sapientibus
1392 1466 1434 1534 ad

291 1567 406 1636 sedem
425 1569 644 1656 apostolieum
669 1569 938 1657 transmiserunt,
970 1575 1004 1637 et
1022 1568 1161 1655 quilibet
1179 1585 1293 1636 eornm
1311 1571 1434 1634 oente-

291 1667 406 1734 simam
422 1674 549 1754 partem
567 1667 710 1736 omnium
728 1666 913 1736 reddituum
932 1674 965 1736 et
982 1673 1200 1756 proventuum
1216 1667 1433 1735 ecelesiasti-

291 1783 404 1834 oorum
423 1765 600 1834 oontribuit
617 1766 743 1834 eisdem
762 1768 892 1836 nunoiis
909 1785 969 1854 pro
988 1767 1157 1855 expensis.
1185 1764 1254 1834 Sed
1273 1765 1433 1834 dominus

290 1864 450 1933 Nieolaus
468 1883 573 1955 papa,
600 1866 750 1952 quamvis
775 1873 967 1954 assumptus
992 1872 1086 1934 esset
1109 1865 1151 1934 de
1176 1864 1294 1934 ordine
1312 1864 1434 1932 Mino-

292 1982 360 2032 mm
390 1963 538 2052 fratrum,
570 1962 710 2032 eandem
735 1965 945 2050 questionem
972 1983 1031 2053 pro
1058 1969 1174 2032 neutra
1202 1969 1298 2052 parte
1322 1963 1434 2032 votuit

292 2063 477 2132 terminare.
503 2061 599 2131 Unde
616 2070 765 2131 remanet
781 2081 890 2150 usque
904 2063 1005 2132 bodie
1023 2065 1057 2130 in
1071 2079 1253 2151 suspenso.

365 2160 493 2230 Eodem
510 2163 615 2229 eoiam
632 2167 780 2250 tempore
798 2165 891 2230 venit
914 2161 1047 2250 qnidam
1064 2163 1209 2230 Parisius
1231 2160 1275 2229 de
1293 2159 1430 2247 Arabia,

291 2261 392 2328 bomo
409 2266 568 2348 proveeta
587 2263 701 2350 etatis,
720 2262 776 2348 qui
793 2261 1006 2350 promittebat
1024 2279 1062 2329 se
1080 2279 1139 2351 per
1157 2259 1322 2348 quasdam
1343 2259 1430 2345 tigu-

290 2377 436 2448 ras‚non
451 2365 561 2428 tomen
574 2361 653 2428 artis
669 2361 809 2451 notorie,
820 2361 912 2429 brevi
923 2367 1071 2449 tempore
1082 2377 1179 2428 omne
1195 2359 1313 2428 soibite
1324 2359 1428 2426 soho-
1456 2359 1457 2381 ¹

290 2457 413 2526 taribus
431 2458 633 2526 traditurum.
652 2457 715 2540 Qui
732 2478 805 2527 eum
818 2479 838 2527 a
851 2461 1018 2546 magistris
1034 2465 1068 2527 et
1082 2459 1284 2528 oanoeilario
1299 2459 1425 2525 exami-

290 2561 441 2648 naretur,
465 2558 616 2647 apparuit
633 2557 675 2626 de
694 2558 928 2645 questionibus
946 2561 1109 2645 ouiusque
1124 2558 1267 2626 soientie
1282 2575 1426 2644 respon-

291 2655 381 2746 dere,
399 2661 509 2724 tamen
528 2655 618 2744 quod
636 2659 670 2724 in
689 2657 863 2726 traditione
883 2675 944 2726 sue
963 2658 1102 2726 soientie
1120 2656 1254 2725 modum
1274 2656 1426 2744 philoso·
1455 2663 1456 2731 i

290 2755 424 2843 phionm
441 2773 510 2824 nnn
527 2755 658 2846 habuit,
685 2775 705 2824 a
722 2757 932 2825 sotularibus
957 2757 1028 2826 suis
1046 2757 1192 2828 breviter
1209 2762 1266 2824 est
1282 2755 1424 2843 relictus,

290 2859 324 2921 et
341 2855 391 2922 sie
408 2872 469 2922 sne
487 2856 627 2923 soientie
646 2855 786 2924 evidens
805 2855 937 2942 signum
954 2856 1088 2924 Parisiis
1104 2873 1174 2924 non
1192 2855 1330 2942 reliquit
1344 2845 1365 2922 ².

366 2946 539 3042 [Eodem³
567 2959 716 3042 tempore
742 2953 843 3023 Judei
871 2957 905 3022 in
931 2955 1099 3023 Paeherao
1131 2953 1281 3022 diocesis
1306 2951 1424 3021 Herbi·

289 3052 439 3138 polensis
458 3051 622 3139 quendam
640 3053 762 3122 bonum
788 3059 822 3122 et
839 3053 996 3122 devotum
1015 3054 1180 3122 hominem
1199 3053 1422 3140 christianum,

288 3149 510 3218 Wernherum
528 3153 662 3221 nomina
672 3205 683 3242 ‚
710 3154 841 3222 oeoulte
860 3152 1072 3242 oeoiderunt,
1092 3153 1134 3219 ab
1154 3169 1196 3220 eo
1215 3153 1421 3239 sanguinem,
1453 3213 1454 3220 ,

324 3303 354 3370 i)
373 3301 453 3368 Quod
480 3307 567 3358 tamen
591 3319 651 3358 eum
678 3306 731 3376 ipsi
749 3303 845 3359 iratres
863 3303 954 3358 multis
971 3302 1123 3358 rationibus
1141 3302 1286 3356 destruere
1305 3303 1421 3355 niteren-

288 3377 341 3436 tur,
365 3370 507 3425 cunsiiium
531 3371 622 3426 datum
646 3372 698 3427 suit
721 3389 769 3444 per
793 3374 935 3436 magistros
961 3371 1130 3426 Parisienses
1147 3369 1340 3434 secularibus,
1357 3368 1422 3439 qnod

288 3441 347 3493 suis
364 3442 481 3520 propriis
503 3441 681 3496 confiteantur
704 3441 901 3508 sacerdotibus,
926 3441 991 3511 quia
1013 3440 1047 3494 de
1065 3439 1119 3494 hiis
1136 3437 1240 3494 nntium
1260 3447 1302 3492 est
1320 3438 1422 3492 dubium

289 3507 355 3578 quin
373 3507 590 3562 iurisdictionem
613 3509 773 3564 absolvendi
797 3509 922 3573 habeant,
946 3516 973 3562 et
997 3507 1080 3563 semei
1106 3509 1147 3562 eis
1165 3513 1278 3578 peccata
1308 3505 1423 3561 consessa

287 3577 400 3629 nonsit
424 3592 535 3632 necesse
558 3579 656 3630 iterum
682 3578 815 3631 confiteri,
842 3576 931 3648 Super
948 3576 998 3630 bae
1015 3584 1105 3630 autem
1123 3576 1317 3629 controversia
1334 3573 1420 3628 dissol-
1452 3581 1453 3620 t

289 3642 380 3698 venda
397 3659 430 3698 ex
447 3653 523 3716 parte
541 3648 729 3725 episcoporum
747 3653 775 3700 et
791 3646 859 3700 sieri
877 3647 953 3714 regni
972 3645 1084 3700 Francia
1102 3645 1177 3698 missi
1195 3641 1311 3696 suerunt
1328 3644 1361 3698 ad
1376 3642 1420 3696 tto-

288 3725 392 3764 manam
411 3715 511 3766 oudam
530 3712 584 3766 dno
602 3716 722 3796 eprscopi
740 3713 774 3766 de
792 3714 919 3778 Francia,
936 3712 1034 3782 quibus
1053 3715 1083 3768 in
1101 3711 1252 3767 subsidium
1272 3727 1356 3766 cause
1373 3727 1420 3763 om·

288 3793 337 3831 nes
365 3779 560 3853 archiepiscopi
584 3797 704 3853 episcopt
726 3781 822 3851 prelati
846 3787 874 3834 et
893 3788 975 3834 'totus
1009 3779 1098 3834 clerus
1125 3781 1302 3834 centesimam
1327 3785 1419 3850 partem

288 3847 409 3900 omnium
433 3865 543 3902 snorum
567 3849 813 3904 ecclesiastieorum
837 3849 990 3904 reddituum
1013 3851 1208 3905 ministrarunt.
1232 3847 1371 3904 Dominus
1387 3854 1420 3900 ta·
1451 3887 1452 3892 κ

289 3929 351 3966 rnen
369 3913 508 3985 Nyentaus
526 3932 595 3988 papa
612 3926 723 3990 quartus
741 3917 776 3971 de
794 3916 889 3972 ordine
905 3917 1041 3970 blinorum
1060 3916 1172 3969 fratrum
1197 3917 1306 3981 extitit,
1325 3923 1352 3969 et
1367 3930 1419 3968 ean·

288 3978 350 4033 dem
368 3995 474 4036 eausam
501 4001 551 4054 pro
574 3993 670 4039 neutra
691 3993 768 4055 parte
791 3985 879 4038 adhuc
902 3984 984 4038 hodie
1009 3984 1255 4048 determinaverat,
1274 3983 1325 4037 sed
1344 3984 1418 4049 ipsam

288 4049 410 4120 permisit
432 4052 460 4104 in
483 4050 565 4106 dubio
590 4052 750 4120 dependere.
775 4053 813 4108 So
831 4052 877 4107 die
894 4052 936 4106 bs.
971 4053 1124 4119 2).Eadem
1148 4053 1230 4104 etiam
1258 4081 1291 4097 .-
1319 4051 1419 4121 reliquit

289 4115 357 4171 tenta
374 4118 402 4170 in
420 4118 469 4172 der
486 4118 524 4174 hs.
559 4123 590 4184 3)
609 4122 700 4176 dieser
718 4123 746 4174 in
763 4122 842 4176 eutrte
861 4120 1009 4175 irtammern
1027 4119 1267 4192 eingesehiossene
1286 4127 1345 4172 sata
1361 4117 1419 4172 tetta

288 4184 391 4304 &gbfft'
409 4185 454 4240 tie
477 4186 632 4242 tbatsachen
655 4189 766 4243 werden
791 4192 827 4242 im
852 4188 952 4243 Chron.
972 4187 1115 4243 Osterbov.
1135 4205 1195 4242 earm
1216 4186 1277 4242 iubr
1297 4190 1363 4242 1285
1378 4203 1417 4238 er·
