2886 4834
296 235 342 301 54
664 261 826 308 cuaorrcen
849 261 1060 307 ceuuxnmnsr.

215 411 283 466 rnre
301 401 514 486 cogitaverat
531 401 617 468 enirn
634 401 928 488 rexBohemieper
943 402 1048 488 ipsam
1060 405 1285 468 totamterram
1293 395 1412 465 ilustris

293 498 478 588 possidere.
672 499 674 504 ’

369 596 439 665 Rex
467 597 627 665 Bohemie
652 604 767 664 terram
791 594 925 664 Austrie
955 597 1120 664 Cerinthie
1146 593 1296 663 Camiole
1326 593 1410 660 Stirio

294 697 442 784 plurimis
458 698 554 763 annis
569 697 602 762 in
624 703 735 782 quieta
750 697 952 784 possederat
964 697 1195 784 possessione.
1223 692 1346 761 Gemite
1359 711 1410 760 au-

295 803 361 862 tem
378 793 520 862 lludollo
532 794 574 862 de
592 793 779 862 Habisburc
794 795 901 863 electo
918 797 952 862 in
965 813 1078 881 regom
1091 793 1312 862 Romanorum
1326 808 1410 860 soru-

295 893 382 962 tatur
408 912 465 960 rex
483 894 641 962 Bohemie
662 892 839 980 diligenter
857 914 876 962 a
896 893 1049 962 iratribus
1070 891 1335 961 Predioatoribus
1352 889 1410 957 lli-

292 992 432 1060 noribus
456 998 490 1059 et
505 991 546 1059 ab
564 992 637 1060 aliis
654 994 711 1079 qui
732 999 851 1059 statum
871 995 943 1060 eius
966 1009 1176 1078 cognoscere
1195 989 1410 1059 credebantur.

294 1091 385 1158 Dixit
397 1089 596 1177 antem‘regi
613 1091 771 1158 Bohemie
790 1091 890 1159 irater
912 1092 1037 1160 ordinis
1055 1091 1302 1159 Predioatorum
1314 1086 1410 1157 liudi-

295 1207 397 1276 gerus
421 1191 570 1276 nomine,
595 1189 695 1258 irater
721 1191 889 1275 gratiosus
917 1193 950 1257 in
974 1191 1201 1278 predicatione
1228 1187 1411 1273 habensque

295 1290 426 1356 comitis
449 1287 579 1356 Rudolll
605 1290 759 1356 noticiam
785 1290 979 1376 specialem:
1005 1289 1142 1356 Borrine
1165 1305 1246 1376 ree,
1269 1289 1299 1353 si
1321 1286 1410 1354 lieen-

294 1389 381 1453 ciom
405 1386 500 1453 nriobi
524 1387 678 1454 dederitis
702 1392 734 1454 et
754 1389 918 1473 indignari
942 1387 1109 1455 nolueritis
1125 1392 1247 1454 stenem
1264 1391 1349 1452 terre
1364 1401 1411 1450 no

293 1484 385 1577 cobis
399 1484 542 1569 referem
560 1489 593 1552 et
603 1503 753 1570 persono.
773 1487 865 1554 luno
883 1506 941 1556 rex
956 1488 1115 1554 Bohemie
1132 1486 1228 1553 dixit:
1256 1485 1321 1552 [lic
1338 1484 1413 1567 qood

289 1585 360 1667 cis,
381 1588 414 1650 et
425 1587 563 1668 propter
574 1581 638 1670 boc
653 1587 739 1651 tcum
757 1603 807 1651 me
823 1603 888 1652 non
909 1587 1027 1652 senties
1043 1587 1213 1652 inimicum.
1241 1583 1337 1650 Tune
1356 1581 1410 1648 lra-

296 1681 547 1768 ter'Rudigerus
562 1681 661 1750 dixit:
686 1683 825 1750 Borrine
847 1703 925 1767 roe,
943 1703 1051 1751 comes
1066 1683 1227 1766 lirrdotstts
1244 1683 1286 1749 de
1302 1679 1411 1747 Helis-

295 1780 374 1847 bere
400 1783 450 1846 cir
471 1785 522 1847 est
541 1799 681 1866 corpore
705 1783 911 1866 macilentus,
943 1786 1074 1850 stature
1097 1783 1229 1867 tenpus,
1262 1779 1411 1864 aquileam

261 1901 263 1906 ¹
294 1897 411 1946 nesam
427 1877 751 1966 tenerositatem,
772 1881 843 1949 cibo
861 1883 1060 1964 moderatus,
1079 1883 1174 1947 anob
1192 1881 1345 1964 antiquus
1359 1894 1412 1942 non

296 1983 405 2045 tomen
421 1981 677 2064 sexagenarios,
705 1971 822 2047 mrrttos
836 1982 872 2047 id
886 1985 937 2047 est
955 1997 1069 2048 nonem
1089 1978 1213 2046 bobeno
1225 1994 1358 2064 pueros.
1381 1975 1411 2040 lo

295 2079 421 2144 summe
440 2082 640 2162 paupertate
665 2077 707 2144 ab
730 2079 954 2146 odolescentia
971 2081 1176 2161 constitutur,
1194 2076 1305 2158 idelis
1321 2075 1409 2142 omri-

295 2175 355 2242 lmo
371 2177 448 2242 suis.
475 2175 516 2241 In
537 2179 639 2243 ermis
664 2176 756 2244 bellis
777 2181 905 2263 peremis
921 2182 954 2245 et
965 2195 1037 2244 cnm
1056 2177 1153 2244 metir
1170 2177 1352 2262 opueritio
1366 2189 1409 2240 re·
1436 2223 1437 2227 ,

293 2273 401 2359 pietus
417 2291 460 2340 oc
475 2272 641 2342 laboribus
657 2277 795 2357 tatutis,
821 2276 878 2344 nit
895 2277 974 2344 moli
994 2275 1133 2343 sabbato
1155 2275 1196 2342 od
1210 2275 1411 2342 reverentiam
1436 2321 1437 2325 ,

295 2373 430 2458 virginis
458 2371 553 2440 deotc
574 2373 680 2441 Morio
703 2375 818 2459 fecere
840 2376 942 2443 ooleit
969 2376 1022 2443 oet
1043 2393 1121 2442 snos
1142 2375 1259 2458 soemo
1284 2372 1411 2442 creditor
1436 2383 1437 2393 ¹

293 2473 489 2556 permisisse.
517 2473 611 2541 Tunc
632 2491 690 2543 rex
712 2475 870 2542 Bohemie
895 2475 992 2543 dixit:
1019 2474 1115 2540 Bone
1137 2477 1170 2540 et
1189 2473 1285 2540 mela
1309 2472 1348 2538 de
1362 2469 1410 2534 boc

177 2607 180 2612 ·
295 2572 412 2638 comite
431 2572 614 2656 protulisti,
636 2574 697 2640 red
713 2573 852 2656 fortnrro
870 2592 933 2641 sno
955 2573 1097 2640 timendo
1118 2575 1169 2638 est
1188 2569 1337 2640 omnibns
1358 2569 1412 2636 mir

292 2686 354 2754 pre
370 2671 486 2736 ceteris
500 2665 664 2737 inimicis.1

368 2769 419 2836 Ex
437 2774 515 2838 tuno
531 2787 589 2836 rex
606 2769 764 2836 Bohemie
779 2772 867 2858 oepit
883 2778 1023 2857 quatuor
1035 2770 1243 2837 municiones
1260 2765 1412 2854 quocirca

295 2883 407 2933 muros
430 2872 524 2933 erant
543 2869 683 2935 civitatis
708 2868 924 2936 Wiennensis
946 2869 1073 2936 munire
1091 2866 1368 2955 propugnaculis,
1388 2867 1412 2926 st

296 2970 440 3032 castrum
456 2981 576 3031 novum
592 2963 807 3034 fortissimum
824 2967 912 3055 quod
932 2967 1144 3035 edificaverat
1157 2969 1190 3034 in
1206 2964 1320 3034 medio
1344 2961 1411 3029 oiri-

297 3063 382 3128 tatis.
411 3060 530 3148 Coegit
547 3069 580 3130 et
598 3082 640 3130 cx
660 3071 739 3132 tunc
756 3066 944 3151 burgenses
967 3067 1088 3132 milites
1115 3065 1249 3134 nobiles
1270 3070 1307 3131 et
1323 3062 1410 3130 baro·
1433 3075 1434 3118 2

291 3177 376 3250 nes,
395 3177 518 3248 pueros
534 3162 596 3228 sibi
613 3161 690 3234 dare
707 3164 844 3232 obsides
858 3172 891 3232 ot
906 3172 1014 3232 castra
1032 3164 1210 3232 fortissima
1229 3181 1305 3234 oum
1329 3159 1410 3227 arnis
1433 3173 1434 3220 r

297 3259 366 3326 suis
384 3260 417 3326 in
432 3276 524 3327 suam
544 3261 673 3329 tradere
690 3269 899 3350 potestatem.
925 3263 1018 3331 Misit
1030 3265 1165 3350 insuper
1178 3263 1347 3332 Bohemos
1364 3257 1411 3322 mi·
1432 3313 1433 3330 2

295 3358 373 3426 lites
399 3365 545 3426 armatos
574 3361 607 3426 in
643 3362 793 3429 civitates
819 3359 952 3430 Austrie
981 3369 1014 3428 et
1044 3361 1198 3428 victualia
1229 3361 1319 3430 misit
1343 3355 1433 3442 ipsisr

296 3455 521 3547 abundanter,
541 3465 576 3526 ut
592 3460 620 3526 si
648 3461 857 3545 contingeret
870 3459 1045 3528 Rudolium
1067 3458 1181 3545 regem
1204 3458 1410 3528 Romanorum
1432 3433 1433 3521 l

296 3556 447 3623 civitates
465 3557 595 3644 aliquas
618 3557 793 3648 obsidere,
816 3559 905 3645 quod
930 3560 1022 3627 cives
1045 3577 1082 3627 se
1109 3576 1177 3626 non
1199 3562 1340 3646 possent
1359 3557 1432 3634 exi

297 3671 433 3744 cosme,
457 3657 612 3741 quoniam
635 3657 786 3724 civitates
808 3676 888 3726 suas
905 3659 934 3726 si
952 3658 1076 3725 vellent
1092 3658 1133 3725 ab
1155 3651 1409 3744 impugnantibus
1431 3643 1432 3722 j

297 3746 525 3820 conservare².
552 3755 620 3821 Pro
632 3757 751 3822 ceteris
770 3764 879 3824 autem
896 3757 1059 3824 civitatem
1078 3775 1142 3842 que
1158 3754 1276 3824 dieitur
1299 3753 1409 3822 Novum
1431 3723 1432 3803 l

298 3848 448 3917 Castrum
477 3853 674 3920 victualibus
704 3854 813 3922 multis
838 3856 988 3941 munivit,
1015 3873 1056 3922 eo
1072 3853 1174 3941 spuod
1192 3853 1365 3921 Wiennam
1384 3847 1410 3912 el

298 3947 381 4016 alias
396 3949 548 4018 civitates
565 3969 606 4018 ex
624 3954 700 4039 ipsa
718 3971 856 4040 pascere
872 3953 1044 4021 voluisset.
1071 3954 1221 4040 Preeepit
1235 3953 1354 4036 ceiam,
1376 3959 1409 4012 oe

298 4046 419 4133 aliquis
433 4045 606 4116 liudolium
627 4068 738 4136 regem
752 4050 973 4120 Romanorum
995 4051 1160 4119 dominum
1177 4051 1232 4118 vel
1257 4065 1364 4134 regem
1384 4043 1409 4108 in

333 4197 362 4262 l)
383 4195 471 4252 dieser
493 4215 576 4266 ganzo
600 4201 693 4254 absatz
719 4201 838 4254 welchar
860 4205 895 4256 im
920 4199 1005 4254 drock
1028 4201 1093 4260 sebit
1118 4203 1152 4254 ist
1173 4201 1234 4252 lrier
1257 4215 1304 4252 aus
1322 4196 1364 4252 der
1380 4191 1409 4243 hs·

299 4267 419 4333 erginzt.
455 4267 486 4332 2)
504 4275 614 4338 possent
633 4284 705 4322 muss
722 4285 781 4322 man
799 4269 858 4323 sicis
875 4269 1074 4323 binzudenlren.
