2950 4836
288 229 360 298 lau
667 258 838 304 nruuannus
859 255 1045 304 otrannusrs.

208 404 274 460 trsr
293 394 456 464 Clemens
468 392 595 464 Eodem
615 411 703 462 anno
721 396 755 463 in
773 397 877 484 prima
894 394 1061 464 dominioa
1078 394 1342 483 quadragesime
1360 397 1431 464 Fri-

290 493 422 563 derieus
448 496 625 582 imperator
647 491 865 582 Ratisponam
888 495 1038 584 intravit,
1067 501 1100 563 et
1117 495 1161 562 ibi
1180 514 1254 563 eum
1274 503 1433 584 septem-

289 593 396 662 deoim
430 595 599 681 episeopis
633 598 666 660 et
691 611 764 660 oum
791 593 943 661 omnibus
976 594 1181 682 principibus
1209 595 1432 662 Bawarorum

183 691 188 700 '
288 693 525 782 permaximam
560 691 681 760 auriam
707 693 907 782 celebravit,
933 711 973 761 ao
996 692 1119 760 ibidem
1144 699 1248 760 totam
1281 693 1431 780 quadra·

253 875 254 878 Ἴ
289 793 450 878 gesimam
477 797 510 858 et
534 791 659 878 pasolra
681 793 820 877 peregit.
848 790 1043 860 Chunradus
1063 793 1248 880 episeopus
1267 791 1431 879 Ratispo-

289 891 405 958 nensis
431 890 573 975 eligitur.
601 887 744 958 Otaohar
770 890 837 958 dux
861 890 970 976 Styrie
987 891 1112 978 leporis
1132 892 1248 960 morbo
1267 891 1430 979 prepedi-

289 994 342 1057 tus
361 987 515 1056 dueatum
535 988 643 1076 Styrie
659 990 860 1059 munitiones
876 988 991 1077 predia
1009 995 1171 1058 etomues
1189 990 1429 1058 ministeriales

289 1093 436 1174 cognato
455 1105 519 1156 suo
537 1087 613 1156 duoi
631 1087 798 1175 liupoldo
816 1085 950 1156 Austrie
968 1089 1109 1174 reliquit.

362 1187 606 1255 M.e.lxxx.viiii.
625 1187 805 1274 imperator
823 1206 842 1253 a
861 1194 946 1256 terra
963 1192 996 1254 et
1011 1189 1092 1254 mari
1110 1187 1216 1254 movit
1235 1187 1428 1274 expeditio-

289 1302 366 1353 nem
384 1284 546 1354 adversus
566 1285 766 1354 Saludinum.
801 1283 906 1366 Quem
924 1305 982 1354 rex
1009 1286 1125 1354 Greoie
1146 1286 1306 1355 Ysaohar
1324 1289 1425 1375 primo

289 1384 401 1455 missis
427 1385 549 1470 legatis
575 1385 770 1468 Nurnberoh
793 1385 912 1453 iuravit
931 1402 968 1453 se
987 1385 1169 1453 honorilice
1188 1392 1427 1473 suseeptumm

290 1489 325 1551 et
346 1499 497 1551 senarum
516 1485 546 1550 ei
562 1485 732 1552 transitum
745 1483 954 1572 proditurum.
981 1483 1049 1552 Sed
1066 1490 1189 1572 postea
1209 1502 1253 1552 eo
1277 1485 1426 1553 Greoian

288 1583 430 1650 intrante
448 1584 605 1652 mentitus
630 1589 683 1652 est
706 1601 765 1670 per
785 1585 895 1650 omnia
914 1601 979 1670 que
997 1585 1203 1672 promiserat.
1232 1581 1345 1662 Quem
1363 1586 1425 1650 irn-

289 1685 422 1770 perator
441 1679 484 1748 ad
508 1688 750 1750 sacramentum
771 1681 959 1750 laciendum
978 1681 1089 1750 denuo
1107 1681 1150 1750 de
1172 1700 1259 1770 paee
1285 1689 1322 1750 et
1342 1700 1425 1750 oon-

290 1777 403 1849 eordia
429 1785 463 1847 et
486 1797 607 1849 seouro
631 1782 769 1848 transitu
787 1781 946 1870 compulit
956 1834 966 1872 ‚
985 1783 1131 1870 aooeptis
1149 1781 1192 1848 ab
1210 1782 1291 1870 ipso
1312 1783 1425 1850 electis

290 1877 474 1957 obsidibus
950 1969 954 1974 Ι

363 1976 492 2046 lione.
510 1978 691 2066 lrnperator
714 1984 748 2048 et
771 1997 829 2048 rex
850 1979 967 2047 Greoie
994 1982 1115 2047 oetava
1135 1979 1199 2046 kal.
1223 1985 1320 2048 mart.
1345 1975 1423 2070 [iel.

291 2073 356 2166 22]
383 2077 614 2164 pacificantur,
640 2079 807 2146 exereitus
831 2096 873 2146 ex
897 2096 1018 2163 magna
1035 2083 1128 2166 parte
1146 2079 1279 2146 interiit.
1300 2078 1424 2146 Wille-

290 2175 418 2242 helmus
443 2193 502 2244 rex
527 2173 648 2264 Apulie
676 2177 765 2244 obiit.
792 2176 1008 2244 Tanehradus
1029 2184 1191 2264 tyrannus
1210 2195 1356 2264 regnum
1374 2180 1424 2245 in-

289 2272 391 2341 vadit.
426 2272 600 2344 Heinrious
621 2294 680 2344 rex
701 2275 947 2364 expeditionem
971 2277 1005 2342 in
1025 2273 1178 2363 Apuliam
1203 2279 1319 2344 movit.
1354 2277 1425 2344 Fri-

236 2389 238 2394 ·
291 2370 424 2440 derieus
441 2374 619 2461 imperator
641 2375 841 2462 inpartibus
868 2376 1094 2442 transmarinis
1111 2376 1146 2442 in
1163 2385 1268 2462 parvo
1287 2375 1424 2444 ssuviolo

291 2475 345 2539 est
363 2471 559 2540 submersus
581 2481 696 2560 quarta
719 2475 795 2542 idus
812 2475 892 2541 iunii
913 2469 1006 2562 [iuni
1024 2471 1097 2564 10].
1123 2473 1343 2542 Theabaldus
1360 2476 1424 2542 Pa-

290 2570 423 2638 tavinus
441 2573 621 2660 episeopus
644 2573 743 2661 obiit,
762 2574 815 2640 oui
835 2572 1030 2642 Wolilrerus
1047 2574 1223 2641 suecessit.

363 2667 463 2738 Anno
481 2673 718 2740 inearnationis
729 2671 853 2739 domini
866 2673 1008 2740 menei.
1021 2670 1196 2740 Heinrious
1207 2676 1328 2740 sextus
1339 2671 1422 2739 lilius

289 2764 444 2836 Friderioi
471 2771 652 2858 supradicti
678 2789 820 2856 regnare
845 2773 932 2859 oepit
956 2773 1198 2856 nonagesimus
1225 2772 1365 2858 quintus
1384 2771 1422 2838 ab

289 2863 455 2952 Augusto.
473 2869 536 2936 llio
554 2887 643 2937 anno
660 2871 758 2938 etatis
778 2887 838 2938 sue
852 2871 1013 2939 vieesimo
1027 2872 1141 2958 primo,
1162 2869 1273 2938 adimo
1290 2872 1422 2938 vivente

289 2969 400 3055 patre,
427 2984 501 3035 oum
529 2970 645 3054 regina
677 2968 896 3058 Conmendo,
924 2968 990 3036 lilia
1015 2967 1150 3055 Rogerii
1173 2969 1266 3054 regis
1286 2968 1420 3057 sycilie,

290 3063 458 3148 gloriosas
474 3069 607 3154 nuptias
625 3066 807 3136 Mediolani
827 3073 907 3157 aput
927 3073 1078 3135 sanetum
1097 3065 1312 3136 Ambrosium
1334 3069 1421 3135 eele-

289 3161 407 3250 bravit,
427 3169 460 3230 et
477 3183 497 3230 a
516 3164 685 3235 Celestino
707 3186 795 3254 papa
814 3183 1013 3235 sueoessore
1032 3166 1212 3234 Clementis
1231 3168 1422 3236 unotionem

290 3261 418 3347 aeoepit
444 3263 570 3351 imperii
596 3265 747 3334 seeundo
770 3265 852 3334 ieria
876 3267 1002 3354 pasohe
1030 3262 1115 3355 [apr.
1144 3262 1208 3356 15]
1239 3283 1331 3334 anno
1354 3282 1420 3332 mo.

289 3363 634 3450 nonagesimoprimo.
652 3365 728 3452 lpse
743 3371 853 3432 autem
871 3363 1060 3432 Celestious
1075 3383 1163 3452 papa
1175 3363 1418 3452 predecessore

289 3475 352 3526 suo
379 3457 548 3529 Clemente
572 3464 606 3529 in
633 3464 773 3532 sabbato
795 3469 911 3532 saneto
942 3460 1028 3553 [apr.
1053 3461 1116 3553 13]
1144 3464 1231 3530 viam
1264 3465 1417 3531 universe

290 3558 398 3624 earnis
420 3561 596 3651 ingresso,
623 3563 657 3628 in
688 3562 741 3630 die
771 3570 889 3631 saneto
911 3563 1161 3630 resurrectionis
1186 3560 1313 3629 domini
1338 3558 1417 3652 [apr.

291 3652 354 3745 tlt]
381 3657 506 3728 elnotus
534 3665 567 3726 et
594 3667 812 3729 oonsoeratus
837 3661 905 3730 suit.
932 3661 997 3728 lste
1024 3660 1200 3728 Heinrious
1223 3660 1365 3728 audaoia
1388 3667 1418 3727 et

288 3753 458 3846 largitate,
478 3761 609 3827 iustioia
627 3769 660 3826 et
677 3762 826 3850 veritate,
845 3762 1025 3828 litteratura
1044 3765 1077 3827 et
1095 3760 1272 3848 sapientia,
1292 3765 1327 3826 et
1350 3760 1415 3828 aliis

288 3853 461 3926 virtutibus
486 3859 637 3946 pollens,
662 3859 832 3946 imperium
858 3876 920 3926 suo
943 3859 1035 3926 brevi
1055 3864 1202 3945 tempore
1220 3858 1310 3926 bene
1327 3860 1415 3946 rexit,

288 3967 428 4034 regnurn
452 3955 564 4024 Sieilie
592 3957 655 4024 sibi
678 3957 886 4048 subiugavit,
906 3963 940 4024 ot
960 3959 1062 4024 multa
1086 3957 1152 4024 alia
1174 3957 1265 4024 bona
1293 3974 1333 4024 ae
1351 3976 1415 4024 me-

288 4049 390 4116 moria
414 4053 515 4138 digna
540 4056 572 4122 in
595 4057 731 4143 imperio
754 4056 850 4145 lenit,
875 4074 915 4122 ao
940 4055 1070 4122 demum
1094 4057 1128 4122 in
1148 4054 1271 4144 Apulia
1291 4056 1413 4124 insidiis

288 4148 403 4216 uxoris
422 4171 481 4219 sue
501 4159 535 4218 ut
554 4153 669 4222 dieitur
686 4173 818 4224 veneno
837 4157 941 4242 periit.
976 4154 1077 4222 Cuius
1096 4157 1210 4222 uxoris
1229 4154 1300 4222 iere
1320 4160 1413 4222 totam

288 4245 377 4314 miris
404 4249 603 4318 eruciatibus
629 4253 839 4322 interleeerat
855 4255 1070 4343 parentelam.
1096 4253 1224 4322 Eodem
1244 4271 1333 4322 anno
1350 4254 1412 4320 Fri-
