<?xml version="1.0" encoding="UTF-8"?>
<!DOCTYPE html PUBLIC "-//W3C//DTD XHTML 1.0 Transitional//EN"
    "http://www.w3.org/TR/xhtml1/DTD/xhtml1-transitional.dtd">
<html xmlns="http://www.w3.org/1999/xhtml" xml:lang="en" lang="en">
 <head>
  <title>
</title>
<meta http-equiv="Content-Type" content="text/html;charset=utf-8" />
  <meta name='ocr-system' content='tesseract 3.04.00' />
  <meta name='ocr-capabilities' content='ocr_page ocr_carea ocr_par ocr_line ocrx_word'/>
</head>
<body>
  <div class='ocr_page' id='page_1' title='image "./fontesrerumgerm00hubegoog_0528.png"; bbox 0 0 2888 4824; ppageno 0'>
   <div class='ocr_carea' id='block_1_1' title="bbox 360 235 1138 308">
    <p class='ocr_par' dir='ltr' id='par_1_1' title="bbox 360 235 1138 308">
     <span class='ocr_line' id='line_1_1' title="bbox 360 235 1138 308; baseline -0.008 0"><span class='ocrx_word' id='word_1_1' title='bbox 360 261 512 308; x_wconf 73' lang='lat' dir='ltr'>cenninus</span> <span class='ocrx_word' id='word_1_2' title='bbox 532 257 791 308; x_wconf 81' lang='lat' dir='ltr'>srnorurmerosrs.</span> <span class='ocrx_word' id='word_1_3' title='bbox 1066 235 1138 303; x_wconf 80' lang='lat' dir='ltr'>ote</span> 
     </span>
    </p>
   </div>
   <div class='ocr_carea' id='block_1_2' title="bbox 11 398 1225 3858">
    <p class='ocr_par' dir='ltr' id='par_1_2' title="bbox 11 398 1225 671">
     <span class='ocr_line' id='line_1_2' title="bbox 11 398 1225 486; baseline -0.004 -14"><span class='ocrx_word' id='word_1_4' title='bbox 11 411 75 472; x_wconf 92' lang='lat' dir='ltr'>tem</span> <span class='ocrx_word' id='word_1_5' title='bbox 94 400 135 470; x_wconf 92' lang='lat' dir='ltr'>de</span> <span class='ocrx_word' id='word_1_6' title='bbox 152 401 285 470; x_wconf 88' lang='lat' dir='ltr'>eivitate</span> <span class='ocrx_word' id='word_1_7' title='bbox 302 399 512 486; x_wconf 83' lang='lat' dir='ltr'>Bebelingen</span> <span class='ocrx_word' id='word_1_8' title='bbox 531 405 565 468; x_wconf 88' lang='lat' dir='ltr'>et</span> <span class='ocrx_word' id='word_1_9' title='bbox 582 398 624 469; x_wconf 89' lang='lat' dir='ltr'>de</span> <span class='ocrx_word' id='word_1_10' title='bbox 641 402 744 470; x_wconf 88' lang='lat' dir='ltr'>tutela</span> <span class='ocrx_word' id='word_1_11' title='bbox 763 401 907 471; x_wconf 94' lang='lat' dir='ltr'>omnino.</span> <span class='ocrx_word' id='word_1_12' title='bbox 930 401 1026 472; x_wconf 87' lang='lat' dir='ltr'>Feria</span> <span class='ocrx_word' id='word_1_13' title='bbox 1043 409 1140 472; x_wconf 88' lang='lat' dir='ltr'>sexta</span> <span class='ocrx_word' id='word_1_14' title='bbox 1161 413 1225 468; x_wconf 77' lang='lat' dir='ltr'>tara</span> 
     </span>
     <span class='ocr_line' id='line_1_3' title="bbox 11 496 1142 591; baseline 0.003 -21"><span class='ocrx_word' id='word_1_15' title='bbox 11 507 88 590; x_wconf 91' lang='lat' dir='ltr'>post</span> <span class='ocrx_word' id='word_1_16' title='bbox 105 501 369 570; x_wconf 80' lang='lat' dir='ltr'>bartholomeum</span> <span class='ocrx_word' id='word_1_17' title='bbox 389 497 484 591; x_wconf 82' lang='lat' dir='ltr'>[aug.</span> <span class='ocrx_word' id='word_1_18' title='bbox 499 496 564 590; x_wconf 86' lang='lat'>26]</span> <span class='ocrx_word' id='word_1_19' title='bbox 582 502 715 570; x_wconf 92' lang='lat' dir='ltr'>ooeisus</span> <span class='ocrx_word' id='word_1_20' title='bbox 735 507 789 569; x_wconf 91' lang='lat' dir='ltr'>est</span> <span class='ocrx_word' id='word_1_21' title='bbox 805 503 1008 571; x_wconf 88' lang='lat' dir='ltr'>rexBoemie</span> <span class='ocrx_word' id='word_1_22' title='bbox 1025 522 1046 571; x_wconf 87' lang='lat' dir='ltr'>a</span> <span class='ocrx_word' id='word_1_23' title='bbox 1061 521 1142 590; x_wconf 85' lang='lat' dir='ltr'>rege</span> 
     </span>
     <span class='ocr_line' id='line_1_4' title="bbox 11 597 795 671; baseline -0.001 -2"><span class='ocrx_word' id='word_1_24' title='bbox 11 600 228 671; x_wconf 89' lang='lat' dir='ltr'>Romanorum</span> <span class='ocrx_word' id='word_1_25' title='bbox 245 598 399 668; x_wconf 89' lang='lat' dir='ltr'>Rudolto.</span> <span class='ocrx_word' id='word_1_26' title='bbox 425 597 570 666; x_wconf 83' lang='lat' dir='ltr'>Annona</span> <span class='ocrx_word' id='word_1_27' title='bbox 587 599 698 667; x_wconf 89' lang='lat' dir='ltr'>vilitas</span> <span class='ocrx_word' id='word_1_28' title='bbox 718 607 795 668; x_wconf 90' lang='lat' dir='ltr'>erat.</span> 
     </span>
    </p>

    <p class='ocr_par' dir='ltr' id='par_1_3' title="bbox 11 697 1143 1977">
     <span class='ocr_line' id='line_1_5' title="bbox 82 697 1142 789; baseline 0.003 -22"><span class='ocrx_word' id='word_1_29' title='bbox 82 700 326 767; x_wconf 83' lang='lat' dir='ltr'>Meelxxviiii.</span> <span class='ocrx_word' id='word_1_30' title='bbox 343 697 531 766; x_wconf 80' lang='lat' dir='ltr'>iohannem</span> <span class='ocrx_word' id='word_1_31' title='bbox 549 703 583 764; x_wconf 91' lang='lat' dir='ltr'>et</span> <span class='ocrx_word' id='word_1_32' title='bbox 600 716 749 767; x_wconf 88' lang='lat' dir='ltr'>sororem</span> <span class='ocrx_word' id='word_1_33' title='bbox 766 718 862 768; x_wconf 90' lang='lat' dir='ltr'>suam</span> <span class='ocrx_word' id='word_1_34' title='bbox 880 702 1036 789; x_wconf 83' lang='lat' dir='ltr'>copulavi</span> <span class='ocrx_word' id='word_1_35' title='bbox 1053 701 1142 789; x_wconf 82' lang='lat' dir='ltr'>legi-</span> 
     </span>
     <span class='ocr_line' id='line_1_6' title="bbox 11 796 1143 889; baseline 0.004 -24"><span class='ocrx_word' id='word_1_36' title='bbox 11 800 103 889; x_wconf 86' lang='lat' dir='ltr'>time,</span> <span class='ocrx_word' id='word_1_37' title='bbox 127 815 249 886; x_wconf 86' lang='lat' dir='ltr'>pueros</span> <span class='ocrx_word' id='word_1_38' title='bbox 275 798 433 865; x_wconf 91' lang='lat' dir='ltr'>Dieterioi</span> <span class='ocrx_word' id='word_1_39' title='bbox 459 797 568 864; x_wconf 90' lang='lat' dir='ltr'>militis</span> <span class='ocrx_word' id='word_1_40' title='bbox 587 796 629 866; x_wconf 92' lang='lat' dir='ltr'>de</span> <span class='ocrx_word' id='word_1_41' title='bbox 648 798 911 886; x_wconf 84' lang='lat' dir='ltr'>Wurmelingen.</span> <span class='ocrx_word' id='word_1_42' title='bbox 938 799 1059 868; x_wconf 83' lang='lat' dir='ltr'>Comes</span> <span class='ocrx_word' id='word_1_43' title='bbox 1078 801 1143 870; x_wconf 90' lang='lat' dir='ltr'>Ui-</span> 
     </span>
     <span class='ocr_line' id='line_1_7' title="bbox 12 895 1141 990; baseline 0.002 -24"><span class='ocrx_word' id='word_1_44' title='bbox 12 901 98 966; x_wconf 91' lang='lat' dir='ltr'>rious</span> <span class='ocrx_word' id='word_1_45' title='bbox 124 899 231 965; x_wconf 92' lang='lat' dir='ltr'>iunior</span> <span class='ocrx_word' id='word_1_46' title='bbox 257 895 299 965; x_wconf 85' lang='lat' dir='ltr'>de</span> <span class='ocrx_word' id='word_1_47' title='bbox 325 895 547 964; x_wconf 87' lang='lat' dir='ltr'>Wirtinbereh</span> <span class='ocrx_word' id='word_1_48' title='bbox 571 895 653 964; x_wconf 92' lang='lat' dir='ltr'>obiit</span> <span class='ocrx_word' id='word_1_49' title='bbox 676 899 754 965; x_wconf 88' lang='lat' dir='ltr'>xiiii.</span> <span class='ocrx_word' id='word_1_50' title='bbox 779 898 843 966; x_wconf 89' lang='lat' dir='ltr'>kal.</span> <span class='ocrx_word' id='word_1_51' title='bbox 871 899 1016 968; x_wconf 75' lang='lat' dir='ltr'><strong>octobris</strong></span> <span class='ocrx_word' id='word_1_52' title='bbox 1037 896 1141 990; x_wconf 89' lang='lat' dir='ltr'>[sept.</span> 
     </span>
     <span class='ocr_line' id='line_1_8' title="bbox 13 994 1140 1088; baseline 0.003 -24"><span class='ocrx_word' id='word_1_53' title='bbox 13 995 84 1088; x_wconf 83' lang='grc'>18].</span> <span class='ocrx_word' id='word_1_54' title='bbox 113 994 202 1064; x_wconf 86' lang='lat' dir='ltr'>Obiit</span> <span class='ocrx_word' id='word_1_55' title='bbox 226 1001 259 1064; x_wconf 90' lang='lat' dir='ltr'>et</span> <span class='ocrx_word' id='word_1_56' title='bbox 281 1013 394 1065; x_wconf 92' lang='lat' dir='ltr'>oomes</span> <span class='ocrx_word' id='word_1_57' title='bbox 421 996 578 1083; x_wconf 88' lang='lat' dir='ltr'>antiquus</span> <span class='ocrx_word' id='word_1_58' title='bbox 595 994 799 1066; x_wconf 87' lang='lat' dir='ltr'>Ludewious</span> <span class='ocrx_word' id='word_1_59' title='bbox 824 996 866 1066; x_wconf 87' lang='lat' dir='ltr'>de</span> <span class='ocrx_word' id='word_1_60' title='bbox 885 995 1054 1085; x_wconf 85' lang='lat' dir='ltr'>Otbingen</span> <span class='ocrx_word' id='word_1_61' title='bbox 1071 1001 1140 1068; x_wconf 88' lang='lat' dir='ltr'>viii.</span> 
     </span>
     <span class='ocr_line' id='line_1_9' title="bbox 13 1091 1141 1188; baseline 0.003 -24"><span class='ocrx_word' id='word_1_62' title='bbox 13 1096 71 1164; x_wconf 87' lang='lat' dir='ltr'>ial.</span> <span class='ocrx_word' id='word_1_63' title='bbox 98 1095 247 1164; x_wconf 76' lang='lat' dir='ltr'>octobris</span> <span class='ocrx_word' id='word_1_64' title='bbox 273 1091 376 1185; x_wconf 91' lang='lat' dir='ltr'>[sept.</span> <span class='ocrx_word' id='word_1_65' title='bbox 402 1091 479 1186; x_wconf 81' lang='lat' dir='ltr'>2t].</span> <span class='ocrx_word' id='word_1_66' title='bbox 515 1093 609 1163; x_wconf 90' lang='lat' dir='ltr'>Ciroa</span> <span class='ocrx_word' id='word_1_67' title='bbox 631 1093 741 1162; x_wconf 85' lang='lat' dir='ltr'>Alexii</span> <span class='ocrx_word' id='word_1_68' title='bbox 767 1093 843 1187; x_wconf 91' lang='lat' dir='ltr'>[iuli</span> <span class='ocrx_word' id='word_1_69' title='bbox 871 1095 935 1188; x_wconf 82' lang='lat'>17]</span> <span class='ocrx_word' id='word_1_70' title='bbox 962 1099 1141 1166; x_wconf 93' lang='lat' dir='ltr'>obsessum</span> 
     </span>
     <span class='ocr_line' id='line_1_10' title="bbox 13 1193 1139 1285; baseline 0.002 -22"><span class='ocrx_word' id='word_1_71' title='bbox 13 1195 104 1263; x_wconf 84' lang='lat' dir='ltr'>inita</span> <span class='ocrx_word' id='word_1_72' title='bbox 124 1196 244 1263; x_wconf 89' lang='lat' dir='ltr'>eomite</span> <span class='ocrx_word' id='word_1_73' title='bbox 269 1193 408 1263; x_wconf 85' lang='lat' dir='ltr'>Alberto</span> <span class='ocrx_word' id='word_1_74' title='bbox 432 1198 576 1262; x_wconf 81' lang='lat' dir='ltr'>oestrum</span> <span class='ocrx_word' id='word_1_75' title='bbox 597 1193 797 1285; x_wconf 79' lang='lat' dir='ltr'>waldethe,</span> <span class='ocrx_word' id='word_1_76' title='bbox 817 1202 851 1264; x_wconf 90' lang='lat' dir='ltr'>et</span> <span class='ocrx_word' id='word_1_77' title='bbox 867 1196 1000 1264; x_wconf 90' lang='lat' dir='ltr'>labores</span> <span class='ocrx_word' id='word_1_78' title='bbox 1018 1197 1139 1266; x_wconf 82' lang='lat' dir='ltr'>ibidem</span> 
     </span>
     <span class='ocr_line' id='line_1_11' title="bbox 12 1293 1139 1386; baseline 0.003 -24"><span class='ocrx_word' id='word_1_79' title='bbox 12 1299 240 1383; x_wconf 90' lang='lat' dir='ltr'>apparuerunt.</span> <span class='ocrx_word' id='word_1_80' title='bbox 265 1293 386 1362; x_wconf 92' lang='lat' dir='ltr'>Vinum</span> <span class='ocrx_word' id='word_1_81' title='bbox 404 1293 469 1362; x_wconf 90' lang='lat' dir='ltr'>boo</span> <span class='ocrx_word' id='word_1_82' title='bbox 487 1310 577 1361; x_wconf 90' lang='lat' dir='ltr'>anno</span> <span class='ocrx_word' id='word_1_83' title='bbox 594 1295 783 1381; x_wconf 90' lang='lat' dir='ltr'>preoiosum</span> <span class='ocrx_word' id='word_1_84' title='bbox 801 1301 888 1386; x_wconf 82' lang='lat' dir='ltr'>erat,</span> <span class='ocrx_word' id='word_1_85' title='bbox 907 1314 1042 1365; x_wconf 90' lang='lat' dir='ltr'>annona</span> <span class='ocrx_word' id='word_1_86' title='bbox 1060 1315 1139 1365; x_wconf 93' lang='lat' dir='ltr'>vero</span> 
     </span>
     <span class='ocr_line' id='line_1_12' title="bbox 13 1389 1139 1481; baseline 0.004 -21"><span class='ocrx_word' id='word_1_87' title='bbox 13 1395 42 1460; x_wconf 89' lang='lat' dir='ltr'>in</span> <span class='ocrx_word' id='word_1_88' title='bbox 58 1395 185 1481; x_wconf 94' lang='lat' dir='ltr'>optimo</span> <span class='ocrx_word' id='word_1_89' title='bbox 210 1391 294 1462; x_wconf 87' lang='lat' dir='ltr'>iero.</span> <span class='ocrx_word' id='word_1_90' title='bbox 320 1389 420 1460; x_wconf 83' lang='lat' dir='ltr'>Anno</span> <span class='ocrx_word' id='word_1_91' title='bbox 446 1391 564 1460; x_wconf 90' lang='lat' dir='ltr'>eodem</span> <span class='ocrx_word' id='word_1_92' title='bbox 583 1391 622 1460; x_wconf 91' lang='lat' dir='ltr'>H.</span> <span class='ocrx_word' id='word_1_93' title='bbox 641 1391 683 1461; x_wconf 89' lang='lat' dir='ltr'>de</span> <span class='ocrx_word' id='word_1_94' title='bbox 702 1392 876 1462; x_wconf 85' lang='lat' dir='ltr'>Cannistat</span> <span class='ocrx_word' id='word_1_95' title='bbox 894 1400 927 1462; x_wconf 87' lang='lat' dir='ltr'>et</span> <span class='ocrx_word' id='word_1_96' title='bbox 943 1393 1139 1464; x_wconf 90' lang='lat' dir='ltr'>Renhardus</span> 
     </span>
     <span class='ocr_line' id='line_1_13' title="bbox 14 1490 1139 1584; baseline 0.003 -24"><span class='ocrx_word' id='word_1_97' title='bbox 14 1492 50 1560; x_wconf 92' lang='lat' dir='ltr'>de</span> <span class='ocrx_word' id='word_1_98' title='bbox 67 1493 235 1578; x_wconf 86' lang='lat' dir='ltr'>Bibingen</span> <span class='ocrx_word' id='word_1_99' title='bbox 254 1492 406 1560; x_wconf 90' lang='lat' dir='ltr'>eanoniei</span> <span class='ocrx_word' id='word_1_100' title='bbox 425 1491 568 1560; x_wconf 84' lang='lat' dir='ltr'>eoeleste</span> <span class='ocrx_word' id='word_1_101' title='bbox 588 1490 818 1578; x_wconf 83' lang='lat' dir='ltr'>Sindelimgen</span> <span class='ocrx_word' id='word_1_102' title='bbox 835 1494 1000 1562; x_wconf 90' lang='lat' dir='ltr'>violenter</span> <span class='ocrx_word' id='word_1_103' title='bbox 1016 1513 1139 1584; x_wconf 92' lang='lat' dir='ltr'>rapue-</span> 
     </span>
     <span class='ocr_line' id='line_1_14' title="bbox 13 1589 1141 1678; baseline 0.003 -19"><span class='ocrx_word' id='word_1_104' title='bbox 13 1598 80 1659; x_wconf 86' lang='lat' dir='ltr'>runt</span> <span class='ocrx_word' id='word_1_105' title='bbox 97 1593 131 1658; x_wconf 92' lang='lat' dir='ltr'>in</span> <span class='ocrx_word' id='word_1_106' title='bbox 149 1593 264 1678; x_wconf 85' lang='lat' dir='ltr'>vigilia</span> <span class='ocrx_word' id='word_1_107' title='bbox 289 1591 395 1660; x_wconf 87' lang='lat' dir='ltr'>saneti</span> <span class='ocrx_word' id='word_1_108' title='bbox 414 1590 498 1658; x_wconf 87' lang='lat' dir='ltr'>Galli</span> <span class='ocrx_word' id='word_1_109' title='bbox 522 1589 564 1658; x_wconf 91' lang='lat' dir='ltr'>de</span> <span class='ocrx_word' id='word_1_110' title='bbox 586 1598 685 1660; x_wconf 87' lang='lat' dir='ltr'>noete</span> <span class='ocrx_word' id='word_1_111' title='bbox 705 1591 858 1662; x_wconf 85' lang='lat' dir='ltr'>Cunrado</span> <span class='ocrx_word' id='word_1_112' title='bbox 877 1592 918 1660; x_wconf 91' lang='lat' dir='ltr'>de</span> <span class='ocrx_word' id='word_1_113' title='bbox 937 1593 1141 1662; x_wconf 89' lang='lat' dir='ltr'>Wurmelin-</span> 
     </span>
     <span class='ocr_line' id='line_1_15' title="bbox 12 1690 1139 1775; baseline 0.004 -18"><span class='ocrx_word' id='word_1_114' title='bbox 12 1709 71 1775; x_wconf 83' lang='lat' dir='ltr'>gen</span> <span class='ocrx_word' id='word_1_115' title='bbox 90 1692 323 1760; x_wconf 90' lang='lat' dir='ltr'>eonoaoonioo</span> <span class='ocrx_word' id='word_1_116' title='bbox 342 1708 457 1758; x_wconf 92' lang='lat' dir='ltr'>eorum</span> <span class='ocrx_word' id='word_1_117' title='bbox 475 1690 585 1759; x_wconf 89' lang='lat' dir='ltr'>omnia</span> <span class='ocrx_word' id='word_1_118' title='bbox 603 1692 716 1759; x_wconf 91' lang='lat' dir='ltr'>suain</span> <span class='ocrx_word' id='word_1_119' title='bbox 734 1693 824 1759; x_wconf 88' lang='lat' dir='ltr'>ouria</span> <span class='ocrx_word' id='word_1_120' title='bbox 843 1693 914 1760; x_wconf 92' lang='lat' dir='ltr'>eius</span> <span class='ocrx_word' id='word_1_121' title='bbox 934 1701 1050 1761; x_wconf 86' lang='lat' dir='ltr'>eontra</span> <span class='ocrx_word' id='word_1_122' title='bbox 1067 1700 1139 1762; x_wconf 89' lang='lat' dir='ltr'>sta-</span> 
     </span>
     <span class='ocr_line' id='line_1_16' title="bbox 15 1789 1139 1878; baseline 0.005 -23"><span class='ocrx_word' id='word_1_123' title='bbox 15 1797 76 1858; x_wconf 92' lang='lat' dir='ltr'>tuta</span> <span class='ocrx_word' id='word_1_124' title='bbox 94 1795 128 1856; x_wconf 90' lang='lat' dir='ltr'>et</span> <span class='ocrx_word' id='word_1_125' title='bbox 150 1789 327 1878; x_wconf 81' lang='lat' dir='ltr'>privilegia</span> <span class='ocrx_word' id='word_1_126' title='bbox 348 1790 504 1878; x_wconf 90' lang='lat' dir='ltr'>ipsorum.</span> <span class='ocrx_word' id='word_1_127' title='bbox 530 1789 571 1857; x_wconf 86' lang='lat' dir='ltr'>Et</span> <span class='ocrx_word' id='word_1_128' title='bbox 595 1791 756 1878; x_wconf 91' lang='lat' dir='ltr'>oompulsi</span> <span class='ocrx_word' id='word_1_129' title='bbox 780 1790 912 1859; x_wconf 83' lang='lat' dir='ltr'>fuerunt</span> <span class='ocrx_word' id='word_1_130' title='bbox 930 1794 1039 1860; x_wconf 91' lang='lat' dir='ltr'>omnia</span> <span class='ocrx_word' id='word_1_131' title='bbox 1057 1791 1139 1862; x_wconf 91' lang='lat' dir='ltr'>red-</span> 
     </span>
     <span class='ocr_line' id='line_1_17' title="bbox 14 1887 900 1977; baseline 0 -21"><span class='ocrx_word' id='word_1_132' title='bbox 14 1887 83 1956; x_wconf 88' lang='lat' dir='ltr'>dere</span> <span class='ocrx_word' id='word_1_133' title='bbox 101 1890 167 1977; x_wconf 93' lang='lat' dir='ltr'>ipsi</span> <span class='ocrx_word' id='word_1_134' title='bbox 185 1887 352 1956; x_wconf 84' lang='lat' dir='ltr'>Cunrade.</span> <span class='ocrx_word' id='word_1_135' title='bbox 898 1929 900 1934; x_wconf 93' lang='lat'>-</span> 
     </span>
    </p>

    <p class='ocr_par' dir='ltr' id='par_1_4' title="bbox 14 1977 1140 3147">
     <span class='ocr_line' id='line_1_18' title="bbox 79 1977 1137 2079; baseline 0 -23"><span class='ocrx_word' id='word_1_136' title='bbox 79 1988 265 2057; x_wconf 76' lang='lat' dir='ltr'>Mooixxx.</span> <span class='ocrx_word' id='word_1_137' title='bbox 290 1986 370 2055; x_wconf 89' lang='lat' dir='ltr'>teria</span> <span class='ocrx_word' id='word_1_138' title='bbox 382 1977 498 2056; x_wconf 88' lang='lat' dir='ltr'>&#39;teroia</span> <span class='ocrx_word' id='word_1_139' title='bbox 520 1992 597 2074; x_wconf 91' lang='lat' dir='ltr'>post</span> <span class='ocrx_word' id='word_1_140' title='bbox 614 1986 761 2056; x_wconf 91' lang='lat' dir='ltr'>Udalrioi</span> <span class='ocrx_word' id='word_1_141' title='bbox 780 1984 855 2079; x_wconf 73' lang='lat' dir='ltr'>[iudi</span> <span class='ocrx_word' id='word_1_142' title='bbox 873 1985 912 2079; x_wconf 86' lang='grc'>9]</span> <span class='ocrx_word' id='word_1_143' title='bbox 933 1989 1048 2056; x_wconf 90' lang='lat' dir='ltr'>eivitas</span> <span class='ocrx_word' id='word_1_144' title='bbox 1067 1988 1137 2057; x_wconf 83' lang='lat' dir='ltr'>Tri-</span> 
     </span>
     <span class='ocr_line' id='line_1_19' title="bbox 14 2082 1138 2179; baseline 0.004 -27"><span class='ocrx_word' id='word_1_145' title='bbox 14 2087 144 2172; x_wconf 85' lang='lat' dir='ltr'>vingen</span> <span class='ocrx_word' id='word_1_146' title='bbox 163 2092 284 2156; x_wconf 89' lang='lat' dir='ltr'>exusta</span> <span class='ocrx_word' id='word_1_147' title='bbox 302 2093 363 2154; x_wconf 87' lang='lat' dir='ltr'>ost.</span> <span class='ocrx_word' id='word_1_148' title='bbox 380 2086 417 2153; x_wconf 93' lang='lat' dir='ltr'>In</span> <span class='ocrx_word' id='word_1_149' title='bbox 436 2085 490 2154; x_wconf 90' lang='lat' dir='ltr'>die</span> <span class='ocrx_word' id='word_1_150' title='bbox 505 2082 643 2154; x_wconf 89' lang='lat' dir='ltr'>Osvaldi</span> <span class='ocrx_word' id='word_1_151' title='bbox 661 2089 750 2172; x_wconf 85' lang='lat' dir='ltr'>regis</span> <span class='ocrx_word' id='word_1_152' title='bbox 771 2084 865 2178; x_wconf 83' lang='lat' dir='ltr'>[aug.</span> <span class='ocrx_word' id='word_1_153' title='bbox 886 2085 925 2179; x_wconf 86' lang='lat'>5]</span> <span class='ocrx_word' id='word_1_154' title='bbox 947 2087 1138 2156; x_wconf 87' lang='lat' dir='ltr'>oomesGo-</span> 
     </span>
     <span class='ocr_line' id='line_1_20' title="bbox 16 2184 1139 2272; baseline 0.003 -21"><span class='ocrx_word' id='word_1_155' title='bbox 16 2185 165 2254; x_wconf 88' lang='lat' dir='ltr'>thoiridus</span> <span class='ocrx_word' id='word_1_156' title='bbox 191 2185 233 2255; x_wconf 89' lang='lat' dir='ltr'>de</span> <span class='ocrx_word' id='word_1_157' title='bbox 258 2185 468 2271; x_wconf 87' lang='lat' dir='ltr'>Bebelingen</span> <span class='ocrx_word' id='word_1_158' title='bbox 494 2191 551 2252; x_wconf 88' lang='lat' dir='ltr'>aut</span> <span class='ocrx_word' id='word_1_159' title='bbox 574 2184 616 2253; x_wconf 91' lang='lat' dir='ltr'>de</span> <span class='ocrx_word' id='word_1_160' title='bbox 643 2186 832 2272; x_wconf 85' lang='lat' dir='ltr'>Tiiwingen</span> <span class='ocrx_word' id='word_1_161' title='bbox 856 2205 977 2256; x_wconf 92' lang='lat' dir='ltr'>versus</span> <span class='ocrx_word' id='word_1_162' title='bbox 1000 2186 1139 2254; x_wconf 92' lang='lat' dir='ltr'>Beben-</span> 
     </span>
     <span class='ocr_line' id='line_1_21' title="bbox 15 2283 1140 2372; baseline 0.003 -21"><span class='ocrx_word' id='word_1_163' title='bbox 15 2283 122 2353; x_wconf 89' lang='lat' dir='ltr'>husam</span> <span class='ocrx_word' id='word_1_164' title='bbox 148 2287 210 2353; x_wconf 95' lang='lat' dir='ltr'>ivit</span> <span class='ocrx_word' id='word_1_165' title='bbox 235 2302 309 2352; x_wconf 92' lang='lat' dir='ltr'>oum</span> <span class='ocrx_word' id='word_1_166' title='bbox 334 2285 475 2352; x_wconf 79' lang='lat' dir='ltr'>armatis,</span> <span class='ocrx_word' id='word_1_167' title='bbox 507 2285 549 2352; x_wconf 86' lang='lat' dir='ltr'>Et</span> <span class='ocrx_word' id='word_1_168' title='bbox 573 2284 738 2353; x_wconf 88' lang='lat' dir='ltr'>violenter</span> <span class='ocrx_word' id='word_1_169' title='bbox 763 2287 983 2372; x_wconf 84' lang='lat' dir='ltr'>saeristigiam</span> <span class='ocrx_word' id='word_1_170' title='bbox 1008 2287 1140 2354; x_wconf 89' lang='lat' dir='ltr'>intravit</span> 
     </span>
     <span class='ocr_line' id='line_1_22' title="bbox 17 2383 1139 2473; baseline 0.003 -23"><span class='ocrx_word' id='word_1_171' title='bbox 17 2383 52 2452; x_wconf 92' lang='lat' dir='ltr'>ad</span> <span class='ocrx_word' id='word_1_172' title='bbox 68 2383 263 2473; x_wconf 90' lang='lat' dir='ltr'>rapiendum</span> <span class='ocrx_word' id='word_1_173' title='bbox 280 2402 393 2452; x_wconf 89' lang='lat' dir='ltr'>aurum</span> <span class='ocrx_word' id='word_1_174' title='bbox 413 2389 446 2451; x_wconf 89' lang='lat' dir='ltr'>et</span> <span class='ocrx_word' id='word_1_175' title='bbox 464 2388 636 2469; x_wconf 79' lang='lat' dir='ltr'>argenium</span> <span class='ocrx_word' id='word_1_176' title='bbox 655 2384 683 2451; x_wconf 93' lang='lat' dir='ltr'>si</span> <span class='ocrx_word' id='word_1_177' title='bbox 701 2384 837 2452; x_wconf 90' lang='lat' dir='ltr'>multum</span> <span class='ocrx_word' id='word_1_178' title='bbox 855 2386 1052 2454; x_wconf 85' lang='lat' dir='ltr'>invenisset.</span> <span class='ocrx_word' id='word_1_179' title='bbox 1071 2384 1139 2453; x_wconf 89' lang='lat' dir='ltr'>Co-</span> 
     </span>
     <span class='ocr_line' id='line_1_23' title="bbox 15 2479 1139 2569; baseline 0.001 -20"><span class='ocrx_word' id='word_1_180' title='bbox 15 2479 94 2550; x_wconf 90' lang='lat' dir='ltr'>mes1</span> <span class='ocrx_word' id='word_1_181' title='bbox 111 2484 154 2551; x_wconf 91' lang='lat' dir='ltr'>de</span> <span class='ocrx_word' id='word_1_182' title='bbox 174 2483 367 2569; x_wconf 82' lang='lat' dir='ltr'>Griningen</span> <span class='ocrx_word' id='word_1_183' title='bbox 390 2483 477 2550; x_wconf 85' lang='lat' dir='ltr'>eirea</span> <span class='ocrx_word' id='word_1_184' title='bbox 500 2482 622 2551; x_wconf 85' lang='lat' dir='ltr'>festum</span> <span class='ocrx_word' id='word_1_185' title='bbox 647 2482 845 2552; x_wconf 87' lang='lat' dir='ltr'>Miobabelis</span> <span class='ocrx_word' id='word_1_186' title='bbox 869 2490 1016 2552; x_wconf 90' lang='lat' dir='ltr'>mortuus</span> <span class='ocrx_word' id='word_1_187' title='bbox 1036 2489 1088 2552; x_wconf 91' lang='lat' dir='ltr'>est</span> <span class='ocrx_word' id='word_1_188' title='bbox 1105 2485 1139 2551; x_wconf 95' lang='lat' dir='ltr'>in</span> 
     </span>
     <span class='ocr_line' id='line_1_24' title="bbox 16 2580 1138 2670; baseline -0.001 -21"><span class='ocrx_word' id='word_1_189' title='bbox 16 2581 158 2670; x_wconf 80' lang='lat' dir='ltr'>Asperob</span> <span class='ocrx_word' id='word_1_190' title='bbox 184 2584 218 2650; x_wconf 93' lang='lat' dir='ltr'>in</span> <span class='ocrx_word' id='word_1_191' title='bbox 244 2583 444 2670; x_wconf 88' lang='lat' dir='ltr'>eaptivitate.</span> <span class='ocrx_word' id='word_1_192' title='bbox 469 2580 597 2650; x_wconf 84' lang='lat' dir='ltr'>Eodem</span> <span class='ocrx_word' id='word_1_193' title='bbox 624 2587 770 2670; x_wconf 86' lang='lat' dir='ltr'>tempore</span> <span class='ocrx_word' id='word_1_194' title='bbox 797 2588 830 2650; x_wconf 93' lang='lat' dir='ltr'>et</span> <span class='ocrx_word' id='word_1_195' title='bbox 852 2601 940 2651; x_wconf 93' lang='lat' dir='ltr'>anno</span> <span class='ocrx_word' id='word_1_196' title='bbox 966 2585 1079 2651; x_wconf 92' lang='lat' dir='ltr'>vinum</span> <span class='ocrx_word' id='word_1_197' title='bbox 1104 2584 1138 2649; x_wconf 94' lang='lat' dir='ltr'>in</span> 
     </span>
     <span class='ocr_line' id='line_1_25' title="bbox 18 2679 1139 2769; baseline 0.001 -22"><span class='ocrx_word' id='word_1_198' title='bbox 18 2683 129 2769; x_wconf 89' lang='lat' dir='ltr'>optimo</span> <span class='ocrx_word' id='word_1_199' title='bbox 157 2680 232 2749; x_wconf 84' lang='lat' dir='ltr'>soro</span> <span class='ocrx_word' id='word_1_200' title='bbox 258 2680 327 2748; x_wconf 88' lang='lat' dir='ltr'>init.</span> <span class='ocrx_word' id='word_1_201' title='bbox 364 2679 488 2749; x_wconf 88' lang='lat' dir='ltr'>Civitas</span> <span class='ocrx_word' id='word_1_202' title='bbox 513 2699 602 2749; x_wconf 88' lang='lat' dir='ltr'>nova</span> <span class='ocrx_word' id='word_1_203' title='bbox 625 2699 730 2769; x_wconf 94' lang='lat' dir='ltr'>prope</span> <span class='ocrx_word' id='word_1_204' title='bbox 755 2680 956 2750; x_wconf 90' lang='lat' dir='ltr'>Rotinburob</span> <span class='ocrx_word' id='word_1_205' title='bbox 979 2682 1080 2748; x_wconf 92' lang='lat' dir='ltr'>muris</span> <span class='ocrx_word' id='word_1_206' title='bbox 1106 2687 1139 2750; x_wconf 89' lang='lat' dir='ltr'>et</span> 
     </span>
     <span class='ocr_line' id='line_1_26' title="bbox 17 2779 1138 2868; baseline 0.001 -23"><span class='ocrx_word' id='word_1_207' title='bbox 17 2783 101 2849; x_wconf 92' lang='lat' dir='ltr'>novis</span> <span class='ocrx_word' id='word_1_208' title='bbox 121 2780 264 2850; x_wconf 85' lang='lat' dir='ltr'>edifioiis</span> <span class='ocrx_word' id='word_1_209' title='bbox 283 2779 343 2848; x_wconf 87' lang='lat' dir='ltr'>tuit</span> <span class='ocrx_word' id='word_1_210' title='bbox 359 2779 524 2848; x_wconf 88' lang='lat' dir='ltr'>inoboata.</span> <span class='ocrx_word' id='word_1_211' title='bbox 552 2779 743 2868; x_wconf 86' lang='lat' dir='ltr'>Symundus</span> <span class='ocrx_word' id='word_1_212' title='bbox 765 2798 878 2849; x_wconf 86' lang='lat' dir='ltr'>eomes</span> <span class='ocrx_word' id='word_1_213' title='bbox 898 2780 1138 2868; x_wconf 88' lang='lat' dir='ltr'>Geminipontis</span> 
     </span>
     <span class='ocr_line' id='line_1_27' title="bbox 18 2875 1139 2970; baseline 0 -24"><span class='ocrx_word' id='word_1_214' title='bbox 18 2879 86 2947; x_wconf 91' lang='lat' dir='ltr'>obiit</span> <span class='ocrx_word' id='word_1_215' title='bbox 109 2882 143 2948; x_wconf 92' lang='lat' dir='ltr'>iu</span> <span class='ocrx_word' id='word_1_216' title='bbox 170 2881 302 2948; x_wconf 85' lang='lat' dir='ltr'>civitate</span> <span class='ocrx_word' id='word_1_217' title='bbox 329 2878 481 2968; x_wconf 78' lang='lat' dir='ltr'>Spirensi</span> <span class='ocrx_word' id='word_1_218' title='bbox 503 2879 538 2946; x_wconf 91' lang='lat' dir='ltr'>in</span> <span class='ocrx_word' id='word_1_219' title='bbox 564 2877 617 2947; x_wconf 93' lang='lat' dir='ltr'>die</span> <span class='ocrx_word' id='word_1_220' title='bbox 643 2877 765 2948; x_wconf 86' lang='lat' dir='ltr'>Caeilie</span> <span class='ocrx_word' id='word_1_221' title='bbox 787 2881 927 2966; x_wconf 81' lang='lat' dir='ltr'>virginis</span> <span class='ocrx_word' id='word_1_222' title='bbox 948 2875 1042 2970; x_wconf 89' lang='lat' dir='ltr'>[nov.</span> <span class='ocrx_word' id='word_1_223' title='bbox 1062 2876 1139 2970; x_wconf 88' lang='grc'><strong>22].</strong></span> 
     </span>
     <span class='ocr_line' id='line_1_28' title="bbox 20 2975 1137 3048; baseline 0.002 -5"><span class='ocrx_word' id='word_1_224' title='bbox 20 2977 87 3046; x_wconf 90' lang='lat' dir='ltr'>item</span> <span class='ocrx_word' id='word_1_225' title='bbox 113 2979 217 3048; x_wconf 86' lang='lat' dir='ltr'>irater</span> <span class='ocrx_word' id='word_1_226' title='bbox 237 2976 393 3047; x_wconf 87' lang='lat' dir='ltr'>Albertus</span> <span class='ocrx_word' id='word_1_227' title='bbox 418 2977 460 3046; x_wconf 90' lang='lat' dir='ltr'>de</span> <span class='ocrx_word' id='word_1_228' title='bbox 478 2975 660 3046; x_wconf 89' lang='lat' dir='ltr'>Ratisbona</span> <span class='ocrx_word' id='word_1_229' title='bbox 678 2977 802 3047; x_wconf 89' lang='lat' dir='ltr'>ordinis</span> <span class='ocrx_word' id='word_1_230' title='bbox 820 2977 954 3046; x_wconf 82' lang='lat' dir='ltr'>fratrum</span> <span class='ocrx_word' id='word_1_231' title='bbox 971 2979 1137 3047; x_wconf 90' lang='lat' dir='ltr'>Minorum</span> 
     </span>
     <span class='ocr_line' id='line_1_29' title="bbox 19 3075 717 3147; baseline 0 -4"><span class='ocrx_word' id='word_1_232' title='bbox 19 3075 86 3144; x_wconf 89' lang='lat' dir='ltr'>obiit</span> <span class='ocrx_word' id='word_1_233' title='bbox 103 3078 243 3147; x_wconf 83' lang='lat' dir='ltr'>Colonia</span> <span class='ocrx_word' id='word_1_234' title='bbox 262 3083 339 3146; x_wconf 92' lang='lat' dir='ltr'>ante</span> <span class='ocrx_word' id='word_1_235' title='bbox 358 3077 563 3145; x_wconf 76' lang='lat' dir='ltr'>nativitatem</span> <span class='ocrx_word' id='word_1_236' title='bbox 584 3076 717 3146; x_wconf 93' lang='lat' dir='ltr'>domini.</span> 
     </span>
    </p>

    <p class='ocr_par' dir='ltr' id='par_1_5' title="bbox 21 3175 1139 3858">
     <span class='ocr_line' id='line_1_30' title="bbox 81 3175 1138 3264; baseline -0.003 -19"><span class='ocrx_word' id='word_1_237' title='bbox 81 3177 286 3247; x_wconf 83' lang='lat' dir='ltr'>Moolxxxi.</span> <span class='ocrx_word' id='word_1_238' title='bbox 312 3175 472 3264; x_wconf 88' lang='lat' dir='ltr'>Coputavi</span> <span class='ocrx_word' id='word_1_239' title='bbox 493 3175 597 3244; x_wconf 85' lang='lat' dir='ltr'>Ellam</span> <span class='ocrx_word' id='word_1_240' title='bbox 625 3175 724 3243; x_wconf 90' lang='lat' dir='ltr'>titiam</span> <span class='ocrx_word' id='word_1_241' title='bbox 750 3193 855 3245; x_wconf 89' lang='lat' dir='ltr'>meam</span> <span class='ocrx_word' id='word_1_242' title='bbox 879 3177 1087 3261; x_wconf 80' lang='lat' dir='ltr'>Bebelingen</span> <span class='ocrx_word' id='word_1_243' title='bbox 1105 3177 1138 3242; x_wconf 91' lang='lat' dir='ltr'>in</span> 
     </span>
     <span class='ocr_line' id='line_1_31' title="bbox 22 3271 1139 3365; baseline 0 -25"><span class='ocrx_word' id='word_1_244' title='bbox 22 3277 159 3346; x_wconf 81' lang='lat' dir='ltr'>seeundo</span> <span class='ocrx_word' id='word_1_245' title='bbox 185 3293 329 3364; x_wconf 90' lang='lat' dir='ltr'>vespera</span> <span class='ocrx_word' id='word_1_246' title='bbox 353 3271 506 3361; x_wconf 81' lang='lat' dir='ltr'>Agnetis.</span> <span class='ocrx_word' id='word_1_247' title='bbox 533 3273 570 3342; x_wconf 90' lang='lat' dir='ltr'>In</span> <span class='ocrx_word' id='word_1_248' title='bbox 591 3275 706 3360; x_wconf 82' lang='lat' dir='ltr'>vigilia</span> <span class='ocrx_word' id='word_1_249' title='bbox 723 3274 850 3344; x_wconf 82' lang='lat' dir='ltr'>Mathia</span> <span class='ocrx_word' id='word_1_250' title='bbox 871 3272 952 3364; x_wconf 84' lang='lat' dir='ltr'>[seb.</span> <span class='ocrx_word' id='word_1_251' title='bbox 972 3271 1036 3365; x_wconf 84' lang='lat'>23]</span> <span class='ocrx_word' id='word_1_252' title='bbox 1057 3274 1139 3341; x_wconf 89' lang='lat' dir='ltr'>obiit</span> 
     </span>
     <span class='ocr_line' id='line_1_32' title="bbox 22 3373 1138 3466; baseline 0.001 -27"><span class='ocrx_word' id='word_1_253' title='bbox 22 3377 138 3466; x_wconf 80' lang='lat' dir='ltr'>regina,</span> <span class='ocrx_word' id='word_1_254' title='bbox 159 3393 243 3444; x_wconf 84' lang='lat' dir='ltr'>uxor</span> <span class='ocrx_word' id='word_1_255' title='bbox 259 3373 391 3442; x_wconf 83' lang='lat' dir='ltr'>liudolfi</span> <span class='ocrx_word' id='word_1_256' title='bbox 409 3375 517 3462; x_wconf 86' lang='lat' dir='ltr'>regis,</span> <span class='ocrx_word' id='word_1_257' title='bbox 536 3374 570 3441; x_wconf 93' lang='lat' dir='ltr'>in</span> <span class='ocrx_word' id='word_1_258' title='bbox 589 3375 723 3442; x_wconf 87' lang='lat' dir='ltr'>civitate</span> <span class='ocrx_word' id='word_1_259' title='bbox 741 3373 858 3461; x_wconf 84' lang='lat' dir='ltr'>Wina;</span> <span class='ocrx_word' id='word_1_260' title='bbox 885 3373 1002 3442; x_wconf 89' lang='lat' dir='ltr'>dormit</span> <span class='ocrx_word' id='word_1_261' title='bbox 1020 3375 1052 3440; x_wconf 92' lang='lat' dir='ltr'>in</span> <span class='ocrx_word' id='word_1_262' title='bbox 1070 3373 1138 3440; x_wconf 88' lang='lat' dir='ltr'>Ba·</span> 
     </span>
     <span class='ocr_line' id='line_1_33' title="bbox 21 3469 1138 3563; baseline -0.001 -25"><span class='ocrx_word' id='word_1_263' title='bbox 21 3473 100 3542; x_wconf 88' lang='lat' dir='ltr'>silea.</span> <span class='ocrx_word' id='word_1_264' title='bbox 133 3476 216 3543; x_wconf 88' lang='lat' dir='ltr'>Post</span> <span class='ocrx_word' id='word_1_265' title='bbox 239 3479 463 3562; x_wconf 88' lang='lat' dir='ltr'>penteoosten</span> <span class='ocrx_word' id='word_1_266' title='bbox 489 3469 576 3562; x_wconf 88' lang='lat' dir='ltr'>[iuni</span> <span class='ocrx_word' id='word_1_267' title='bbox 609 3469 647 3563; x_wconf 87' lang='lat' dir='ltr'>i]</span> <span class='ocrx_word' id='word_1_268' title='bbox 682 3491 741 3540; x_wconf 88' lang='lat' dir='ltr'>rex</span> <span class='ocrx_word' id='word_1_269' title='bbox 765 3478 880 3540; x_wconf 87' lang='lat' dir='ltr'>noster</span> <span class='ocrx_word' id='word_1_270' title='bbox 905 3470 1068 3539; x_wconf 89' lang='lat' dir='ltr'>Rudottus</span> <span class='ocrx_word' id='word_1_271' title='bbox 1095 3469 1138 3538; x_wconf 90' lang='lat' dir='ltr'>ad</span> 
     </span>
     <span class='ocr_line' id='line_1_34' title="bbox 22 3565 1139 3661; baseline 0 -25"><span class='ocrx_word' id='word_1_272' title='bbox 22 3577 122 3642; x_wconf 87' lang='lat' dir='ltr'>terram</span> <span class='ocrx_word' id='word_1_273' title='bbox 146 3577 246 3642; x_wconf 90' lang='lat' dir='ltr'>istam</span> <span class='ocrx_word' id='word_1_274' title='bbox 271 3589 428 3642; x_wconf 91' lang='lat' dir='ltr'>reversus</span> <span class='ocrx_word' id='word_1_275' title='bbox 448 3578 510 3640; x_wconf 90' lang='lat' dir='ltr'>est.</span> <span class='ocrx_word' id='word_1_276' title='bbox 538 3570 631 3639; x_wconf 89' lang='lat' dir='ltr'>Ciroa</span> <span class='ocrx_word' id='word_1_277' title='bbox 649 3571 770 3639; x_wconf 84' lang='lat' dir='ltr'>testum</span> <span class='ocrx_word' id='word_1_278' title='bbox 787 3569 906 3639; x_wconf 86' lang='lat' dir='ltr'>Jaoobi</span> <span class='ocrx_word' id='word_1_279' title='bbox 927 3567 1001 3661; x_wconf 90' lang='lat' dir='ltr'>[iuli</span> <span class='ocrx_word' id='word_1_280' title='bbox 1020 3565 1084 3659; x_wconf 87' lang='lat'>25]</span> <span class='ocrx_word' id='word_1_281' title='bbox 1105 3577 1139 3636; x_wconf 91' lang='lat' dir='ltr'>et</span> 
     </span>
     <span class='ocr_line' id='line_1_35' title="bbox 21 3668 1137 3756; baseline -0.004 -18"><span class='ocrx_word' id='word_1_282' title='bbox 21 3678 86 3756; x_wconf 93' lang='lat' dir='ltr'>post</span> <span class='ocrx_word' id='word_1_283' title='bbox 101 3677 243 3742; x_wconf 80' lang='lat' dir='ltr'>oestrum</span> <span class='ocrx_word' id='word_1_284' title='bbox 259 3671 426 3740; x_wconf 87' lang='lat' dir='ltr'>Kaltindat</span> <span class='ocrx_word' id='word_1_285' title='bbox 443 3670 619 3738; x_wconf 89' lang='lat' dir='ltr'>obsessum</span> <span class='ocrx_word' id='word_1_286' title='bbox 634 3670 862 3738; x_wconf 88' lang='lat' dir='ltr'>initaeivibus</span> <span class='ocrx_word' id='word_1_287' title='bbox 876 3671 909 3737; x_wconf 90' lang='lat' dir='ltr'>in</span> <span class='ocrx_word' id='word_1_288' title='bbox 923 3668 1137 3754; x_wconf 83' lang='lat' dir='ltr'>Ezzelingem</span> 
     </span>
     <span class='ocr_line' id='line_1_36' title="bbox 22 3767 1137 3858; baseline -0.002 -23"><span class='ocrx_word' id='word_1_289' title='bbox 22 3768 131 3840; x_wconf 87' lang='lat' dir='ltr'>Eodem</span> <span class='ocrx_word' id='word_1_290' title='bbox 150 3789 239 3840; x_wconf 92' lang='lat' dir='ltr'>anno</span> <span class='ocrx_word' id='word_1_291' title='bbox 256 3771 325 3839; x_wconf 94' lang='lat' dir='ltr'>vidi</span> <span class='ocrx_word' id='word_1_292' title='bbox 343 3787 456 3857; x_wconf 82' lang='lat' dir='ltr'>regem</span> <span class='ocrx_word' id='word_1_293' title='bbox 474 3767 818 3838; x_wconf 88' lang='lat' dir='ltr'>Rudoltuonhatme</span> <span class='ocrx_word' id='word_1_294' title='bbox 838 3775 916 3858; x_wconf 92' lang='lat' dir='ltr'>post</span> <span class='ocrx_word' id='word_1_295' title='bbox 933 3768 1137 3836; x_wconf 88' lang='lat' dir='ltr'>nativitatem</span> 
     </span>
    </p>
   </div>
   <div class='ocr_carea' id='block_1_3' title="bbox 22 3865 1138 4419">
    <p class='ocr_par' dir='ltr' id='par_1_6' title="bbox 22 3865 1138 4256">
     <span class='ocr_line' id='line_1_37' title="bbox 22 3865 1137 3958; baseline -0.001 -25"><span class='ocrx_word' id='word_1_296' title='bbox 22 3865 105 3939; x_wconf 88' lang='lat' dir='ltr'>beate</span> <span class='ocrx_word' id='word_1_297' title='bbox 128 3871 233 3940; x_wconf 85' lang='lat' dir='ltr'>Mario</span> <span class='ocrx_word' id='word_1_298' title='bbox 258 3871 397 3956; x_wconf 83' lang='lat' dir='ltr'>virginis</span> <span class='ocrx_word' id='word_1_299' title='bbox 425 3868 479 3937; x_wconf 91' lang='lat' dir='ltr'>die</span> <span class='ocrx_word' id='word_1_300' title='bbox 507 3867 671 3937; x_wconf 82' lang='lat' dir='ltr'>dominica</span> <span class='ocrx_word' id='word_1_301' title='bbox 697 3865 797 3958; x_wconf 89' lang='lat' dir='ltr'>[sept</span> <span class='ocrx_word' id='word_1_302' title='bbox 824 3865 899 3958; x_wconf 69' lang='lat' dir='ltr'>tlt]⁸</span> <span class='ocrx_word' id='word_1_303' title='bbox 942 3867 1137 3954; x_wconf 86' lang='lat' dir='ltr'>Propositus</span> 
     </span>
     <span class='ocr_line' id='line_1_38' title="bbox 22 3964 1138 4057; baseline 0 -25"><span class='ocrx_word' id='word_1_304' title='bbox 22 3975 121 4037; x_wconf 90' lang='lat' dir='ltr'>noster</span> <span class='ocrx_word' id='word_1_305' title='bbox 145 3975 263 4057; x_wconf 87' lang='lat' dir='ltr'>eaptus</span> <span class='ocrx_word' id='word_1_306' title='bbox 288 3969 348 4037; x_wconf 89' lang='lat' dir='ltr'>init</span> <span class='ocrx_word' id='word_1_307' title='bbox 373 3974 452 4056; x_wconf 91' lang='lat' dir='ltr'>post</span> <span class='ocrx_word' id='word_1_308' title='bbox 478 3968 713 4036; x_wconf 87' lang='lat' dir='ltr'>exaltationem</span> <span class='ocrx_word' id='word_1_309' title='bbox 732 3973 847 4036; x_wconf 89' lang='lat' dir='ltr'>sanote</span> <span class='ocrx_word' id='word_1_310' title='bbox 868 3967 982 4035; x_wconf 89' lang='lat' dir='ltr'>Cruois</span> <span class='ocrx_word' id='word_1_311' title='bbox 1001 3965 1055 4033; x_wconf 90' lang='lat' dir='ltr'>die</span> <span class='ocrx_word' id='word_1_312' title='bbox 1074 3964 1138 4032; x_wconf 96' lang='lat' dir='ltr'>do-</span> 
     </span>
     <span class='ocr_line' id='line_1_39' title="bbox 22 4065 1136 4155; baseline 0 -26"><span class='ocrx_word' id='word_1_313' title='bbox 22 4067 132 4136; x_wconf 89' lang='lat' dir='ltr'>ninioa.</span> <span class='ocrx_word' id='word_1_314' title='bbox 157 4069 258 4137; x_wconf 87' lang='lat' dir='ltr'>Filius</span> <span class='ocrx_word' id='word_1_315' title='bbox 284 4070 373 4155; x_wconf 79' lang='lat' dir='ltr'>regis</span> <span class='ocrx_word' id='word_1_316' title='bbox 392 4065 522 4134; x_wconf 85' lang='lat' dir='ltr'>Rudotir</span> <span class='ocrx_word' id='word_1_317' title='bbox 542 4073 574 4134; x_wconf 94' lang='lat' dir='ltr'>et</span> <span class='ocrx_word' id='word_1_318' title='bbox 600 4065 733 4153; x_wconf 88' lang='lat' dir='ltr'>quidam</span> <span class='ocrx_word' id='word_1_319' title='bbox 751 4067 806 4133; x_wconf 91' lang='lat' dir='ltr'>alii</span> <span class='ocrx_word' id='word_1_320' title='bbox 825 4066 989 4134; x_wconf 88' lang='lat' dir='ltr'>submersi</span> <span class='ocrx_word' id='word_1_321' title='bbox 1008 4065 1136 4133; x_wconf 92' lang='lat' dir='ltr'>suntin</span> 
     </span>
     <span class='ocr_line' id='line_1_40' title="bbox 22 4159 840 4256; baseline 0.005 -28"><span class='ocrx_word' id='word_1_322' title='bbox 22 4159 142 4236; x_wconf 88' lang='lat' dir='ltr'>Rinove</span> <span class='ocrx_word' id='word_1_323' title='bbox 158 4170 192 4235; x_wconf 90' lang='lat' dir='ltr'>in</span> <span class='ocrx_word' id='word_1_324' title='bbox 211 4169 324 4254; x_wconf 83' lang='lat' dir='ltr'>vigilia</span> <span class='ocrx_word' id='word_1_325' title='bbox 344 4167 470 4234; x_wconf 83' lang='lat' dir='ltr'>Tirome</span> <span class='ocrx_word' id='word_1_326' title='bbox 489 4165 632 4254; x_wconf 84' lang='lat' dir='ltr'>apostoli</span> <span class='ocrx_word' id='word_1_327' title='bbox 653 4162 743 4255; x_wconf 90' lang='lat' dir='ltr'>[deo.</span> <span class='ocrx_word' id='word_1_328' title='bbox 764 4163 840 4256; x_wconf 89' lang='lat' dir='ltr'>2o].</span> 
     </span>
    </p>

    <p class='ocr_par' dir='ltr' id='par_1_7' title="bbox 51 4273 823 4344">
     <span class='ocr_line' id='line_1_41' title="bbox 51 4273 823 4344; baseline 0.003 -18"><span class='ocrx_word' id='word_1_329' title='bbox 51 4276 76 4340; x_wconf 83' lang='lat' dir='ltr'>i]</span> <span class='ocrx_word' id='word_1_330' title='bbox 93 4276 235 4330; x_wconf 86' lang='lat' dir='ltr'>liartmann</span> <span class='ocrx_word' id='word_1_331' title='bbox 254 4275 317 4344; x_wconf 76' lang='lat' dir='ltr'>grai</span> <span class='ocrx_word' id='word_1_332' title='bbox 332 4293 384 4330; x_wconf 88' lang='lat' dir='ltr'>von</span> <span class='ocrx_word' id='word_1_333' title='bbox 404 4275 557 4343; x_wconf 80' lang='lat' dir='ltr'>Grbnirrgen</span> <span class='ocrx_word' id='word_1_334' title='bbox 575 4273 646 4330; x_wconf 83' lang='lat' dir='ltr'>starb</span> <span class='ocrx_word' id='word_1_335' title='bbox 664 4289 705 4327; x_wconf 89' lang='lat' dir='ltr'>arn</span> <span class='ocrx_word' id='word_1_336' title='bbox 724 4278 750 4328; x_wconf 76' lang='lat' dir='ltr'>t,</span> <span class='ocrx_word' id='word_1_337' title='bbox 770 4282 823 4328; x_wconf 86' lang='lat' dir='ltr'>oet.</span> 
     </span>
    </p>

    <p class='ocr_par' dir='ltr' id='par_1_8' title="bbox 49 4359 939 4419">
     <span class='ocr_line' id='line_1_42' title="bbox 49 4359 939 4419; baseline 0.01 -7"><span class='ocrx_word' id='word_1_338' title='bbox 49 4371 179 4418; x_wconf 84' lang='lat' dir='ltr'>ronuunu</span> <span class='ocrx_word' id='word_1_339' title='bbox 196 4373 320 4419; x_wconf 84' lang='lat' dir='ltr'>ronrrrs.</span> <span class='ocrx_word' id='word_1_340' title='bbox 338 4374 363 4418; x_wconf 80' lang='lat' dir='ltr'>a.</span> <span class='ocrx_word' id='word_1_341' title='bbox 905 4359 939 4410; x_wconf 80' lang='lat'>³0</span> 
     </span>
    </p>
   </div>
   <div class='ocr_carea' id='block_1_4' title="bbox 0 0 1459 4824">
    <p class='ocr_par' dir='ltr' id='par_1_9' title="bbox 0 0 1459 4824">
     <span class='ocr_line' id='line_1_43' title="bbox 0 0 1459 4824; baseline 0 0"><span class='ocrx_word' id='word_1_342' title='bbox 0 0 1459 4824; x_wconf 95' lang='lat' dir='ltr'> </span> 
     </span>
    </p>
   </div>
  </div>
 </body>
</html>
