2886 4834
382 247 510 296 00000000
531 250 760 298 eoxuxmcxsas.
1095 224 1139 290 33

49 392 161 462 exercitu
174 405 288 475 magno
309 394 426 456 terram
444 389 694 456 lllissinensium
712 389 913 457 secundario
930 389 1136 459 subintravit.
1156 404 1222 459 taes

49 491 131 560 lertio
149 507 248 556 nonas
266 489 463 576 aprilist
403 487 463 555 luit
486 490 520 554 in
537 487 742 574 Brisgougia
760 497 793 556 et
810 487 940 556 Alsatia
957 491 1140 558 vehemens

12 565 14 596 '
12 599 110 666 000000
132 593 241 656 00000.
288 587 326 654 00
359 586 568 655 Columbaria
599 589 759 656 000000
787 606 875 655 0000
906 591 1023 656 mortui
1047 591 1140 678 pueri

13 688 187 757 dcclxxvii.
220 687 464 754 'lerremotus
455 704 489 753 rn
506 686 643 754 Valesia
668 687 918 774 quatuordeeim
946 695 1056 758 eastra
1079 706 1140 776 pro

47 793 114 876 parte
129 785 282 854 destruxit
307 791 340 853 et
364 803 495 854 erucem
517 787 686 873 pinnaculi
713 789 808 854 turris
836 788 980 856 ecclesie
1007 789 1141 856 maioris

13 895 75 980 qe
47 887 153 975 deiecit,
183 890 214 952 et
237 885 271 951 in
297 884 439 952 diversis
465 886 550 954 loeis
574 886 714 973 plurima
738 885 937 954 devastavit.
980 887 1017 954 ln
1043 886 1141 955 Curia

13 981 14 1068 l
47 989 145 1052 montes
162 985 257 1052 scissi
275 989 368 1072 petre
388 984 468 1052 fisse
486 990 575 1062 sunt
595 985 707 1071 plures
732 1003 893 1073 campane
912 987 1140 1074 pulsaverunt,

13 1085 159 1181 quinque
182 1088 291 1151 castra
315 1085 449 1170 penitus
477 1082 654 1173 destruxit,
685 1085 779 1171 plura
803 1101 884 1152 vero
904 1085 985 1152 iussa
1012 1092 1090 1152 sunt
1108 1091 1142 1152 00

46 1171 134 1250 domus
151 1183 255 1249 multe
277 1183 318 1249 ldt
342 1188 421 1270 post
444 1182 532 1250 bunc
558 1181 625 1249 duo
653 1183 707 1249 alii
726 1189 835 1250 motus
861 1201 928 1250 una
955 1186 1143 1272 septimana

12 1283 140 1367 plurimi
165 1282 353 1348 retulerunt.
389 1281 492 1349 Rome
518 1282 701 1348 0000000000
725 1299 848 1369 magna
872 1281 933 1349 luit
950 1290 983 1350 et
1000 1301 1067 1350 uno
1086 1283 1142 1350 dio

45 1381 180 1467 sepulture
200 1385 334 1471 septem
363 1381 515 1468 episcopi
538 1379 760 1448 tradebantur.
808 1380 989 1450 Mediocris
1015 1387 1141 1450 stature

12 1525 14 1530 ,
44 1496 156 1564 persona
172 1497 310 1565 regnum
329 1480 492 1548 Teutonie
518 1479 728 1570 circumibat,
748 1483 978 1570 imperatorem
996 1480 1140 1548 00000000-

44 1595 143 1645 00000
160 1579 227 1646 suis
248 1577 402 1646 fidelibus
420 1578 604 1665 referebat,
638 1580 689 1648 bic
706 1599 782 1675 eum
801 1581 834 1647 in
852 1581 1057 1666 Ezzelingen
1075 1599 1138 1648 ve-

13 1725 14 1728 0
43 1677 121 1744 risset
136 1696 153 1744 a
169 1677 298 1745 civibus
317 1679 452 1767 eapitur,
476 1679 642 1767 hereticus
662 1682 740 1746 e'ss‘e
754 1680 914 1768 probatur
931 1681 1141 1748 convincitur

15 1779 16 1784 ’
44 1779 228 1844 ctcrenatur.
267 1777 397 1844 Domini
422 1777 464 1845 de
481 1777 654 1866 Gyrsperg
677 1779 879 1848 reconciliati
898 1778 1144 1847 Columbariam

12 1919 14 1926 .
44 1875 65 1940 in
78 1879 180 1942 octava
204 1875 339 1943 Martini
357 1877 586 1964 sollempniter
603 1878 818 1946 intraverunt.
859 1877 929 1945 Rex
947 1875 1089 1945 Adollns
1107 1880 1140 1946 iu

44 1979 130 2040 terram
147 1973 398 2042 dlissinensium
417 1976 654 2063 stipendiarios
673 1975 924 2044 transmittebat.
967 1973 1142 2064 Quinqua-

14 2147 15 2150 ¹
42 2073 109 2155 ginta
130 2072 244 2140 iratres
277 2073 400 2142 ordinis
419 2075 586 2143 Minorum
613 2093 715 2144 senes
742 2083 842 2164 atque
858 2076 1005 2144 lectores
1025 2075 1067 2143 de
1086 2093 1141 2143 or-

13 2197 14 2216 2
42 2168 97 2238 diue
111 2173 224 2258 pariter
243 2179 468 2264 recesserunt,
488 2173 639 2243 dicentes
658 2174 776 2242 iratres
796 2175 945 2242 Minores
964 2174 1006 2243 de
1025 2174 1141 2243 ordine

42 2271 122 2336 sancti
137 2271 305 2340 Francisei
325 2273 516 2360 simpliciter
533 2275 730 2342 recessisse.

94 2369 279 2442 dl.ec..xc.vi
314 2371 475 2439 Dominus
504 2372 545 2440 de
572 2372 780 2460 liapoltstein
811 2373 869 2441 luit
900 2393 919 2440 0
950 2313 1141 2461 captivitate

41 2468 106 2552 regis
121 2467 337 2538 Romanomm
362 2477 441 2560 post
457 2471 718 2559 purificationem
737 2472 834 2540 beate
844 2473 999 2558 Virginis
1018 2471 1142 2540 libera-

13 2565 14 2636 l
40 2571 86 2631 tus
108 2567 311 2638 Venerabilis
330 2569 494 2639 dominus
503 2571 619 2638 Petrus
638 2570 835 2638 Basiliensis
855 2574 1036 2660 episcopus
1063 2571 1144 2638 obiit

13 2681 51 2746 ti
41 2666 161 2734 seeundo
190 2687 302 2737 nonas
333 2669 456 2757 aprilis.
483 2669 564 2737 ltern
590 2669 792 2737 venerabilis
824 2670 978 2738 dominns
1014 2669 1143 2737 Probus

12 2764 190 2854 lepisenpus
216 2769 386 2836 Tullonsis
415 2767 539 2836 ordinis
566 2769 730 2836 Minorem
758 2768 891 2836 iratrum
920 2768 1010 2836 obiit.
1042 2768 1143 2836 Filius

12 2839 14 2952 l
42 2867 211 2950 marggravii
231 2867 413 2953 Thuringie
430 2869 573 2936 venitm
590 2867 822 2935 Lombardiam
848 2875 881 2934 et
899 2867 1040 2955 quedam
1060 2868 1144 2935 civi·

12 2943 14 2998 l
41 2965 103 3028 tetes
119 2982 189 3032 eum
207 2964 376 3034 dominum
395 2972 605 3054 aeceperunt.
634 2967 782 3035 Castrum
804 2967 963 3056 Girsperg
980 2965 1144 3036 adiutorio

12 3056 136 3128 domini
153 3065 307 3178 episcopi
324 3063 583 3152 argentinensis
602 3065 821 3134 reedificatur

12 3193 13 3202 .
92 3160 290 3232 llo.cxovii.
318 3163 469 3278 degente
493 3165 685 3253 pestilentia
716 3171 816 3252 atque
845 3167 1043 3233 mortalitate
1076 3163 1143 3233 Co·

12 3243 254 3330 imbarienses
278 3265 431 3332 canonici
461 3265 714 3352 processionem
740 3283 812 3332 cum
840 3265 986 3352 reliquiis
1012 3263 1145 3332 indixe-

12 3359 115 3422 r'unt
107 3376 137 3426 m
152 3359 269 3446 vigilia
286 3362 542 3450 purificationis3
563 3363 650 3431 circa
671 3365 803 3431 terciam
823 3363 865 3431 ad
884 3365 1062 3432 ecelesiam
1081 3363 1145 3431 bo-

12 3479 14 3540 0
12 3453 120 3524 niues
135 3460 284 3546 religiosi
296 3479 336 3529 00
350 3461 459 3530 clerici
469 3463 577 3530 sancti
591 3461 727 3530 Martini
735 3469 975 3552 convenerunt,
986 3482 1025 3530 ao
1040 3461 1146 3530 sobo·

12 3553 13 3604 t
12 3550 303 3627 100000000000000
319 3579 392 3628 oum
412 3561 662 3647 centumviginti
678 3561 940 3650 superpelliciis'
932 3580 965 3628 xrr
983 3561 1146 3649 principio

41 3665 269 3747 processerunt,
285 3657 404 3726 iratres
422 3659 572 3728 Minores
591 3677 650 3728 eos
666 3660 890 3748 sequebantur
906 3678 978 3728 cum
998 3658 1147 3748 quadra-

39 3750 111 3830 000ῑο
125 3753 297 3846 iratribus,
317 3757 437 3826 deinde
456 3758 574 3827 iratres
592 3759 821 3829 Predieatores
839 3759 902 3827 bos
921 3777 994 3827 cum
1012 3760 1147 3845 triginta

39 3843 164 3922 iratribus
183 3855 423 3948 sequebantur,
442 3858 505 3927 bos
524 3863 632 3927 autem
652 3859 769 3928 iratres
788 3857 911 3928 domini
930 3857 972 3926 de
991 3857 1147 3946 hospitali

40 3951 124 4018 sancti
140 3953 304 4022 debannis
322 3975 397 4023 oum
424 3956 540 4026 decem
559 3959 713 4046 personis
732 3957 933 4026 venerandis
953 3957 1146 4044 sequeban-

40 4049 84 4136 tur,
100 4051 156 4119 sed
173 4053 327 4121 monaehi
346 4054 462 4123 decem
478 4057 586 4125 sancti
600 4055 772 4124 Benedicti
786 4055 903 4125 iratres
918 4055 1151 4134 Predieatores*

39 4149 242 4225 precedebant
259 4159 292 4220 et
311 4153 581 4243 quandocunque
607 4154 648 4222 ad
675 4153 799 4223 libitum
820 4155 1055 4244 sequebantur.
1094 4152 1146 4221 Ad

40 4259 130 4328 000000
155 4249 375 4320 Romanorum
404 4253 574 4337 Burgundi
605 4255 782 4322 venientes
811 4255 1003 4344 suppliciter
1026 4252 1146 4340 depre-

65 4365 187 4414 eoxnuan
205 4371 327 4417 000000.
346 4377 370 4418 a.
935 4365 951 4417 3
