2884 4834
301 203 370 272 188
667 231 800 278 ituraeos
821 216 1058 278 trionunrrrn'srs.

216 382 284 436 12⁵0
301 371 347 440 tit.
373 370 509 439 Mittens
534 369 662 438 intereo
685 387 745 460 pro
770 369 899 438 nivibus
926 369 1254 459 wormaciensibus,
1274 371 1327 458 qui
1352 373 1411 440 suis

296 470 452 560 preoibus
479 477 668 537 annuentes
696 471 854 538 miserunt
884 471 915 537 ei
940 470 1148 538 medietatem
1166 471 1317 539 ¹eivitatis
1342 469 1412 538 feria

297 576 393 637 sexta
422 575 500 636 ante
526 570 788 658 assumptionem
810 568 913 637 Mario
935 570 1072 655 virginis
1098 565 1191 658 [aug.
1221 564 1286 658 12]
1311 586 1411 656 porro-

297 669 403 736 obiom
430 670 536 736 saneti
558 669 641 736 Petri
659 676 693 736 et
711 669 817 735 saneti
836 666 980 736 Andree.
1008 667 1071 748 Qui
1093 667 1411 738 honestissimorum

297 766 430 835 duobus
447 767 589 834 millibus
606 773 803 841 armatorum
823 773 855 834 et
873 773 1003 835 eentum
1015 767 1193 836 balistariis
1203 765 1413 856 pervenerunt

297 865 517 934 addominum
528 865 837 952 Conradumregem
849 872 925 945 ante
944 866 1226 956 Vlanbeim‚quos
1243 865 1410 933 bonorifioe

297 972 332 1034 et
344 966 486 1034 letanter
501 967 636 1054 aceepit.
655 964 830 1052 Expeditio
847 965 910 1032 heo
925 966 1075 1033 eonstitit
1090 969 1324 1055 septingentas
1340 983 1412 1032 mar-

297 1081 355 1132 eas
372 1069 405 1132 et
421 1065 508 1153 plns.
534 1064 641 1133 Primo
659 1081 756 1132 mone
778 1071 889 1132 autem
907 1063 960 1132 die
983 1063 1113 1132 sabbati
1136 1061 1234 1155 [aug.
1260 1059 1323 1154 13]
1342 1081 1412 1151 pro-

296 1164 407 1250 gressi
432 1170 510 1231 sunt
534 1163 655 1232 exinde
682 1165 716 1231 in
734 1163 938 1252 provinoinm
958 1162 1127 1232 Silvestris
1152 1163 1304 1252 comitis,
1323 1160 1411 1230 deva-

296 1268 427 1330 stantes
444 1269 477 1330 et
497 1268 747 1330 eonoremantes
763 1261 909 1329 totaliter
922 1279 1005 1330 eam.
1030 1261 1200 1331 Reversus
1222 1261 1342 1330 exinde
1365 1279 1412 1327 re-

296 1361 345 1428 nit
370 1357 635 1430 Mouwenbeim¹
658 1379 763 1450 prope
787 1359 1001 1451 eorundum,
1025 1362 1144 1430 volens
1165 1361 1212 1429 ibi
1243 1359 1411 1428 Wernbem

297 1458 339 1527 de
363 1459 527 1528 Boiandia
547 1461 658 1527 omnia
679 1477 740 1528 sua
761 1459 937 1528 devastare
945 1483 954 1548 3
974 1459 1064 1547 quod
1086 1459 1259 1548 Phiiippus
1287 1457 1327 1527 de
1347 1458 1413 1525 Fui-

296 1558 452 1626 kenstein
477 1560 585 1626 renuit
601 1559 756 1628 omnibus
779 1558 884 1627 modis
911 1557 1125 1628 defendendo
1159 1559 1294 1626 fratrem
1326 1575 1412 1625 suun.

295 1657 337 1725 Et
352 1657 482 1724 adeius
498 1675 619 1745 preoes
638 1657 790 1726 dominus
809 1675 868 1726 rex
880 1660 1006 1748 reoepit
1019 1659 1196 1746 peouniam
1213 1658 1257 1725 ab
1276 1655 1411 1726 omnibns

295 1756 383 1823 viliis
402 1755 525 1824 domini
543 1756 733 1844 Wernberi,
759 1762 870 1826 tamen
893 1757 1140 1826 Mouwenheim
1166 1755 1357 1825 combussit.
1379 1754 1410 1821 Et

297 1856 347 1922 sio
356 1855 518 1924 recedens
529 1855 607 1924 inde
618 1859 708 1924 venit
716 1854 1058 1946 Heppenbeimprope
1075 1856 1312 1944 Wormaoiom‚
1329 1859 1358 1921 et
1375 1853 1409 1918 ibi

297 1962 408 2022 castro
432 1961 575 2022 metatus
602 1961 664 2023 est.
698 1953 797 2023 Cives
824 1954 1097 2024 Wormaoienses
1121 1956 1156 2022 in
1179 1955 1345 2022 oivitntenr
1368 1969 1409 2019 re-

298 2054 386 2122 versi
409 2059 495 2122 sunt.
523 2053 696 2122 Comedus
720 2071 780 2121 rex
798 2055 919 2122 mansit
941 2071 1003 2124 sex
1029 2053 1146 2123 diebus
1170 2059 1250 2121 onte
1269 2052 1410 2140 Heppen·

297 2151 394 2219 benn.
432 2153 474 2221 Et
497 2153 714 2221 tractantibus
741 2151 805 2222 illis
833 2151 875 2220 de
900 2153 1075 2222 Eberstein
1100 2157 1136 2220 ut
1156 2153 1313 2221 eomitem
1336 2150 1408 2217 dni-

298 2251 439 2318 obonem
463 2252 527 2319 sibi
552 2252 771 2339 subiugarent
788 2251 889 2319 niobil
908 2251 1138 2341 proiecerunt,
1158 2253 1237 2338 quia
1255 2249 1408 2318 Heinrious
1427 2311 1428 2320 ,

298 2348 466 2438 Spirensis
487 2351 687 2440 episcopm,
707 2350 806 2419 irater
829 2352 953 2441 ipsius,
980 2351 1148 2420 deolinore
1174 2351 1286 2439 ipsum
1310 2347 1348 2419 ad
1367 2327 1428 2413 re*

296 2465 374 2534 gem
397 2465 464 2516 non
489 2451 645 2537 permisit.
673 2447 770 2530 Quod
788 2449 907 2517 videns
930 2469 988 2518 rex
1005 2450 1172 2539 prooessit
1189 2448 1331 2516 sabatho
1348 2451 1408 2513 onte

297 2547 553 2617 deooliationem
570 2549 719 2636 Baptiste
738 2545 906 2640 [aug.27]
923 2549 1149 2638 Didensbeim‚
1169 2547 1363 2617 eombnrens
1378 2543 1407 2609 ii·

295 2646 353 2715 lud
371 2652 405 2714 et
422 2649 531 2716 omnin
549 2665 615 2734 que
633 2647 819 2716 attinebant
837 2649 999 2736 episeopo
1018 2649 1176 2738 Spirensi.

370 2743 468 2814 Anno
487 2747 621 2814 mooli.
635 2746 745 2814 idibus
764 2747 875 2834 aprilis
895 2743 980 2837 [apr.
994 2743 1058 2838 13]
1078 2747 1120 2814 ab
1139 2746 1303 2834 episeopo
1320 2742 1405 2810 Hein-

295 2846 365 2913 rioo
392 2844 541 2932 Spirensi
565 2847 621 2932 qui
648 2843 708 2913 init
733 2862 846 2912 eomes
866 2845 908 2913 de
925 2845 1110 2936 Liningen,
1127 2843 1260 2913 reddito
1279 2848 1349 2928 sunt
1365 2838 1426 2947 ffi’i

295 2943 693 3033 vinoWormotiensibus‚
710 2950 854 3012 exeunte
867 2944 1019 3014 Conrado
1030 2945 1072 3012 ab
1088 2942 1300 3012 obsidionem
1313 2939 1404 3005 Wirn-

296 3041 391 3126 burg.
424 3039 496 3120 Que
521 3043 586 3111 xiii.
611 3043 676 3110 kal.
702 3043 899 3131 septembris
927 3040 1021 3134 [aug.
1047 3041 1111 3136 20]
1131 3059 1248 3110 rursus
1267 3041 1329 3109 iliis
1345 3041 1404 3106 sunt

297 3138 456 3208 dotrueto.

371 3237 497 3306 Eodem
528 3257 616 3308 anno
641 3239 828 3309 Gerbardus
856 3241 1039 3330 episeopus
1067 3239 1289 3326 Mogontinus
1317 3232 1404 3302 Wiid-

296 3338 431 3424 gravius
455 3356 516 3406 sua
539 3345 645 3407 eastra
668 3345 810 3406 metatus
834 3345 886 3406 est
904 3339 946 3407 a'd
965 3339 1135 3407 Primmam
1156 3345 1274 3406 eontra
1295 3335 1401 3402 Conra-

296 3436 373 3505 dum
388 3455 502 3523 regem
516 3453 620 3525 prope
637 3439 748 3506 villam
764 3437 986 3507 Criebesbeim
995 3430 1016 3504 ².
1034 3437 1075 3505 Et
1091 3439 1125 3505 in
1141 3438 1257 3524 vigilie
1273 3448 1401 3516 assump-
1423 3433 1424 3510 j

296 3537 396 3604 tionis
417 3535 522 3604 Mario
540 3532 633 3626 [arog.
653 3534 716 3628 tn]
737 3536 984 3606 suooenderunt
997 3535 1107 3606 villam
1126 3534 1346 3604 Peternshoim
1362 3535 1401 3594 to-

294 3635 411 3702 taliter.

369 3730 467 3800 Anno
494 3732 650 3800 meeiiii.
673 3731 777 3800 voluit
802 3751 913 3803 marea
930 3735 1002 3822 puri
1021 3733 1151 3820 argenti
1170 3731 1256 3802 duas
1274 3732 1362 3801 libros
1377 3731 1400 3792 ot
1422 3779 1423 3792 ,

296 3837 424 3918 septem
442 3831 571 3900 solidos
590 3831 770 3899 ballenses.

371 3927 451 3995 Cum
476 3932 589 4017 itaque
614 3930 677 3998 beo
703 3931 898 3997 interrivos
916 3925 1199 4015 Moguntinenses
1218 3936 1253 3999 et
1270 3930 1398 3996 Wornu-

297 4025 430 4093 oienses
455 4045 554 4115 super
577 4027 849 4096 ooniederatione
875 4029 969 4116 paois
989 4035 1022 4096 et
1039 4029 1220 4098 oonoordie
1240 4035 1398 4098 traotaren-

298 4163 452 4285 Wssmisetzt
475 4164 690 4221 biauobenbeim.
735 4171 768 4236 2)
793 4169 963 4239 Kriegsbeim
994 4171 1052 4225 drei
1076 4169 1192 4226 stonden
1221 4168 1334 4226 westliob
1359 4179 1398 4216 tto
