2890 4832
261 239 333 310 304
430 257 431 262 ’
583 265 717 314 alestan
738 265 805 311 mna
831 265 856 310 s.
878 265 1062 311 rutenorum.

260 407 414 476 ascendit
432 412 465 474 et
482 405 569 473 abiit.
597 402 754 472 Ostendit
777 410 811 472 et
835 403 933 471 alium
959 404 1092 489 signum
1111 422 1231 490 magne
1249 405 1377 494 pietatis.

257 505 358 576 Anno
372 507 529 595 preterito
545 521 768 593 comannona
781 502 983 571 venderetur
997 521 1058 570 sex
1077 503 1194 571 solidis
1213 511 1246 571 et
1263 521 1302 572 ec
1320 523 1380 572 an-

257 608 364 696 plius,
401 611 435 672 et
461 603 553 692 quod
578 604 686 690 magis
718 604 832 671 terruit
856 603 1008 670 homines
1033 619 1096 670 neo
1121 601 1236 670 haberi
1262 603 1378 691 quidem

257 711 377 795 posset
395 723 453 792 pro
472 704 631 792 pecunia,
658 720 763 770 naves
791 719 864 769 oum
891 719 1024 770 annona
1051 719 1249 790 comparans
1268 706 1378 770 autori-

259 811 327 872 tute
347 822 408 871 sua
427 803 634 891 eprovincia
647 801 847 887 Mogontina
866 818 925 868 eas
941 801 1038 868 iussit
1056 800 1186 888 adduci,
1206 807 1241 868 et
1253 820 1312 890 per
1327 821 1378 871 ce-

258 903 361 972 nobia
379 920 444 989 que
468 903 575 987 magis
602 899 799 986 indigebant
823 899 982 968 distribui.
1016 899 1143 968 Eodem
1160 905 1309 988 tempore
1323 901 1379 969 Co-

258 1004 347 1071 lonie
366 1006 544 1090 pertulum
563 1001 791 1088 episcopatum
816 1017 911 1067 suum
934 998 977 1066 ad
1002 1000 1101 1067 totius
1120 1001 1291 1087 provincie
1310 1002 1379 1069 snb·

259 1101 378 1169 sidium
398 1101 592 1167 cerevisiam
610 1100 709 1186 coqui
727 1097 880 1188 inhibuit,
895 1099 1020 1166 malens
1039 1099 1189 1166 maximis
1208 1097 1379 1168 redditibus

260 1218 346 1289 quos
372 1199 553 1288 recipiebat
577 1198 618 1266 ab
651 1197 717 1265 illis
745 1199 801 1285 qui
828 1198 1022 1266 cerevisiam
1051 1197 1244 1284 coquebant
1271 1217 1381 1288 curere,

260 1319 358 1387 quam
376 1305 517 1386 questus
530 1298 589 1365 sui
609 1314 713 1364 causa
732 1297 876 1385 populos
895 1295 980 1365 lame
998 1297 1115 1384 perire.
1150 1295 1274 1385 Spiritu
1293 1301 1381 1366 timo-

259 1399 304 1466 ris
331 1398 462 1466 Domini
487 1397 618 1464 alienus
644 1413 714 1463 non
741 1402 827 1487 crat,
859 1397 935 1483 quia
962 1395 1073 1462 nullus
1103 1397 1209 1463 nostri
1237 1399 1382 1486 temporis

259 1497 450 1585 pontificum
469 1513 596 1564 summo
609 1495 759 1584 pontitici
776 1495 852 1584 plus
870 1495 927 1563 illo
943 1495 1069 1562 timoris
1085 1501 1117 1562 et
1130 1499 1315 1564 reverentie
1333 1515 1383 1564 ex-

259 1595 404 1664 bibebat.
446 1595 542 1663 Unde
570 1613 643 1662 oum
671 1593 823 1662 dominus
847 1592 1017 1662 Honorius
1043 1611 1131 1682 papa
1157 1604 1296 1664 mortem
1321 1598 1381 1664 eins

260 1695 496 1784 deplangeret,
515 1693 641 1761 dixisse
659 1691 761 1760 lertur
778 1693 842 1762 hoc
859 1693 1013 1760 verbum:
1042 1692 1162 1760 Omnes
1179 1694 1219 1760 de
1237 1695 1382 1762 Alemon-

259 1797 316 1862 m'o
332 1796 448 1862 timore
461 1795 531 1860 eius
547 1797 627 1860 mct
613 1791 777 1860 timebunt.
805 1791 887 1860 Nam
904 1797 1038 1880 propter
1056 1791 1281 1861 obedientiam
1300 1811 1383 1882 quam

258 1911 346 1983 pape
365 1901 398 1962 et
415 1894 486 1978 regi
505 1891 654 1960 exhibuit
671 1893 806 1960 occisus
826 1897 886 1958 est.

335 1995 579 2078 Copotnonum
597 1989 807 2076 Relrgrosos
798 2008 863 2058 rmo
877 2009 912 2058 rn
923 1991 1090 2078 relrnrosrs
1101 1991 1266 2060 Christum
1278 1991 1323 2057 rta
1331 1989 1436 2058 bo

261 2111 378 2162 norare
393 2091 528 2180 studuit,
538 2097 575 2158 ut
587 2092 742 2178 personis
753 2091 890 2178 privatis
901 2098 1097 2177 assurgeret
1107 2098 1140 2160 et
1155 2098 1220 2159 tam
1233 2090 1385 2158 humiliter
1435 2125 1436 2134 κ

261 2210 334 2260 cum
354 2194 403 2260 eis
420 2191 612 2277 loqueretur
630 2207 670 2256 ac
688 2191 716 2258 si
731 2189 796 2256 illis
812 2188 964 2257 subditus
984 2197 1085 2259 esset.
1114 2189 1319 2258 Sacerdotes
1337 2205 1385 2254 se·
1434 2215 1436 2226 ⁴

263 2291 391 2359 eulares
419 2297 451 2357 et
474 2307 639 2378 pauperes
657 2288 773 2378 valde,
806 2290 960 2376 personis
983 2289 1168 2357 illustribus
1188 2287 1384 2357 secularibus

262 2399 372 2458 tamen
390 2389 565 2477 neglectis,
580 2387 622 2456 de
641 2407 702 2456 sua
721 2387 862 2456 scutella
880 2387 1055 2456 comedere
1074 2387 1166 2457 etde
1185 2407 1249 2457 suo
1267 2385 1383 2474 scypho

261 2489 375 2558 bibere
393 2489 567 2576 sepissime
579 2490 699 2574 coegit.
717 2487 925 2555 Vestimenta
943 2505 1005 2554 sua
1023 2487 1203 2576 aliquando
1223 2489 1306 2555 satis
1319 2503 1384 2574 pre·

262 2590 357 2657 oiosa
375 2587 496 2675 quibus
515 2586 557 2654 ad
575 2586 677 2654 breve
698 2591 828 2674 tompus
854 2603 937 2654 osus
962 2585 1069 2654 luerat
1093 2604 1161 2655 non
1181 2585 1383 2654 histrionibus

262 2686 323 2757 sed
342 2685 572 2755 sacerdotibus
582 2737 591 2775 ,
611 2704 680 2754 non
698 2687 819 2753 scurris
838 2685 899 2753 sed
918 2683 1049 2753 clericis
1068 2685 1148 2754 dare
1163 2689 1384 2754 consueverat.
1436 2711 1437 2718 ¹

261 2787 303 2856 Et
321 2787 399 2874 qnia
417 2788 512 2854 timor
531 2786 604 2853 sine
623 2783 803 2853 dilectione
821 2785 928 2853 minus
946 2785 1065 2876 placet,
1085 2785 1218 2853 beatam
1235 2786 1383 2872 virginem
1436 2823 1437 2828 =

261 2886 420 2973 Mariam,
450 2902 515 2972 qrre
540 2890 646 2952 muter
672 2890 724 2952 est
742 2883 880 2972 pulchre
908 2883 1096 2952 dilectionis
1114 2884 1153 2960 ¹id
1185 2890 1237 2952 est
1270 2883 1382 2969 Christi,

264 2985 320 3072 qui
338 2983 413 3052 sons
433 2991 484 3052 est
503 2989 534 3051 ei
553 2989 649 3051 autor
665 2985 774 3050 tocius
793 2984 925 3073 amoris,
943 2983 977 3050 in
996 2988 1120 3050 tantum
1139 2981 1267 3073 dilexit,
1287 2987 1322 3050 ut
1337 2997 1383 3069 per
1430 2968 1435 3097 ἰ

264 3099 372 3151 annos
391 3083 518 3169 aliquot
536 3100 653 3150 omnes
675 3088 809 3170 quartas
836 3080 936 3149 serias
962 3083 996 3149 in
1021 3083 1092 3149 eius
1110 3082 1240 3152 honore
1267 3083 1382 3149 ieiuna·
1431 3114 1435 3153 :

263 3188 323 3271 ret,
351 3188 384 3248 et
401 3180 530 3251 duabus
548 3181 678 3249 vicibus
696 3188 874 3269 postquam
892 3181 1000 3249 lactus
1019 3189 1070 3250 est
1088 3184 1269 3270 episcopus
1287 3181 1382 3248 limina

264 3282 337 3350 eius
355 3281 388 3348 in
406 3279 499 3368 Rupe
515 3279 683 3349 Amatoris
699 3275 710 3316 ¹
733 3281 891 3348 visitaret.
929 3280 1091 3348 Decorem
1111 3280 1230 3349 domus
1250 3279 1304 3348 dei
1321 3296 1380 3345 enm

264 3386 383 3449 sancto
401 3378 510 3448 David
529 3381 579 3446 sic
598 3380 713 3448 dilexit
732 3381 781 3447 sic
799 3379 1018 3468 desiderauit,
1037 3387 1073 3446 ut
1092 3380 1272 3447 ecclesiam
1291 3376 1382 3446 saneti

264 3480 365 3570 Petri,
391 3497 458 3568 que
482 3484 586 3547 mater
612 3485 665 3547 est
691 3480 834 3546 omnium
860 3480 1075 3547 eeclesiarum
1100 3480 1273 3567 provincie
1292 3476 1381 3546 Colo-

263 3580 410 3669 niensis,
429 3595 591 3647 renovare
606 3577 723 3645 iratres
742 3577 936 3666 hortaretur,
955 3579 1151 3666 promittens
1171 3595 1209 3646 se
1229 3579 1380 3665 quingen·
1435 3585 1437 3652 t

265 3684 316 3746 tas
343 3696 470 3746 marcas
497 3678 607 3746 statim
638 3676 680 3745 nd
704 3676 951 3745 inchoationem
978 3677 1182 3766 oblaturum,
1211 3695 1252 3745 ac
1276 3671 1381 3744 deinde

266 3779 362 3844 annis
380 3777 523 3863 singulis
542 3794 670 3844 marcas
696 3775 833 3843 totidem
856 3775 965 3846 donec
992 3775 1114 3843 fabrica
1137 3780 1379 3844 consummetur.

265 3875 403 3944 Fecerat
420 3882 529 3944 autem
548 3881 625 3942 anto
644 3883 780 3942 mortem
799 3893 893 3942 suam
911 3877 1108 3944 uestimenta
1134 3875 1331 3963 pontificalia
1347 3888 1379 3937 er

265 3993 408 4062 purpura
426 3981 458 4042 et
474 3976 544 4042 lino
564 3975 798 4063 subtilissimo,
818 3973 952 4042 fimbriis
972 3981 1006 4042 et
1023 3975 1152 4042 laminis
1172 3977 1279 4042 aureis
1296 3975 1377 4040 item·

267 4090 332 4160 que
351 4075 535 4158 margaritis
554 4081 587 4141 et
602 4075 760 4163 gernmiS,
778 4075 858 4140 tanti
877 4071 1008 4142 decoris
1018 4125 1027 4162 ,
1047 4079 1083 4140 ut
1109 4073 1219 4141 cordis
1241 4075 1307 4141 eins
1326 4067 1377 4136 de-

266 4173 359 4240 votio
384 4172 418 4236 in
443 4171 507 4237 illis
529 4179 683 4258 tanquam
709 4175 742 4240 in
766 4171 904 4260 speculo
929 4174 1100 4240 reluceret.
1137 4171 1248 4240 Semel
1273 4175 1377 4238 tantum

304 4281 334 4346 l]
353 4277 541 4333 Roeamadour
560 4279 595 4331 im
613 4277 824 4338 sirdwestliebou
842 4280 1023 4348 Fraolrreich,
1041 4279 1163 4336 nordlieh
1183 4297 1235 4336 von
1253 4279 1350 4335 calon.
