2878 4834
275 201 347 270 218
614 230 783 276 nmnunrn
804 232 1039 278 wernarrrssrn

273 369 373 459 gillo,
398 375 433 438 et
452 369 750 503 lYormacicnsium
768 371 928 458 scriptum
955 369 1019 438 sub
1045 370 1108 439 trac
1124 371 1230 440 lcrma
1246 371 1389 440 habemus

272 487 379 558 penes
396 485 461 538 nos
490 523 497 535 .

340 767 370 830 t.
390 765 546 829 Friedrich
566 767 592 828 ll
619 765 794 842 beauftmgt
815 765 875 827 den
894 765 1021 828 bischci
1038 764 1181 827 Heinrich
1202 779 1261 826 ran
1280 763 1387 828 Werms

395 849 449 910 des
476 848 713 924 gemeindelraus
740 865 779 909 zu
797 848 918 912 Wurms
939 848 1079 924 giinzlielr
1104 848 1262 909 abreissen
1282 863 1321 907 zu
1340 845 1387 906 las-

394 932 534 1076 ιιιιῖιὲῗιιιιά
548 931 687 1030 'schenkl
708 930 767 992 den
794 931 877 1009 platz
905 930 961 992 der
987 931 1093 992 kircha
1121 929 1268 992 dasellst.
1309 928 1388 990 Udiua
1427 970 1428 1015 3

497 1029 568 1076 mar.

343 1148 528 1218 Friderieus
554 1148 609 1218 dei
634 1151 748 1236 gracia
764 1147 986 1218 Romanorum
1010 1150 1190 1238 imperetur
1213 1154 1247 1216 et
1272 1165 1389 1235 semper

272 1255 456 1339 angustus,
474 1248 682 1317 iherusalem
706 1256 741 1316 et
757 1248 870 1317 Sicilie
894 1267 963 1317 rex.
995 1249 1057 1316 Per
1080 1267 1222 1337 presens
1246 1249 1389 1335 scriptun
1427 1273 1428 1280 ¹

269 1349 437 1418 universis
462 1349 589 1436 imperii
613 1347 767 1418 lidclibus
792 1349 946 1417 volumus
968 1366 1047 1416 esse
1069 1355 1202 1437 netum,
1232 1346 1321 1435 quod
1348 1345 1389 1413 dl·
1427 1383 1428 1386 =

269 1447 358 1516 lecto
374 1449 514 1536 principi
532 1453 647 1516 nostro
663 1445 820 1516 Heinrico
836 1447 1021 1516 venerabili
1043 1447 1286 1515 Wcrmaciensi
1309 1447 1389 1534 epis·
1427 1469 1428 1512 r

271 1563 359 1635 copo
377 1545 529 1614 dedimus
541 1547 576 1613 in
592 1546 774 1636 mandatis,
796 1554 834 1614 ut
848 1546 980 1615 domum
998 1565 1064 1634 qne
1080 1547 1263 1615 vocabatur
1281 1563 1388 1614 comu-

270 1646 384 1713 nitatis
408 1647 443 1713 in
460 1645 653 1713 Wnrmacia
673 1645 823 1714 funditus
847 1646 932 1714 dirui
954 1645 1070 1736 iaciat,
1094 1653 1128 1713 ct
1151 1645 1185 1714 id
1213 1645 1340 1712 firmiter
1363 1649 1389 1712 et
1427 1669 1428 1698 ι

270 1745 435 1812 instanter
451 1746 646 1812 auctoritate
660 1747 767 1814 nostri
792 1746 943 1813 culminis
962 1750 1176 1832 exsequatur.
1216 1743 1388 1812 Concessi-
1427 1807 1428 1811 ,

270 1862 344 1912 mus
357 1845 493 1932 insuper
515 1845 547 1912 ei
565 1843 607 1912 de
623 1847 737 1930 gracia
750 1851 867 1914 nostra
882 1844 1018 1913 fundum
1042 1844 1192 1912 eiusdem
1209 1843 1334 1932 domus,
1360 1849 1389 1909 ut
1427 1867 1428 1912 i

270 1943 303 2010 in
333 1944 535 2032 proprietate
565 1944 711 2012 ecclesie
737 1944 860 2012 debeat
884 1950 1047 2033 perpetuu
1075 1943 1252 2034 possideri.
1290 1941 1388 2023 Quare
1427 1968 1428 2014 t

270 2043 436 2111 universis
462 2049 495 2111 et
511 2043 653 2129 singulis
671 2043 734 2112 sub
752 2043 891 2112 clrtentu
915 2044 1027 2130 grecie
1054 2050 1168 2112 nostre
1193 2041 1387 2127 mandamus,
1427 2069 1428 2102 r

271 2147 436 2230 quatenus
467 2142 579 2209 nullus
609 2143 669 2232 sit,
700 2144 756 2231 qui
787 2161 889 2230 super
919 2143 1118 2211 executione
1148 2141 1227 2210 dieti
1255 2140 1387 2208 mandati
1427 2181 1428 2211 r

269 2242 376 2308 nostri
395 2239 502 2309 eidem
519 2242 658 2330 principi
676 2248 793 2311 nostru
815 2244 1011 2310 contrarium
1034 2259 1072 2309 sc
1096 2247 1261 2332 opponat,
1279 2239 1334 2308 sed
1352 2238 1387 2306 ad

270 2337 479 2408 diruitionem
503 2339 652 2408 eiusdem
673 2341 791 2410 demus
821 2359 939 2410 ornnes
961 2358 1047 2446 ques
1067 2341 1187 2409 exinde
1213 2340 1386 2428 requisierit

270 2437 333 2506 sibi
352 2439 526 2507 commode
541 2441 719 2531 assistatis
734 2442 848 2509 scituri
867 2458 982 2508 omncs
1000 2423 1090 2528 qrrcd
1112 2443 1301 2528 quicunque
1318 2457 1385 2526 pre-

268 2538 355 2606 senti
371 2537 527 2606 mandatu
544 2545 660 2607 nostro
674 2541 914 2654 presumpserit
933 2541 1095 2608 contraire
1105 2539 1383 2653 ,indignationem

267 2643 415 2706 nostram
438 2655 476 2705 se
491 2639 644 2706 noverit
635 2641 826 2708 incurrisse.
852 2638 904 2708 Ad
920 2641 1013 2707 cuius
1035 2640 1082 2707 rei
1104 2640 1294 2707 memoriam
1315 2655 1382 2726 pre-

267 2753 348 2805 sens
367 2737 524 2826 scriptum
542 2735 679 2806 lecimus
696 2739 807 2826 sigilla
825 2744 940 2806 nostre
963 2737 1171 2807 celsitudinis
1188 2737 1341 2806 roborari.

340 2859 447 2929 limus
478 2864 524 2929 rei
549 2867 656 2932 testes
685 2871 779 2933 sunt:
809 2865 847 2933 Β.
873 2864 1059 2954 patriarcha
1083 2861 1330 2950 Aquilegeusis.
1354 2857 1381 2924 Ε

268 2959 566 3047 Salzburgensise
548 2961 956 3050 ct.Allagdeburgensis
980 2963 1235 3051 archicpiscopi
1268 2960 1302 3028 Ε.
1325 2959 1381 3026 Βι-

266 3058 529 3152 benbergensis‚
552 3061 585 3130 S.
608 3061 862 3133 Ratisbcnensis
880 3064 1059 3152 imperialis
1080 3063 1155 3130 aule
1178 3059 1379 3128 cancellarius
1427 3069 1428 3080 ¹

268 3163 302 3226 et
326 3156 578 3247 Herbipclensis
602 3163 762 3251 episcopi.
810 3163 945 3230 Electus
984 3161 1220 3247 Frisingensis.
1271 3157 1308 3226 A.
1326 3156 1380 3224 dux

268 3256 424 3326 Saxonie.
453 3255 491 3326 0.
514 3258 582 3326 dux
605 3260 766 3330 Merenic.
800 3263 837 3332 B.
856 3261 923 3330 dux
938 3261 1118 3328 Kariathie.
1155 3259 1276 3327 Comes
1296 3256 1331 3324 H.
1347 3253 1378 3322 de

268 3353 471 3444 Ortemberg.
498 3357 619 3427 Comes
638 3357 744 3429 Adclf
729 3360 781 3430 lus
802 3360 844 3428 de
863 3361 1093 3446 Sechenburg.
1128 3352 1378 3426 Wcrnherusde

266 3455 451 3525 Bulenden.
487 3456 627 3526 Silridus
652 3466 686 3528 et
712 3459 884 3530 conradus
906 3459 948 3528 de
971 3458 1147 3530 Hcenloch
1170 3457 1276 3526 etalii
1298 3469 1376 3583 quau

269 3554 393 3644 plures.

341 3677 459 3747 Datum
493 3679 582 3769 apud
610 3679 740 3749 Utinum
774 3683 807 3748 in
843 3683 928 3750 Foro
967 3681 1062 3771 tulii,
1104 3699 1193 3749 anno
1233 3677 1376 3746 dominice

267 3775 504 3944 hncetarnaticnis
531 3779 705 3850 millesime
726 3799 774 3849 cc
778 3799 853 3850 xxx
855 3801 906 3870 ιι
939 3799 1055 3850 mense
1088 3781 1182 3872 maii,
1211 3775 1343 3866 quinte
1335 3791 1375 3840 ιι-

291 3891 321 3940 rc
337 3893 423 3944 ronrs

271 4082 389 4204 1,ΕἰΕιιι
407 4099 447 4136 cr.
467 4085 538 4165 stelit
557 4085 605 4167 das
622 4094 693 4168 mort
710 4087 761 4142 last
780 4087 846 4141 iiber
869 4089 975 4143 sarcina
992 4087 1046 4142 und
1067 4087 1114 4141 das
1132 4093 1202 4142 wart
1221 4085 1310 4140 barlen
1326 4079 1378 4134 ilar

283 4165 318 4202 rm
337 4165 376 4218 rs,
395 4150 443 4206 das
461 4153 543 4222 suegel
562 4162 595 4210 rat
613 4155 699 4210 lerder
717 4155 877 4226 abgefallcn.
