2890 4832
272 199 341 270 332
629 228 667 274 rx
687 228 852 276 coneraroo
873 229 1049 276 conorrrnsr.

188 377 255 433 ¹198
273 369 399 438 tissima
418 386 455 438 sc
473 366 741 455 conserentibus3
767 369 812 436 ita
830 367 921 457 quod
944 369 990 436 illi
1013 371 1106 437 iuxta
1123 368 1300 438 Coloniam
1319 387 1396 457 pene

267 468 312 537 ad
329 466 395 536 duo
413 467 562 535 milliaria
578 472 803 535 accesserant.
820 469 926 536 Multa
942 468 1088 537 nefanda
1105 477 1139 536 ct
1155 469 1282 536 misera
1300 468 1397 536 relatu
1433 519 1434 524 ,

267 557 491 657 impurissima
514 567 570 634 illa
595 566 762 634 barbaries
789 569 939 654 patravit.
974 566 1120 648 Quorum
1145 586 1246 635 unum
1266 585 1393 656 ponam,
1434 583 1436 590 ·

268 685 311 736 ex
342 684 409 755 quo
440 667 535 754 plura
568 667 676 734 conici
710 673 862 754 possunt.
906 667 1196 736 sanctimonialem
1229 665 1394 755 quandam
1434 713 1437 728 l

268 765 421 835 omnibus
438 764 639 834 indumentis
663 766 838 853 spoliatam
857 767 953 836 melle
980 772 1206 854 perungentes
1224 767 1259 834 in
1278 766 1392 854 plumis
1436 793 1437 826 r

267 865 463 933 lectualibus
481 864 694 952 volutabant,
722 866 837 952 sicque
866 873 1054 934 monstrose
1080 866 1238 934 hirsutam
1265 865 1390 933 cabulo
1436 887 1437 924 r

267 965 512 1054 imposuerunt,
539 981 638 1031 versa
660 965 732 1030 eius
758 963 843 1034 lucie
862 964 905 1032 ad
929 963 1067 1033 caudam
1086 965 1214 1032 caballi.
1248 963 1392 1051 Cumque

268 1063 484 1132 ridiculosum
509 1063 592 1152 hoe,
630 1064 696 1130 imo
722 1064 911 1132 miserabile
936 1065 1162 1152 spectaculum
1186 1082 1246 1152 per
1272 1065 1393 1150 aliquot

267 1161 341 1230 dies
360 1161 666 1251 circumduxissent,
680 1164 751 1247 regi
769 1163 918 1251 Pbilippc
937 1163 1068 1231 tandem
1088 1181 1140 1231 res
1159 1165 1325 1247 innotrrit;
1347 1165 1393 1249 qui

267 1262 342 1330 zelo
366 1260 419 1330 dei
444 1267 569 1350 tactae,
602 1279 719 1330 ornnes
745 1263 882 1330 sceleris
907 1263 1004 1330 buius
1029 1279 1104 1330 reos
1133 1280 1221 1349 aque
1245 1261 1392 1329 bullienti
1437 1283 1438 1324 1

268 1360 352 1428 trudi
368 1362 475 1430 iussit.
511 1359 589 1428 Cum
610 1377 692 1446 crgo
710 1363 791 1428 satis
809 1364 843 1429 in
862 1364 1060 1450 episcopatu
1078 1361 1273 1430 Coloniensi
1291 1361 1393 1428 dese-

267 1461 417 1549 vissent,
435 1459 571 1527 iubente
589 1459 671 1548 deo,
691 1461 746 1547 qui
764 1463 858 1549 ponit
875 1463 1045 1528 terminum
1063 1461 1212 1528 tenebris
1239 1468 1274 1528 et
1297 1462 1334 1527 in
1361 1479 1392 1527 se

268 1557 345 1626 iacit
362 1558 526 1644 confringi
544 1558 662 1626 lluctus
682 1561 797 1650 maris,
816 1561 985 1648 inopinate
1007 1561 1166 1647 nulloque
1185 1558 1343 1647 fugante,
1361 1577 1392 1626 se

268 1655 311 1725 ad
329 1675 390 1724 sua
408 1657 606 1747 retulerunt,
625 1660 657 1725 in
676 1659 792 1727 itincre
812 1665 989 1727 exurentes
1007 1657 1249 1727 Andernacum.

341 1755 471 1825 Interea
489 1753 566 1824 Otto
594 1759 692 1824 etiam
713 1777 771 1825 rex
790 1764 866 1847 post
884 1757 1068 1827 discessum
1087 1758 1224 1826 alterius
1250 1759 1285 1824 in
1307 1757 1391 1825 inle-

268 1855 408 1924 rioribus
426 1855 573 1944 partibus
594 1858 703 1925 omnia
722 1857 786 1924 sibi
805 1875 986 1946 proposse
1005 1857 1202 1946 subiugans,
1217 1858 1392 1944 episcopos
1438 1917 1439 1922 ,

267 1957 405 2024 comites
432 1961 465 2022 ct
488 1954 618 2022 nobiles
646 1955 862 2042 Lotbaringie
887 1957 950 2024 sibi
981 1956 1199 2043 conciliabat,
1228 1963 1263 2023 et
1285 1973 1391 2023 sacra·
1433 1977 1434 1986 ¹

268 2062 379 2122 menta
395 2073 435 2122 ac
449 2053 642 2122 fidelitatem
660 2054 701 2123 ab
719 2057 770 2123 eis
790 2058 892 2142 exigit
911 2063 943 2124 et
960 2057 1100 2144 accipit,
1126 2073 1192 2142 que
1212 2061 1323 2122 tamen
1339 2057 1388 2121 in·

269 2152 359 2221 lrrma
372 2161 465 2222 erant
483 2159 516 2221 et
530 2152 687 2222 infidelia.
706 2154 788 2222 Nam
802 2156 916 2243 plures
932 2174 974 2223 ex
992 2157 1052 2243 eis,
1070 2155 1103 2222 in
1122 2156 1247 2240 exiguo
1265 2172 1390 2242 ponen-

268 2258 320 2320 tes
333 2250 541 2320 mendacium
555 2259 612 2320 aut
624 2255 811 2343 periurium,
826 2261 940 2323 contra
958 2255 1204 2322 conscienciam
1223 2272 1317 2321 suam
1335 2272 1390 2320 ve·

267 2351 338 2419 nire
364 2369 432 2419 non
459 2350 636 2439 timebant,
674 2370 731 2420 cre
758 2352 892 2440 quidem
918 2359 1125 2422 sacramenta
1147 2359 1336 2440 prestantes
1361 2358 1389 2418 et
1439 2406 1440 2418 ,

267 2449 365 2518 idem
379 2452 524 2518 iurantes
551 2453 621 2537 regi
640 2449 772 2542 iltioni,
801 2471 873 2520 curn
893 2471 951 2520 cor
968 2470 1080 2520 eorum
1098 2452 1202 2538 longe
1222 2453 1264 2519 ab
1283 2470 1321 2518 eo
1340 2469 1387 2517 re·
1439 2491 1440 2500 κ

266 2557 389 2618 motum
408 2567 481 2617 cum
500 2550 648 2639 Pbilippo
667 2570 746 2637 rege
767 2554 873 2638 rnagis
892 2558 1014 2620 rectum
1032 2551 1198 2618 videretur
1216 2570 1314 2638 quam
1331 2567 1385 2616 se-

266 2667 349 2718 cum.
385 2649 484 2718 Venit
501 2651 604 2717 eciam
622 2649 792 2737 predictus
811 2671 869 2718 rex
887 2649 964 2718 Otto
975 2667 1102 2718 ¹versus
1122 2650 1304 2718 Saxoniam
1320 2657 1386 2716 ten-

266 2747 351 2817 dens
371 2749 571 2837 Goslariam,
591 2767 664 2816 eam
682 2755 716 2816 et
734 2749 928 2818 adiacentes
948 2751 1100 2817 civitates
1119 2767 1314 2836 expugnare
1331 2767 1384 2831 ag-

266 2865 423 2934 gressus3
456 2849 713 2936 superveniente
737 2850 887 2938 Philippo
913 2867 994 2936 rege
1019 2867 1039 2915 a
1062 2849 1237 2936 proposito
1262 2863 1382 2916 cessare

176 2975 181 2983 ·
266 2952 403 3015 coactus
423 2955 484 3014 est.

338 3043 512 3113 Heinricus
538 3045 705 3135 palatinus
730 3064 844 3114 comes
870 3044 990 3130 libeni,
1016 3046 1116 3113 irater
1134 3043 1269 3114 Ottcnis
1295 3045 1379 3130 regis,
1438 3059 1439 3142 }

266 3149 299 3210 ct
316 3144 539 3234 lantgravius,
569 3163 608 3212 ac
626 3143 693 3212 dux
710 3145 886 3213 Brabanlie
906 3145 947 3212 dc
968 3145 1200 3213 iherosolimis
1219 3151 1380 3212 revertun-

265 3250 332 3332 tur,
358 3241 481 3310 inlecto
500 3245 587 3310 omni
613 3245 758 3329 negocio
776 3243 865 3332 apud
883 3244 1044 3312 ethnicos.
1071 3245 1293 3330 Mogontimrs
1310 3259 1379 3329 qno-

265 3359 330 3429 que
349 3342 622 3430 arcbiepiscopus
641 3342 717 3410 inde
735 3342 885 3432 rediens,
917 3345 950 3410 in
975 3345 1069 3410 ltalia
1093 3362 1216 3411 moram
1235 3342 1313 3410 lacit
1328 3360 1379 3408 ao-

265 3441 361 3508 dicns
381 3441 580 3509 discordiam
598 3460 663 3528 que
690 3443 722 3508 in
750 3459 855 3528 regno
883 3448 954 3510 orta
981 3441 1086 3509 iuerat
1109 3444 1195 3509 inter
1213 3441 1378 3528 Pbilippun

265 3547 298 3608 et
316 3538 481 3608 Ottcnem.

336 3637 518 3707 liiobardus
545 3657 602 3708 rcx
629 3636 749 3726 Arrglic
776 3639 852 3707 dum
880 3639 1047 3726 quoddam
1074 3647 1218 3707 castrum
1246 3637 1377 3721 Limogie

265 3739 393 3806 scilicet
411 3739 606 3826 obsederet,
636 3746 669 3806 ct
689 3740 853 3806 circuiens
873 3744 1024 3826 quereret
1048 3739 1102 3806 irbi
1122 3741 1270 3806 assultus
1293 3753 1376 3824 opor-

265 3839 375 3903 lunius
394 3837 534 3927 laceret,
551 3839 617 3906 telo
635 3839 778 3906 letaliter
796 3840 983 3926 percutitur.
1010 3837 1108 3918 Quod
1127 3855 1194 3906 non
1214 3839 1286 3904 sine
1303 3833 1377 3901 iodi-

264 3935 316 4001 cio
344 3935 398 4001 dei
425 3936 563 4026 iactum,
591 3936 654 4005 boc
682 3937 780 4005 modo
807 3937 973 4025 probatur.
1019 3937 1188 4023 Siquidem
1213 3937 1375 4023 episcopus

264 4031 396 4118 quidam
414 4033 490 4100 dum
509 4037 580 4103 sine
599 4054 703 4103 carisa
721 4036 883 4104 ollensam
903 4038 974 4104 eius
997 4037 1199 4123 incurrisset,
1218 4037 1252 4101 in
1270 4040 1375 4101 tanton

264 4149 337 4198 enm
355 4141 552 4218 persecutus
579 4142 630 4200 est
647 4142 681 4202 ut
700 4153 719 4201 a
737 4135 869 4222 propria
894 4133 976 4202 sede
995 4154 1068 4202 eum
1088 4135 1289 4219 exturbaret,
1314 4146 1375 4218 pre·

264 4231 390 4316 cipicns
415 4231 444 4296 oi
471 4249 512 4296 ne
531 4231 690 4320 deinceps
716 4235 787 4302 cius
811 4251 849 4301 sc
874 4234 981 4301 oculis
1008 4233 1150 4302 ollerret.
1185 4234 1243 4303 llle
1261 4231 1373 4298 llonran
