2890 4832
379 279 417 326 m
438 277 604 328 aonrramo
626 279 806 328 conomrrsr.
1090 249 1160 321 363
1280 239 1284 246 ’

33 437 140 490 eornm
166 417 253 487 inira
278 417 450 486 Coloniam
474 417 556 487 sitas
578 416 811 505 infringentes.
838 415 946 508 Super
963 435 1031 508 quo
1049 437 1159 489 errore
1180 426 1245 482 ttae

32 517 181 587 domibus
209 518 369 605 reparatis
400 516 487 585 dicte
514 518 657 586 ecclesie
681 515 893 606 postmodum
918 515 1161 588 satisfecerunt

31 617 99 686 lloc
116 635 210 685 anno
229 623 300 684 erat
317 616 457 705 hyemps
475 617 579 702 longa
596 621 630 684 et
646 633 776 705 aspera.

97 715 202 784 Anno
227 715 351 783 domini
369 732 537 783 mccxxx.
556 715 593 782 ln
615 715 778 803 Hispania
804 732 862 782 rex
885 714 1109 802 Legionensis
1128 722 1162 785 ot

32 815 111 884 ilius
139 832 226 882 suus
250 831 308 882 rex
326 812 472 882 Castello
491 831 581 881 arma
599 821 714 883 contra
732 813 935 883 Sarracenos
954 820 1104 906 sumunt,
1128 819 1163 884 et

31 933 180 1000 magnam
208 919 335 1002 partam
354 919 439 982 terre
465 919 640 1003 occupant,
668 919 765 1002 capta
782 913 916 982 civitate
935 931 1001 1002 que
1019 915 1162 983 Emerita

33 1012 210 1082 dicebatur.
243 1012 322 1100 lpso
348 1029 437 1082 anno
462 1029 520 1080 rex
543 1009 716 1098 Arragona
739 1013 883 1080 insulam
908 1029 974 1099 que
1000 1012 1164 1082 Maiorica

32 1113 144 1180 dicitur
164 1112 279 1179 multis
301 1112 397 1179 annis
422 1111 654 1180 aSarraoenis
681 1115 876 1198 occupatam
898 1113 1003 1202 capit,
1029 1129 1162 1200 expug-

33 1210 136 1279 nando
154 1209 281 1278 ibidem
304 1209 469 1297 quandam
489 1211 658 1279 civitatem
675 1209 835 1280 lamosam
841 1216 968 1302 ,capto
987 1211 1059 1279 eius
1078 1227 1161 1298 rego

33 1316 60 1378 et
76 1315 146 1378 tota
166 1308 269 1378 domo
287 1310 390 1396 regia.
558 1324 561 1330 ·

95 1407 228 1477 Eodem
255 1427 345 1477 anno
371 1407 513 1476 domnus
541 1407 654 1477 Simon
672 1407 778 1476 abbas
797 1406 898 1498 obiit,
917 1412 951 1476 et
968 1408 999 1477 ei
1018 1357 1160 1478 domnus

30 1506 199 1575 Heinricus
219 1513 356 1596 quartas
375 1507 535 1576 succedit.

94 1605 226 1675 Eodem
247 1623 381 1694 quoque
404 1624 493 1676 anno
515 1607 616 1674 oritur
633 1605 805 1675 dissensio
826 1606 912 1674 inter
929 1603 1160 1694 archiepisco·

32 1723 99 1792 pum
122 1712 156 1774 et
172 1705 293 1774 ducem
311 1704 354 1773 de
372 1704 532 1791 Limbnrg
553 1723 653 1794 super
675 1703 859 1774 advocacia
879 1704 1013 1773 cenobii
1040 1704 1159 1773 Siber-

33 1805 149 1889 gensis.
176 1803 277 1873 Unde
291 1810 434 1872 castrum
450 1804 628 1873 Tuioicnse
643 1803 721 1872 dicti
736 1804 831 1872 duois
848 1803 889 1872 ab
903 1803 1158 1892 archiepiscopo

34 1902 180 1994 diruitur,
202 1909 238 1972 et
253 1910 395 1972 castrum
412 1902 507 1971 ducis
526 1903 648 1972 dictum
665 1903 840 1971 Bensbura
858 1902 963 1989 longa
981 1901 1159 1972 obsidione

34 2002 164 2070 vallatur
182 2021 203 2070 a
222 2004 363 2092 copioso
388 2003 535 2070 exercitu
561 2002 802 2092 archiepiscopi
826 2007 860 2070 et
877 2001 1007 2071 comitis
1026 2000 1159 2070 Senen-

35 2101 83 2166 sis.
109 2100 179 2170 Sed
197 2102 279 2170 lioet
296 2102 416 2169 acriter
433 2102 682 2190 impugnaretur
699 2119 768 2170 non
786 2101 932 2190 capitur,
950 2099 1014 2168 biis
1033 2100 1091 2188 qui
1107 2100 1161 2167 in-

36 2205 80 2267 tus
103 2205 198 2268 erant
226 2217 264 2268 so
289 2201 426 2269 viriliter
442 2199 700 2270 defendentibus
719 2207 753 2269 et
769 2201 958 2286 ingeniosa.
990 2197 1040 2268 llx
1058 2198 1162 2267 altera

37 2304 118 2385 parte
137 2305 286 2368 castrum
305 2299 545 2389 archiepiscopi
561 2300 682 2368 dictum
699 2299 872 2389 'lulpetum
893 2298 1021 2367 casuali
1041 2299 1162 2366 incen-

38 2395 85 2464 dio
102 2404 351 2488 concrematur,
379 2405 413 2466 et
435 2405 569 2487 proptor
587 2399 651 2467 boc
668 2417 687 2467 a
713 2397 930 2487 complicibus
955 2397 1049 2466 ducis
1068 2397 1162 2486 capi-

39 2501 98 2583 tur;
124 2497 181 2564 ubi
201 2499 293 2566 multi
316 2498 467 2565 homines
489 2498 569 2584 igne
586 2499 764 2586 perierunt.
797 2497 905 2566 ltlulto
929 2498 1035 2565 eciam
1060 2513 1161 2565 exer-

39 2595 96 2662 citu
118 2595 197 2665 hinc
221 2596 300 2666 inde
325 2603 534 2683 congregato
552 2596 595 2665 ad
612 2615 759 2686 pugnam
776 2613 845 2665 non
863 2601 916 2664 est
932 2601 1162 2685 progressum,

40 2693 93 2761 sod
108 2695 267 2764 incendia
291 2695 442 2765 villarum
468 2701 502 2763 et
525 2695 782 2785 depredationes
801 2700 834 2763 at
850 2696 1059 2763 vastationes
1078 2695 1162 2761 civi-

39 2797 129 2861 tatum
157 2801 193 2864 et
219 2801 400 2864 castrorum
426 2793 516 2862 liunt.
547 2794 653 2864 Jussu
675 2795 770 2882 regio
796 2793 885 2862 bollo
903 2799 1021 2881 treuge
1040 2809 1162 2862 succc-

38 2888 117 2959 dunt.

102 2987 180 3060 Otto
207 2991 387 3060 cardinalis
406 3009 425 3059 a
444 2989 549 3060 Daoie
573 2990 721 3081 partibus
748 2989 920 3060 Coloniam
937 2991 1078 3060 veniens
1096 2990 1161 3059 ibi-

41 3084 106 3155 dcm
121 3091 278 3159 natalem
286 3090 410 3159 domini
433 3090 578 3158 celebrat
585 3091 843 3182 ‚sollempniter
863 3096 1016 3181 receptus
1040 3097 1073 3159 ct
1093 3090 1161 3160 ho-

41 3195 177 3258 noratus.
203 3188 286 3258 lnde
310 3189 472 3258 recedens
491 3189 580 3278 apud
601 3189 806 3278 Harbipolim
825 3190 1001 3260 concilium
1021 3189 1161 3279 provin·

42 3284 113 3354 ciale
133 3287 258 3356 indicit.
284 3287 353 3357 Sed
376 3288 593 3357 renitentibus
618 3288 823 3378 principibus
848 3289 960 3374 laicis,
986 3293 1020 3358 et
1043 3289 1161 3378 paucis

44 3384 245 3454 ecclesiarum
262 3388 398 3476 prelatis
416 3387 646 3476 venientibus,
665 3389 769 3455 iratus
787 3388 938 3456 recessit.

104 3484 229 3554 Eodem
248 3504 336 3554 anno
354 3487 566 3575 imperatora
583 3505 683 3600 papa·
689 3485 873 3554 absolvitur
890 3485 1057 3554 mediante
1075 3484 1162 3553 duce

41 3575 159 3652 dustria
177 3584 341 3674 Lupoldo
369 3583 432 3666 Qui
448 3591 590 3653 tractatu
609 3586 703 3674 pacis
723 3590 861 3698 peracto
882 3585 968 3653 inter
985 3602 1106 3672 papam
1128 3588 1163 3652 ot

43 3676 275 3774 imperatorem,
305 3683 394 3774 apud
417 3690 568 3753 sanctum
594 3684 816 3753 Germanum
806 3699 840 3750 m
859 3683 1038 3772 Campania
1056 3684 1162 3752 mori-

45 3780 95 3845 tur.
131 3781 231 3851 Cuius
259 3784 389 3852 viscera
414 3789 448 3851 et
472 3799 591 3852 carnes
615 3785 650 3852 in
678 3783 824 3870 capitulo
851 3783 958 3850 sancti
989 3781 1162 3851 Benedicti

45 3881 151 3949 montis
175 3882 394 3954 cassinensis
416 3883 635 3974 tumulantur,
655 3881 790 3951 ossibus
808 3883 843 3950 in
859 3879 1026 3950 Austriam
1044 3899 1161 3972 repor-

46 3975 118 4044 tatis.

108 4075 200 4148 rinno
220 4079 343 4148 domini
362 4098 401 4147 m
405 4079 553 4148 comxxxi.
572 4080 754 4194 imperator
774 4076 863 4150 lacta
879 4097 964 4170 pace
983 4097 1055 4149 cum
1073 4097 1162 4169 papa

48 4169 83 4236 ad
98 4177 230 4247 eandem
249 4197 397 4248 mensam
415 4180 636 4248 convivatur'
626 4197 660 4246 m
674 4179 808 4248 civitate
819 4198 906 4270 pape
926 4197 991 4268 que
1005 4177 1161 4265 Anagnia

48 4265 170 4343 dicitnr
161 4296 194 4346 m
212 4280 375 4348 cenaculo
394 4295 481 4368 pape
501 4295 603 4367 super
619 4283 794 4368 paternum
811 4277 950 4348 landum
967 4279 1160 4348 constituto
