<?xml version="1.0" encoding="UTF-8"?>
<!DOCTYPE html PUBLIC "-//W3C//DTD XHTML 1.0 Transitional//EN"
    "http://www.w3.org/TR/xhtml1/DTD/xhtml1-transitional.dtd">
<html xmlns="http://www.w3.org/1999/xhtml" xml:lang="en" lang="en">
 <head>
  <title>
</title>
<meta http-equiv="Content-Type" content="text/html;charset=utf-8" />
  <meta name='ocr-system' content='tesseract 3.04.00' />
  <meta name='ocr-capabilities' content='ocr_page ocr_carea ocr_par ocr_line ocrx_word'/>
</head>
<body>
  <div class='ocr_page' id='page_1' title='image "./fontesrerumgerm00hubegoog_0271.png"; bbox 0 0 2878 4834; ppageno 0'>
   <div class='ocr_carea' id='block_1_1' title="bbox 270 213 1029 292">
    <p class='ocr_par' dir='ltr' id='par_1_1' title="bbox 270 213 1029 292">
     <span class='ocr_line' id='line_1_1' title="bbox 270 213 1029 292; baseline 0.014 -10"><span class='ocrx_word' id='word_1_1' title='bbox 270 213 343 284; x_wconf 87' lang='grc'><strong>208</strong></span> <span class='ocrx_word' id='word_1_2' title='bbox 644 246 773 292; x_wconf 75' lang='lat' dir='ltr'><strong>aramus</strong></span> <span class='ocrx_word' id='word_1_3' title='bbox 794 245 1029 292; x_wconf 79' lang='lat' dir='ltr'><strong>womrmars</strong></span> 
     </span>
    </p>
   </div>
   <div class='ocr_carea' id='block_1_2' title="bbox 188 380 1434 4136">
    <p class='ocr_par' dir='ltr' id='par_1_2' title="bbox 188 380 1434 3438">
     <span class='ocr_line' id='line_1_2' title="bbox 188 380 1391 476; baseline 0.006 -26"><span class='ocrx_word' id='word_1_4' title='bbox 188 384 255 440; x_wconf 78' lang='lat'><strong>¹298</strong></span> <span class='ocrx_word' id='word_1_5' title='bbox 269 380 478 450; x_wconf 88' lang='lat' dir='ltr'><strong>blisuensem</strong></span> <span class='ocrx_word' id='word_1_6' title='bbox 508 384 544 450; x_wconf 93' lang='lat' dir='ltr'><strong>in</strong></span> <span class='ocrx_word' id='word_1_7' title='bbox 570 385 763 472; x_wconf 78' lang='lat' dir='ltr'><strong>asperrimis</strong></span> <span class='ocrx_word' id='word_1_8' title='bbox 794 382 973 470; x_wconf 76' lang='lat' dir='ltr'>frigoribus</span> <span class='ocrx_word' id='word_1_9' title='bbox 999 383 1174 452; x_wconf 87' lang='lat' dir='ltr'><strong>debellarit</strong></span> <span class='ocrx_word' id='word_1_10' title='bbox 1196 387 1391 476; x_wconf 91' lang='lat' dir='ltr'><strong>imperioque</strong></span> 
     </span>
     <span class='ocr_line' id='line_1_3' title="bbox 268 481 1434 574; baseline 0.008 -26"><span class='ocrx_word' id='word_1_11' title='bbox 268 481 449 567; x_wconf 79' lang='lat' dir='ltr'><strong>subegerit.</strong></span> <span class='ocrx_word' id='word_1_12' title='bbox 482 482 524 550; x_wconf 87' lang='lat' dir='ltr'><strong>Et</strong></span> <span class='ocrx_word' id='word_1_13' title='bbox 547 481 625 550; x_wconf 93' lang='lat' dir='ltr'><strong>dum</strong></span> <span class='ocrx_word' id='word_1_14' title='bbox 650 483 795 571; x_wconf 89' lang='lat' dir='ltr'><strong>quodam</strong></span> <span class='ocrx_word' id='word_1_15' title='bbox 825 500 915 550; x_wconf 90' lang='lat' dir='ltr'><strong>auno</strong></span> <span class='ocrx_word' id='word_1_16' title='bbox 938 485 974 550; x_wconf 92' lang='lat' dir='ltr'><strong>in</strong></span> <span class='ocrx_word' id='word_1_17' title='bbox 1000 484 1155 552; x_wconf 85' lang='lat' dir='ltr'><strong>auxilium</strong></span> <span class='ocrx_word' id='word_1_18' title='bbox 1181 487 1254 572; x_wconf 88' lang='lat' dir='ltr'><strong>regi</strong></span> <span class='ocrx_word' id='word_1_19' title='bbox 1276 485 1391 574; x_wconf 88' lang='lat' dir='ltr'><strong>Anglie</strong></span> <span class='ocrx_word' id='word_1_20' title='bbox 1433 519 1434 534; x_wconf 42' lang='grc' dir='ltr'><strong>ι</strong></span> 
     </span>
     <span class='ocr_line' id='line_1_4' title="bbox 266 575 1434 675; baseline 0.005 -28"><span class='ocrx_word' id='word_1_21' title='bbox 266 579 434 648; x_wconf 88' lang='lat' dir='ltr'><strong>veniendo</strong></span> <span class='ocrx_word' id='word_1_22' title='bbox 454 587 571 650; x_wconf 91' lang='lat' dir='ltr'><strong>contra</strong></span> <span class='ocrx_word' id='word_1_23' title='bbox 586 575 843 668; x_wconf 81' lang='lat' dir='ltr'><strong>regemlrancie</strong></span> <span class='ocrx_word' id='word_1_24' title='bbox 859 581 1106 670; x_wconf 80' lang='lat' dir='ltr'><strong>expeditionem</strong></span> <span class='ocrx_word' id='word_1_25' title='bbox 1120 585 1328 675; x_wconf 77' lang='lat' dir='ltr'><strong>instauraret,</strong></span> <span class='ocrx_word' id='word_1_26' title='bbox 1344 606 1393 654; x_wconf 93' lang='lat' dir='ltr'><strong>ar·</strong></span> <span class='ocrx_word' id='word_1_27' title='bbox 1433 619 1434 663; x_wconf 71' lang='grc' dir='ltr'><strong>ι</strong></span> 
     </span>
     <span class='ocr_line' id='line_1_5' title="bbox 267 678 1434 773; baseline 0.004 -25"><span class='ocrx_word' id='word_1_28' title='bbox 267 678 504 768; x_wconf 91' lang='lat' dir='ltr'><strong>chiepiscopus</strong></span> <span class='ocrx_word' id='word_1_29' title='bbox 521 680 742 766; x_wconf 86' lang='lat' dir='ltr'><strong>Mogontinus</strong></span> <span class='ocrx_word' id='word_1_30' title='bbox 761 681 950 749; x_wconf 88' lang='lat' dir='ltr'><strong>Gcrhardus</strong></span> <span class='ocrx_word' id='word_1_31' title='bbox 967 681 1011 749; x_wconf 91' lang='lat' dir='ltr'><strong>de</strong></span> <span class='ocrx_word' id='word_1_32' title='bbox 1027 682 1246 773; x_wconf 88' lang='lat' dir='ltr'><strong>Eppeustciu,</strong></span> <span class='ocrx_word' id='word_1_33' title='bbox 1264 687 1392 772; x_wconf 88' lang='lat' dir='ltr'><strong>episoo-</strong></span> <span class='ocrx_word' id='word_1_34' title='bbox 1433 737 1434 762; x_wconf 44' lang='grc' dir='ltr'><strong>ι</strong></span> 
     </span>
     <span class='ocr_line' id='line_1_6' title="bbox 267 779 1434 870; baseline 0.004 -24"><span class='ocrx_word' id='word_1_35' title='bbox 267 796 386 867; x_wconf 90' lang='lat' dir='ltr'><strong>porum</strong></span> <span class='ocrx_word' id='word_1_36' title='bbox 403 780 625 866; x_wconf 76' lang='lat' dir='ltr'><strong>comitumque</strong></span> <span class='ocrx_word' id='word_1_37' title='bbox 647 798 731 848; x_wconf 91' lang='lat' dir='ltr'><strong>usus</strong></span> <span class='ocrx_word' id='word_1_38' title='bbox 749 781 911 870; x_wconf 91' lang='lat' dir='ltr'><strong>consiliis,</strong></span> <span class='ocrx_word' id='word_1_39' title='bbox 929 779 974 848; x_wconf 94' lang='lat' dir='ltr'><strong>ob</strong></span> <span class='ocrx_word' id='word_1_40' title='bbox 991 780 1070 848; x_wconf 89' lang='lat' dir='ltr'><strong>dicti</strong></span> <span class='ocrx_word' id='word_1_41' title='bbox 1086 783 1177 867; x_wconf 91' lang='lat' dir='ltr'><strong>regis</strong></span> <span class='ocrx_word' id='word_1_42' title='bbox 1194 783 1392 852; x_wconf 89' lang='lat' dir='ltr'><strong>humihatio-</strong></span> <span class='ocrx_word' id='word_1_43' title='bbox 1433 827 1434 838; x_wconf 29' lang='grc' dir='ltr'><strong>ι</strong></span> 
     </span>
     <span class='ocr_line' id='line_1_7' title="bbox 267 876 1434 967; baseline 0.007 -24"><span class='ocrx_word' id='word_1_44' title='bbox 267 895 343 944; x_wconf 90' lang='lat' dir='ltr'><strong>nem</strong></span> <span class='ocrx_word' id='word_1_45' title='bbox 370 876 486 946; x_wconf 83' lang='lat' dir='ltr'><strong>fraude</strong></span> <span class='ocrx_word' id='word_1_46' title='bbox 510 879 642 947; x_wconf 89' lang='lat' dir='ltr'><strong>occulta</strong></span> <span class='ocrx_word' id='word_1_47' title='bbox 666 879 848 967; x_wconf 86' lang='lat' dir='ltr'><strong>laboravit,</strong></span> <span class='ocrx_word' id='word_1_48' title='bbox 872 897 941 948; x_wconf 92' lang='lat' dir='ltr'><strong>non</strong></span> <span class='ocrx_word' id='word_1_49' title='bbox 959 882 1139 966; x_wconf 79' lang='lat' dir='ltr'><strong>quiescens</strong></span> <span class='ocrx_word' id='word_1_50' title='bbox 1163 879 1273 949; x_wconf 89' lang='lat' dir='ltr'><strong>donec</strong></span> <span class='ocrx_word' id='word_1_51' title='bbox 1289 901 1391 951; x_wconf 82' lang='lat' dir='ltr'><strong>rene·</strong></span> <span class='ocrx_word' id='word_1_52' title='bbox 1433 919 1434 962; x_wconf 70' lang='lat'>1</span> 
     </span>
     <span class='ocr_line' id='line_1_8' title="bbox 266 977 1392 1068; baseline 0.005 -24"><span class='ocrx_word' id='word_1_53' title='bbox 266 994 346 1044; x_wconf 92' lang='lat' dir='ltr'><strong>num</strong></span> <span class='ocrx_word' id='word_1_54' title='bbox 372 983 483 1045; x_wconf 85' lang='lat' dir='ltr'><strong>mente</strong></span> <span class='ocrx_word' id='word_1_55' title='bbox 508 985 707 1066; x_wconf 93' lang='lat' dir='ltr'><strong>conceptum</strong></span> <span class='ocrx_word' id='word_1_56' title='bbox 725 977 902 1046; x_wconf 86' lang='lat' dir='ltr'><strong>crudeliter</strong></span> <span class='ocrx_word' id='word_1_57' title='bbox 918 984 1113 1068; x_wconf 83' lang='lat' dir='ltr'><strong>exspueret,</strong></span> <span class='ocrx_word' id='word_1_58' title='bbox 1131 997 1292 1049; x_wconf 90' lang='lat' dir='ltr'><strong>asserens</strong></span> <span class='ocrx_word' id='word_1_59' title='bbox 1311 982 1392 1068; x_wconf 91' lang='lat' dir='ltr'><strong>quod</strong></span> 
     </span>
     <span class='ocr_line' id='line_1_9' title="bbox 268 1074 1391 1166; baseline 0.005 -24"><span class='ocrx_word' id='word_1_60' title='bbox 268 1081 346 1143; x_wconf 90' lang='lat' dir='ltr'><strong>aute</strong></span> <span class='ocrx_word' id='word_1_61' title='bbox 371 1077 571 1144; x_wconf 78' lang='lat' dir='ltr'><strong>electionem</strong></span> <span class='ocrx_word' id='word_1_62' title='bbox 594 1079 685 1163; x_wconf 91' lang='lat' dir='ltr'><strong>regis</strong></span> <span class='ocrx_word' id='word_1_63' title='bbox 709 1074 822 1145; x_wconf 92' lang='lat' dir='ltr'><strong>Adolii</strong></span> <span class='ocrx_word' id='word_1_64' title='bbox 845 1078 1114 1166; x_wconf 90' lang='lat' dir='ltr'><strong>pollicitaciones</strong></span> <span class='ocrx_word' id='word_1_65' title='bbox 1132 1078 1175 1147; x_wconf 91' lang='lat' dir='ltr'><strong>de</strong></span> <span class='ocrx_word' id='word_1_66' title='bbox 1193 1079 1391 1148; x_wconf 83' lang='lat' dir='ltr'><strong>conserendo</strong></span> 
     </span>
     <span class='ocr_line' id='line_1_10' title="bbox 267 1174 1390 1266; baseline 0.003 -24"><span class='ocrx_word' id='word_1_67' title='bbox 267 1191 373 1260; x_wconf 88' lang='lat' dir='ltr'><strong>reguo</strong></span> <span class='ocrx_word' id='word_1_68' title='bbox 392 1174 478 1243; x_wconf 87' lang='lat' dir='ltr'><strong>lacte</strong></span> <span class='ocrx_word' id='word_1_69' title='bbox 496 1181 614 1244; x_wconf 91' lang='lat' dir='ltr'><strong>essent</strong></span> <span class='ocrx_word' id='word_1_70' title='bbox 626 1174 764 1245; x_wconf 90' lang='lat' dir='ltr'><strong>Alberto</strong></span> <span class='ocrx_word' id='word_1_71' title='bbox 782 1175 858 1244; x_wconf 92' lang='lat' dir='ltr'><strong>duci</strong></span> <span class='ocrx_word' id='word_1_72' title='bbox 874 1175 1020 1266; x_wconf 90' lang='lat' dir='ltr'><strong>Austrie,</strong></span> <span class='ocrx_word' id='word_1_73' title='bbox 1036 1177 1104 1245; x_wconf 93' lang='lat' dir='ltr'><strong>hlio</strong></span> <span class='ocrx_word' id='word_1_74' title='bbox 1121 1180 1213 1264; x_wconf 90' lang='lat' dir='ltr'><strong>regis</strong></span> <span class='ocrx_word' id='word_1_75' title='bbox 1232 1179 1390 1266; x_wconf 67' lang='lat' dir='ltr'><strong>quomam</strong></span> 
     </span>
     <span class='ocr_line' id='line_1_11' title="bbox 266 1272 1434 1364; baseline 0.003 -23"><span class='ocrx_word' id='word_1_76' title='bbox 266 1272 409 1362; x_wconf 85' lang='lat' dir='ltr'><strong>lludclii,</strong></span> <span class='ocrx_word' id='word_1_77' title='bbox 427 1274 491 1342; x_wconf 92' lang='lat' dir='ltr'><strong>sub</strong></span> <span class='ocrx_word' id='word_1_78' title='bbox 516 1277 614 1342; x_wconf 93' lang='lat' dir='ltr'><strong>certis</strong></span> <span class='ocrx_word' id='word_1_79' title='bbox 633 1277 862 1354; x_wconf 86' lang='lat' dir='ltr'><strong>instrumentis</strong></span> <span class='ocrx_word' id='word_1_80' title='bbox 885 1293 947 1364; x_wconf 88' lang='lat' dir='ltr'><strong>por</strong></span> <span class='ocrx_word' id='word_1_81' title='bbox 969 1275 1115 1345; x_wconf 90' lang='lat' dir='ltr'><strong>idoneos</strong></span> <span class='ocrx_word' id='word_1_82' title='bbox 1135 1277 1280 1345; x_wconf 90' lang='lat' dir='ltr'><strong>barones</strong></span> <span class='ocrx_word' id='word_1_83' title='bbox 1298 1281 1393 1346; x_wconf 88' lang='lat' dir='ltr'><strong>iuter·</strong></span> <span class='ocrx_word' id='word_1_84' title='bbox 1433 1319 1434 1322; x_wconf 59' lang='lat'><em>=</em></span> 
     </span>
     <span class='ocr_line' id='line_1_12' title="bbox 266 1373 1434 1466; baseline 0.004 -26"><span class='ocrx_word' id='word_1_85' title='bbox 266 1375 410 1442; x_wconf 91' lang='lat' dir='ltr'><strong>nuncios</strong></span> <span class='ocrx_word' id='word_1_86' title='bbox 435 1373 500 1440; x_wconf 92' lang='lat' dir='ltr'><strong>sibi</strong></span> <span class='ocrx_word' id='word_1_87' title='bbox 521 1375 637 1442; x_wconf 87' lang='lat' dir='ltr'><strong>missit.</strong></span> <span class='ocrx_word' id='word_1_88' title='bbox 662 1375 712 1442; x_wconf 86' lang='lat' dir='ltr'><strong>lta</strong></span> <span class='ocrx_word' id='word_1_89' title='bbox 728 1373 858 1442; x_wconf 86' lang='lat' dir='ltr'><strong>induxit</strong></span> <span class='ocrx_word' id='word_1_90' title='bbox 875 1376 1058 1462; x_wconf 92' lang='lat' dir='ltr'><strong>episcopus</strong></span> <span class='ocrx_word' id='word_1_91' title='bbox 1074 1373 1254 1465; x_wconf 76' lang='lat' dir='ltr'><strong>Allienum,</strong></span> <span class='ocrx_word' id='word_1_92' title='bbox 1272 1381 1310 1444; x_wconf 89' lang='lat' dir='ltr'><strong>et</strong></span> <span class='ocrx_word' id='word_1_93' title='bbox 1325 1395 1393 1466; x_wconf 92' lang='lat' dir='ltr'><strong>per·</strong></span> <span class='ocrx_word' id='word_1_94' title='bbox 1433 1391 1434 1402; x_wconf 57' lang='lat'>¹</span> 
     </span>
     <span class='ocr_line' id='line_1_13' title="bbox 268 1472 1434 1562; baseline 0.003 -23"><span class='ocrx_word' id='word_1_95' title='bbox 268 1473 377 1540; x_wconf 92' lang='lat' dir='ltr'><strong>suasit</strong></span> <span class='ocrx_word' id='word_1_96' title='bbox 397 1478 435 1539; x_wconf 91' lang='lat' dir='ltr'><strong>nt</strong></span> <span class='ocrx_word' id='word_1_97' title='bbox 460 1473 603 1541; x_wconf 91' lang='lat' dir='ltr'><strong>collecto</strong></span> <span class='ocrx_word' id='word_1_98' title='bbox 628 1475 777 1542; x_wconf 89' lang='lat' dir='ltr'><strong>exercitu</strong></span> <span class='ocrx_word' id='word_1_99' title='bbox 800 1472 844 1542; x_wconf 93' lang='lat' dir='ltr'><strong>ad</strong></span> <span class='ocrx_word' id='word_1_100' title='bbox 869 1480 981 1562; x_wconf 90' lang='lat' dir='ltr'><strong>partes</strong></span> <span class='ocrx_word' id='word_1_101' title='bbox 1005 1472 1112 1542; x_wconf 89' lang='lat' dir='ltr'><strong>Rheni</strong></span> <span class='ocrx_word' id='word_1_102' title='bbox 1134 1477 1264 1543; x_wconf 91' lang='lat' dir='ltr'><strong>veniret</strong></span> <span class='ocrx_word' id='word_1_103' title='bbox 1280 1475 1327 1543; x_wconf 90' lang='lat' dir='ltr'><strong>ad</strong></span> <span class='ocrx_word' id='word_1_104' title='bbox 1344 1495 1393 1544; x_wconf 75' lang='lat' dir='ltr'><strong>ca-</strong></span> <span class='ocrx_word' id='word_1_105' title='bbox 1433 1503 1434 1534; x_wconf 74' lang='grc' dir='ltr'><strong>ι</strong></span> 
     </span>
     <span class='ocr_line' id='line_1_14' title="bbox 267 1569 1434 1660; baseline -0.002 -23"><span class='ocrx_word' id='word_1_106' title='bbox 267 1569 426 1658; x_wconf 89' lang='lat' dir='ltr'><strong>piendum</strong></span> <span class='ocrx_word' id='word_1_107' title='bbox 454 1572 624 1659; x_wconf 89' lang='lat' dir='ltr'><strong>imperium</strong></span> <span class='ocrx_word' id='word_1_108' title='bbox 648 1571 691 1640; x_wconf 92' lang='lat' dir='ltr'><strong>ad</strong></span> <span class='ocrx_word' id='word_1_109' title='bbox 721 1571 813 1660; x_wconf 93' lang='lat' dir='ltr'><strong>quod</strong></span> <span class='ocrx_word' id='word_1_110' title='bbox 838 1578 939 1640; x_wconf 88' lang='lat' dir='ltr'><strong>antea</strong></span> <span class='ocrx_word' id='word_1_111' title='bbox 962 1571 1070 1640; x_wconf 88' lang='lat' dir='ltr'><strong>luerat</strong></span> <span class='ocrx_word' id='word_1_112' title='bbox 1095 1573 1306 1660; x_wconf 84' lang='lat' dir='ltr'><strong>designatus</strong></span> <span class='ocrx_word' id='word_1_113' title='bbox 1338 1573 1393 1656; x_wconf 82' lang='lat' dir='ltr'><strong>Qui</strong></span> <span class='ocrx_word' id='word_1_114' title='bbox 1433 1621 1434 1635; x_wconf 28' lang='grc' dir='ltr'><strong>ι</strong></span> 
     </span>
     <span class='ocr_line' id='line_1_15' title="bbox 267 1669 1393 1762; baseline 0.004 -26"><span class='ocrx_word' id='word_1_115' title='bbox 267 1669 325 1736; x_wconf 84' lang='lat' dir='ltr'><strong>vix</strong></span> <span class='ocrx_word' id='word_1_116' title='bbox 344 1669 492 1738; x_wconf 90' lang='lat' dir='ltr'><strong>conlisus</strong></span> <span class='ocrx_word' id='word_1_117' title='bbox 507 1669 619 1738; x_wconf 88' lang='lat' dir='ltr'><strong>verbis</strong></span> <span class='ocrx_word' id='word_1_118' title='bbox 639 1671 900 1762; x_wconf 90' lang='lat' dir='ltr'><strong>archiepiscopi,</strong></span> <span class='ocrx_word' id='word_1_119' title='bbox 922 1673 979 1758; x_wconf 92' lang='lat' dir='ltr'><strong>qui</strong></span> <span class='ocrx_word' id='word_1_120' title='bbox 999 1673 1108 1759; x_wconf 93' lang='lat' dir='ltr'><strong>ipsum</strong></span> <span class='ocrx_word' id='word_1_121' title='bbox 1124 1675 1230 1761; x_wconf 92' lang='lat' dir='ltr'><strong>primo</strong></span> <span class='ocrx_word' id='word_1_122' title='bbox 1258 1674 1393 1742; x_wconf 89' lang='lat' dir='ltr'><strong>electum</strong></span> 
     </span>
     <span class='ocr_line' id='line_1_16' title="bbox 268 1766 1394 1860; baseline 0.005 -25"><span class='ocrx_word' id='word_1_123' title='bbox 268 1766 523 1837; x_wconf 81' lang='lat' dir='ltr'><strong>defraudaverat</strong></span> <span class='ocrx_word' id='word_1_124' title='bbox 535 1768 692 1838; x_wconf 89' lang='lat' dir='ltr'><strong>Adollam</strong></span> <span class='ocrx_word' id='word_1_125' title='bbox 708 1769 918 1858; x_wconf 84' lang='lat' dir='ltr'><strong>preferendo.</strong></span> <span class='ocrx_word' id='word_1_126' title='bbox 935 1771 1059 1838; x_wconf 85' lang='lat' dir='ltr'><strong>Tamen</strong></span> <span class='ocrx_word' id='word_1_127' title='bbox 1073 1773 1262 1860; x_wconf 89' lang='lat' dir='ltr'><strong>conscripto</strong></span> <span class='ocrx_word' id='word_1_128' title='bbox 1277 1791 1394 1859; x_wconf 90' lang='lat' dir='ltr'><strong>magno</strong></span> 
     </span>
     <span class='ocr_line' id='line_1_17' title="bbox 268 1868 1393 1960; baseline 0.004 -25"><span class='ocrx_word' id='word_1_129' title='bbox 268 1869 433 1958; x_wconf 85' lang='lat' dir='ltr'><strong>exercitu,</strong></span> <span class='ocrx_word' id='word_1_130' title='bbox 449 1873 484 1936; x_wconf 89' lang='lat' dir='ltr'><strong>et</strong></span> <span class='ocrx_word' id='word_1_131' title='bbox 499 1868 649 1938; x_wconf 91' lang='lat' dir='ltr'><strong>collectis</strong></span> <span class='ocrx_word' id='word_1_132' title='bbox 663 1869 706 1937; x_wconf 92' lang='lat' dir='ltr'><strong>de</strong></span> <span class='ocrx_word' id='word_1_133' title='bbox 724 1869 872 1956; x_wconf 92' lang='lat' dir='ltr'><strong>Ungaria</strong></span> <span class='ocrx_word' id='word_1_134' title='bbox 890 1875 924 1937; x_wconf 87' lang='lat' dir='ltr'><strong>et</strong></span> <span class='ocrx_word' id='word_1_135' title='bbox 938 1870 1098 1938; x_wconf 88' lang='lat' dir='ltr'><strong>Bohemia</strong></span> <span class='ocrx_word' id='word_1_136' title='bbox 1112 1872 1295 1956; x_wconf 88' lang='lat' dir='ltr'><strong>sagittariis</strong></span> <span class='ocrx_word' id='word_1_137' title='bbox 1314 1874 1393 1960; x_wconf 93' lang='lat' dir='ltr'><strong>opti-</strong></span> 
     </span>
     <span class='ocr_line' id='line_1_18' title="bbox 267 1966 1434 2058; baseline 0.003 -23"><span class='ocrx_word' id='word_1_138' title='bbox 267 1968 330 2035; x_wconf 90' lang='lat' dir='ltr'><strong>mis</strong></span> <span class='ocrx_word' id='word_1_139' title='bbox 349 1966 412 2036; x_wconf 89' lang='lat' dir='ltr'><strong>sed</strong></span> <span class='ocrx_word' id='word_1_140' title='bbox 427 1967 606 2036; x_wconf 89' lang='lat' dir='ltr'><strong>inermibus</strong></span> <span class='ocrx_word' id='word_1_141' title='bbox 607 1969 799 2058; x_wconf 91' lang='lat' dir='ltr'><strong>,impulsus</strong></span> <span class='ocrx_word' id='word_1_142' title='bbox 819 1969 1053 2056; x_wconf 90' lang='lat' dir='ltr'><strong>episcoporum</strong></span> <span class='ocrx_word' id='word_1_143' title='bbox 1073 1975 1107 2038; x_wconf 92' lang='lat' dir='ltr'><strong>et</strong></span> <span class='ocrx_word' id='word_1_144' title='bbox 1128 1971 1283 2038; x_wconf 88' lang='lat' dir='ltr'><strong>comitum</strong></span> <span class='ocrx_word' id='word_1_145' title='bbox 1302 1972 1434 2038; x_wconf 91' lang='lat' dir='ltr'><strong>huius</strong></span> <span class='ocrx_word' id='word_1_146' title='bbox 1433 1999 1434 2004; x_wconf 41' lang='lat'>¹</span> 
     </span>
     <span class='ocr_line' id='line_1_19' title="bbox 266 2065 1434 2158; baseline 0.001 -24"><span class='ocrx_word' id='word_1_147' title='bbox 266 2071 353 2134; x_wconf 89' lang='lat' dir='ltr'><strong>terre</strong></span> <span class='ocrx_word' id='word_1_148' title='bbox 374 2067 523 2135; x_wconf 87' lang='lat' dir='ltr'><strong>consiliis</strong></span> <span class='ocrx_word' id='word_1_149' title='bbox 539 2073 574 2134; x_wconf 91' lang='lat' dir='ltr'><strong>et</strong></span> <span class='ocrx_word' id='word_1_150' title='bbox 588 2068 730 2158; x_wconf 80' lang='lat' dir='ltr'><strong>auxiliiS,</strong></span> <span class='ocrx_word' id='word_1_151' title='bbox 745 2069 882 2136; x_wconf 90' lang='lat' dir='ltr'><strong>transito</strong></span> <span class='ocrx_word' id='word_1_152' title='bbox 895 2065 1012 2136; x_wconf 89' lang='lat' dir='ltr'><strong>Rheno</strong></span> <span class='ocrx_word' id='word_1_153' title='bbox 1029 2069 1124 2136; x_wconf 87' lang='lat' dir='ltr'><strong>iuxta</strong></span> <span class='ocrx_word' id='word_1_154' title='bbox 1138 2067 1434 2155; x_wconf 83' lang='lat' dir='ltr'><strong>Argentoratum</strong></span> 
     </span>
     <span class='ocr_line' id='line_1_20' title="bbox 268 2164 1434 2254; baseline 0.004 -21"><span class='ocrx_word' id='word_1_155' title='bbox 268 2164 460 2254; x_wconf 90' lang='lat' dir='ltr'><strong>descendit,</strong></span> <span class='ocrx_word' id='word_1_156' title='bbox 485 2165 595 2251; x_wconf 86' lang='lat' dir='ltr'><strong>figens</strong></span> <span class='ocrx_word' id='word_1_157' title='bbox 619 2168 763 2236; x_wconf 90' lang='lat' dir='ltr'><strong>tentoria</strong></span> <span class='ocrx_word' id='word_1_158' title='bbox 780 2183 843 2235; x_wconf 91' lang='lat' dir='ltr'><strong>sua</strong></span> <span class='ocrx_word' id='word_1_159' title='bbox 859 2168 951 2234; x_wconf 85' lang='lat' dir='ltr'><strong>iuxta</strong></span> <span class='ocrx_word' id='word_1_160' title='bbox 967 2169 1141 2235; x_wconf 91' lang='lat' dir='ltr'><strong>castellum</strong></span> <span class='ocrx_word' id='word_1_161' title='bbox 1156 2165 1285 2236; x_wconf 85' lang='lat' dir='ltr'><strong>Alzeia</strong></span> <span class='ocrx_word' id='word_1_162' title='bbox 1323 2168 1434 2237; x_wconf 89' lang='lat' dir='ltr'><strong>Ad-</strong></span> 
     </span>
     <span class='ocr_line' id='line_1_21' title="bbox 265 2264 1434 2356; baseline 0.003 -24"><span class='ocrx_word' id='word_1_163' title='bbox 265 2265 475 2350; x_wconf 90' lang='lat' dir='ltr'><strong>veniensque</strong></span> <span class='ocrx_word' id='word_1_164' title='bbox 488 2264 758 2353; x_wconf 90' lang='lat' dir='ltr'><strong>archiepiscopus</strong></span> <span class='ocrx_word' id='word_1_165' title='bbox 777 2283 850 2333; x_wconf 94' lang='lat' dir='ltr'><strong>oum</strong></span> <span class='ocrx_word' id='word_1_166' title='bbox 864 2265 992 2334; x_wconf 84' lang='lat' dir='ltr'><strong>civibus</strong></span> <span class='ocrx_word' id='word_1_167' title='bbox 1004 2265 1326 2352; x_wconf 88' lang='lat' dir='ltr'><strong>Mogontinensibus</strong></span> <span class='ocrx_word' id='word_1_168' title='bbox 1339 2267 1434 2356; x_wconf 87' lang='lat' dir='ltr'><strong>dc-</strong></span> 
     </span>
     <span class='ocr_line' id='line_1_22' title="bbox 265 2361 1434 2454; baseline 0.003 -23"><span class='ocrx_word' id='word_1_169' title='bbox 265 2367 482 2431; x_wconf 87' lang='lat' dir='ltr'><strong>vastavcrunt</strong></span> <span class='ocrx_word' id='word_1_170' title='bbox 499 2361 586 2432; x_wconf 92' lang='lat' dir='ltr'><strong>idern</strong></span> <span class='ocrx_word' id='word_1_171' title='bbox 605 2363 779 2453; x_wconf 90' lang='lat' dir='ltr'><strong>oppidum,</strong></span> <span class='ocrx_word' id='word_1_172' title='bbox 798 2364 968 2451; x_wconf 83' lang='lat' dir='ltr'><strong>elegitque</strong></span> <span class='ocrx_word' id='word_1_173' title='bbox 985 2363 1048 2454; x_wconf 92' lang='lat' dir='ltr'><strong>ibi,</strong></span> <span class='ocrx_word' id='word_1_174' title='bbox 1072 2366 1145 2433; x_wconf 89' lang='lat' dir='ltr'><strong>aliis</strong></span> <span class='ocrx_word' id='word_1_175' title='bbox 1164 2367 1434 2434; x_wconf 89' lang='lat' dir='ltr'><strong>contradiccu</strong></span> 
     </span>
     <span class='ocr_line' id='line_1_23' title="bbox 266 2461 1434 2553; baseline 0.002 -23"><span class='ocrx_word' id='word_1_176' title='bbox 266 2461 356 2530; x_wconf 92' lang='lat' dir='ltr'><strong>tibus</strong></span> <span class='ocrx_word' id='word_1_177' title='bbox 375 2466 409 2530; x_wconf 89' lang='lat' dir='ltr'><strong>et</strong></span> <span class='ocrx_word' id='word_1_178' title='bbox 426 2461 621 2530; x_wconf 86' lang='lat' dir='ltr'><strong>absentibus</strong></span> <span class='ocrx_word' id='word_1_179' title='bbox 640 2463 868 2553; x_wconf 89' lang='lat' dir='ltr'><strong>electoribus,</strong></span> <span class='ocrx_word' id='word_1_180' title='bbox 892 2462 1015 2531; x_wconf 89' lang='lat' dir='ltr'><strong>dictum</strong></span> <span class='ocrx_word' id='word_1_181' title='bbox 1032 2462 1202 2532; x_wconf 89' lang='lat' dir='ltr'><strong>Albertum</strong></span> <span class='ocrx_word' id='word_1_182' title='bbox 1221 2465 1370 2534; x_wconf 89' lang='lat' dir='ltr'><strong>ducem</strong></span> <span class='ocrx_word' id='word_1_183' title='bbox 1362 2484 1434 2534; x_wconf 87' lang='grc' dir='ltr'><strong>ιι</strong></span> 
     </span>
     <span class='ocr_line' id='line_1_24' title="bbox 266 2555 1390 2652; baseline 0.004 -24"><span class='ocrx_word' id='word_1_184' title='bbox 266 2578 382 2646; x_wconf 87' lang='lat' dir='ltr'><strong>rogem</strong></span> <span class='ocrx_word' id='word_1_185' title='bbox 400 2560 488 2648; x_wconf 88' lang='lat' dir='ltr'><strong>apud</strong></span> <span class='ocrx_word' id='word_1_186' title='bbox 506 2562 616 2629; x_wconf 91' lang='lat' dir='ltr'><strong>villam</strong></span> <span class='ocrx_word' id='word_1_187' title='bbox 643 2555 872 2630; x_wconf 90' lang='lat' dir='ltr'><strong>Schalbusen1</strong></span> <span class='ocrx_word' id='word_1_188' title='bbox 889 2565 1159 2650; x_wconf 86' lang='lat' dir='ltr'><strong>pertractantes</strong></span> <span class='ocrx_word' id='word_1_189' title='bbox 1149 2565 1293 2632; x_wconf 89' lang='lat' dir='ltr'><strong>rnviocm</strong></span> <span class='ocrx_word' id='word_1_190' title='bbox 1314 2583 1390 2652; x_wconf 92' lang='lat' dir='ltr'><strong>quc-</strong></span> 
     </span>
     <span class='ocr_line' id='line_1_25' title="bbox 265 2658 1434 2750; baseline 0 -22"><span class='ocrx_word' id='word_1_191' title='bbox 265 2658 366 2728; x_wconf 91' lang='lat' dir='ltr'><strong>mcdo</strong></span> <span class='ocrx_word' id='word_1_192' title='bbox 391 2661 651 2730; x_wconf 90' lang='lat' dir='ltr'><strong>amantissimum</strong></span> <span class='ocrx_word' id='word_1_193' title='bbox 683 2678 798 2747; x_wconf 89' lang='lat' dir='ltr'><strong>regem</strong></span> <span class='ocrx_word' id='word_1_194' title='bbox 823 2658 980 2730; x_wconf 87' lang='lat' dir='ltr'><strong>Adollam</strong></span> <span class='ocrx_word' id='word_1_195' title='bbox 1002 2662 1182 2749; x_wconf 89' lang='lat' dir='ltr'><strong>perderent</strong></span> <span class='ocrx_word' id='word_1_196' title='bbox 1206 2664 1434 2750; x_wconf 89' lang='lat' dir='ltr'><strong>occiderent</strong></span> 
     </span>
     <span class='ocr_line' id='line_1_26' title="bbox 265 2757 1434 2852; baseline 0 -24"><span class='ocrx_word' id='word_1_197' title='bbox 265 2759 321 2828; x_wconf 87' lang='lat' dir='ltr'><strong>vel</strong></span> <span class='ocrx_word' id='word_1_198' title='bbox 344 2760 522 2846; x_wconf 90' lang='lat' dir='ltr'><strong>privarent.</strong></span> <span class='ocrx_word' id='word_1_199' title='bbox 548 2758 621 2827; x_wconf 81' lang='lat' dir='ltr'><strong>iliis</strong></span> <span class='ocrx_word' id='word_1_200' title='bbox 646 2761 693 2828; x_wconf 91' lang='lat' dir='ltr'><strong>ita</strong></span> <span class='ocrx_word' id='word_1_201' title='bbox 714 2759 836 2828; x_wconf 90' lang='lat' dir='ltr'><strong>habitis</strong></span> <span class='ocrx_word' id='word_1_202' title='bbox 859 2779 918 2828; x_wconf 86' lang='lat' dir='ltr'><strong>rex</strong></span> <span class='ocrx_word' id='word_1_203' title='bbox 936 2757 1041 2828; x_wconf 87' lang='lat' dir='ltr'><strong>Adoll</strong></span> <span class='ocrx_word' id='word_1_204' title='bbox 1025 2761 1077 2829; x_wconf 87' lang='lat' dir='ltr'><strong>lus</strong></span> <span class='ocrx_word' id='word_1_205' title='bbox 1098 2763 1240 2830; x_wconf 92' lang='lat' dir='ltr'><strong>collecta</strong></span> <span class='ocrx_word' id='word_1_206' title='bbox 1259 2764 1434 2852; x_wconf 89' lang='lat' dir='ltr'><strong>copiosa</strong></span> 
     </span>
     <span class='ocr_line' id='line_1_27' title="bbox 266 2857 1434 2952; baseline 0.002 -28"><span class='ocrx_word' id='word_1_207' title='bbox 266 2876 383 2947; x_wconf 90' lang='lat' dir='ltr'><strong>manu,</strong></span> <span class='ocrx_word' id='word_1_208' title='bbox 402 2857 530 2927; x_wconf 89' lang='lat' dir='ltr'><strong>habens</strong></span> <span class='ocrx_word' id='word_1_209' title='bbox 550 2876 664 2926; x_wconf 90' lang='lat' dir='ltr'><strong>secum</strong></span> <span class='ocrx_word' id='word_1_210' title='bbox 681 2859 767 2926; x_wconf 91' lang='lat' dir='ltr'><strong>inter</strong></span> <span class='ocrx_word' id='word_1_211' title='bbox 784 2859 869 2927; x_wconf 92' lang='lat' dir='ltr'><strong>alios</strong></span> <span class='ocrx_word' id='word_1_212' title='bbox 888 2859 993 2928; x_wconf 91' lang='lat' dir='ltr'><strong>duces</strong></span> <span class='ocrx_word' id='word_1_213' title='bbox 1012 2866 1046 2928; x_wconf 89' lang='lat' dir='ltr'><strong>et</strong></span> <span class='ocrx_word' id='word_1_214' title='bbox 1058 2861 1202 2929; x_wconf 92' lang='lat' dir='ltr'><strong>barones</strong></span> <span class='ocrx_word' id='word_1_215' title='bbox 1213 2861 1434 2952; x_wconf 81' lang='lat' dir='ltr'><strong>Palatinum</strong></span> 
     </span>
     <span class='ocr_line' id='line_1_28' title="bbox 267 2955 1434 3049; baseline 0.002 -26"><span class='ocrx_word' id='word_1_216' title='bbox 267 2957 419 3024; x_wconf 85' lang='lat' dir='ltr'><strong>comitem</strong></span> <span class='ocrx_word' id='word_1_217' title='bbox 436 2955 612 3026; x_wconf 89' lang='lat' dir='ltr'><strong>Rudollum</strong></span> <span class='ocrx_word' id='word_1_218' title='bbox 630 2957 748 3025; x_wconf 90' lang='lat' dir='ltr'><strong>ducem</strong></span> <span class='ocrx_word' id='word_1_219' title='bbox 764 2958 923 3049; x_wconf 90' lang='lat' dir='ltr'><strong>Bavarie,</strong></span> <span class='ocrx_word' id='word_1_220' title='bbox 943 2977 1039 3026; x_wconf 92' lang='lat' dir='ltr'><strong>suum</strong></span> <span class='ocrx_word' id='word_1_221' title='bbox 1057 2960 1228 3028; x_wconf 85' lang='lat' dir='ltr'><strong>filiastrum</strong></span> <span class='ocrx_word' id='word_1_222' title='bbox 1247 2967 1283 3028; x_wconf 93' lang='lat' dir='ltr'><strong>et</strong></span> <span class='ocrx_word' id='word_1_223' title='bbox 1269 2961 1434 3030; x_wconf 84' lang='lat' dir='ltr'><strong>tilium</strong></span> 
     </span>
     <span class='ocr_line' id='line_1_29' title="bbox 267 3053 1387 3172; baseline 0.001 -49"><span class='ocrx_word' id='word_1_224' title='bbox 267 3056 392 3123; x_wconf 90' lang='lat' dir='ltr'><strong>sororis</strong></span> <span class='ocrx_word' id='word_1_225' title='bbox 410 3053 487 3122; x_wconf 91' lang='lat' dir='ltr'><strong>dicti</strong></span> <span class='ocrx_word' id='word_1_226' title='bbox 505 3055 600 3124; x_wconf 91' lang='lat' dir='ltr'><strong>ducis</strong></span> <span class='ocrx_word' id='word_1_227' title='bbox 617 3053 750 3125; x_wconf 91' lang='lat' dir='ltr'><strong>Austrie</strong></span> <span class='ocrx_word' id='word_1_228' title='bbox 767 3055 910 3147; x_wconf 90' lang='lat' dir='ltr'><strong>Alberti,</strong></span> <span class='ocrx_word' id='word_1_229' title='bbox 928 3059 1100 3127; x_wconf 92' lang='lat' dir='ltr'><strong>insecutus</strong></span> <span class='ocrx_word' id='word_1_230' title='bbox 1119 3077 1192 3128; x_wconf 93' lang='lat' dir='ltr'><strong>eum</strong></span> <span class='ocrx_word' id='word_1_231' title='bbox 1210 3061 1387 3172; x_wconf 85' lang='lat' dir='ltr'><strong>papiliones</strong></span> 
     </span>
     <span class='ocr_line' id='line_1_30' title="bbox 266 3151 1387 3242; baseline 0.003 -22"><span class='ocrx_word' id='word_1_232' title='bbox 266 3153 302 3220; x_wconf 94' lang='lat' dir='ltr'><strong>in</strong></span> <span class='ocrx_word' id='word_1_233' title='bbox 318 3157 413 3240; x_wconf 92' lang='lat' dir='ltr'><strong>prato</strong></span> <span class='ocrx_word' id='word_1_234' title='bbox 431 3151 660 3242; x_wconf 88' lang='lat' dir='ltr'><strong>Happenheim</strong></span> <span class='ocrx_word' id='word_1_235' title='bbox 677 3156 862 3224; x_wconf 90' lang='lat' dir='ltr'><strong>collocavit.</strong></span> <span class='ocrx_word' id='word_1_236' title='bbox 889 3155 975 3224; x_wconf 83' lang='lat' dir='ltr'><strong>Cui</strong></span> <span class='ocrx_word' id='word_1_237' title='bbox 965 3177 1000 3225; x_wconf 91' lang='grc' dir='ltr'><strong>ιιι</strong></span> <span class='ocrx_word' id='word_1_238' title='bbox 1018 3159 1173 3226; x_wconf 89' lang='lat' dir='ltr'><strong>auxilium</strong></span> <span class='ocrx_word' id='word_1_239' title='bbox 1191 3160 1285 3227; x_wconf 89' lang='lat' dir='ltr'><strong>cives</strong></span> <span class='ocrx_word' id='word_1_240' title='bbox 1296 3159 1387 3226; x_wconf 88' lang='lat' dir='ltr'><strong>Wor-</strong></span> 
     </span>
     <span class='ocr_line' id='line_1_31' title="bbox 266 3253 1386 3346; baseline 0.002 -26"><span class='ocrx_word' id='word_1_241' title='bbox 266 3253 452 3320; x_wconf 88' lang='lat' dir='ltr'><strong>macicnses</strong></span> <span class='ocrx_word' id='word_1_242' title='bbox 479 3253 715 3322; x_wconf 90' lang='lat' dir='ltr'><strong>honorabiliter</strong></span> <span class='ocrx_word' id='word_1_243' title='bbox 739 3264 961 3324; x_wconf 91' lang='lat' dir='ltr'><strong>occurrerunt.</strong></span> <span class='ocrx_word' id='word_1_244' title='bbox 997 3257 1065 3326; x_wconf 90' lang='lat' dir='ltr'><strong>Sed</strong></span> <span class='ocrx_word' id='word_1_245' title='bbox 1084 3257 1160 3324; x_wconf 90' lang='lat' dir='ltr'><strong>dum</strong></span> <span class='ocrx_word' id='word_1_246' title='bbox 1178 3275 1238 3326; x_wconf 89' lang='lat' dir='ltr'><strong>rex</strong></span> <span class='ocrx_word' id='word_1_247' title='bbox 1256 3275 1296 3327; x_wconf 90' lang='lat' dir='ltr'><strong>se</strong></span> <span class='ocrx_word' id='word_1_248' title='bbox 1314 3273 1386 3346; x_wconf 92' lang='lat' dir='ltr'><strong>pro-</strong></span> 
     </span>
     <span class='ocr_line' id='line_1_32' title="bbox 268 3351 1257 3438; baseline 0.005 -20"><span class='ocrx_word' id='word_1_249' title='bbox 268 3351 418 3438; x_wconf 90' lang='lat' dir='ltr'><strong>cingerct</strong></span> <span class='ocrx_word' id='word_1_250' title='bbox 437 3357 551 3420; x_wconf 92' lang='lat' dir='ltr'><strong>contra</strong></span> <span class='ocrx_word' id='word_1_251' title='bbox 568 3353 685 3422; x_wconf 90' lang='lat' dir='ltr'><strong>hostes</strong></span> <span class='ocrx_word' id='word_1_252' title='bbox 702 3354 805 3423; x_wconf 90' lang='lat' dir='ltr'><strong>iturus</strong></span> <span class='ocrx_word' id='word_1_253' title='bbox 823 3355 914 3422; x_wconf 90' lang='lat' dir='ltr'><strong>bona</strong></span> <span class='ocrx_word' id='word_1_254' title='bbox 930 3354 1063 3424; x_wconf 83' lang='lat' dir='ltr'><strong>fortuna</strong></span> <span class='ocrx_word' id='word_1_255' title='bbox 1079 3355 1257 3424; x_wconf 90' lang='lat' dir='ltr'><strong>redierunt.</strong></span> 
     </span>
    </p>

    <p class='ocr_par' dir='ltr' id='par_1_3' title="bbox 343 3449 1385 3544">
     <span class='ocr_line' id='line_1_33' title="bbox 343 3449 1385 3544; baseline 0 -25"><span class='ocrx_word' id='word_1_256' title='bbox 343 3449 504 3538; x_wconf 88' lang='lat' dir='ltr'><strong>Sequenti</strong></span> <span class='ocrx_word' id='word_1_257' title='bbox 529 3451 582 3520; x_wconf 90' lang='lat' dir='ltr'><strong>die</strong></span> <span class='ocrx_word' id='word_1_258' title='bbox 607 3451 684 3520; x_wconf 92' lang='lat' dir='ltr'><strong>dum</strong></span> <span class='ocrx_word' id='word_1_259' title='bbox 708 3451 775 3520; x_wconf 88' lang='lat' dir='ltr'><strong>dux</strong></span> <span class='ocrx_word' id='word_1_260' title='bbox 797 3452 956 3523; x_wconf 92' lang='lat' dir='ltr'><strong>Albertus</strong></span> <span class='ocrx_word' id='word_1_261' title='bbox 973 3455 1143 3544; x_wconf 90' lang='lat' dir='ltr'><strong>paulisper</strong></span> <span class='ocrx_word' id='word_1_262' title='bbox 1160 3473 1180 3522; x_wconf 88' lang='lat' dir='ltr'><strong>a</strong></span> <span class='ocrx_word' id='word_1_263' title='bbox 1196 3456 1274 3524; x_wconf 91' lang='lat' dir='ltr'><strong>loco</strong></span> <span class='ocrx_word' id='word_1_264' title='bbox 1292 3453 1385 3522; x_wconf 90' lang='lat' dir='ltr'><strong>decli-</strong></span> 
     </span>
    </p>

    <p class='ocr_par' dir='ltr' id='par_1_4' title="bbox 266 3550 1384 4136">
     <span class='ocr_line' id='line_1_34' title="bbox 266 3550 1384 3644; baseline -0.001 -27"><span class='ocrx_word' id='word_1_265' title='bbox 266 3555 379 3641; x_wconf 89' lang='lat' dir='ltr'><strong>naret,</strong></span> <span class='ocrx_word' id='word_1_266' title='bbox 411 3551 567 3638; x_wconf 90' lang='lat' dir='ltr'><strong>opinatus</strong></span> <span class='ocrx_word' id='word_1_267' title='bbox 592 3568 651 3618; x_wconf 89' lang='lat' dir='ltr'><strong>rex</strong></span> <span class='ocrx_word' id='word_1_268' title='bbox 676 3550 837 3637; x_wconf 81' lang='lat' dir='ltr'><strong>aufugere</strong></span> <span class='ocrx_word' id='word_1_269' title='bbox 863 3571 938 3620; x_wconf 89' lang='lat' dir='ltr'><strong>euru</strong></span> <span class='ocrx_word' id='word_1_270' title='bbox 963 3555 1067 3644; x_wconf 88' lang='lat' dir='ltr'><strong>velle,</strong></span> <span class='ocrx_word' id='word_1_271' title='bbox 1094 3555 1193 3622; x_wconf 89' lang='lat' dir='ltr'><strong>celeri</strong></span> <span class='ocrx_word' id='word_1_272' title='bbox 1219 3573 1338 3640; x_wconf 89' lang='lat' dir='ltr'><strong>gressu</strong></span> <span class='ocrx_word' id='word_1_273' title='bbox 1357 3554 1384 3617; x_wconf 90' lang='lat' dir='ltr'><strong>iu</strong></span> 
     </span>
     <span class='ocr_line' id='line_1_35' title="bbox 266 3648 1384 3740; baseline -0.002 -24"><span class='ocrx_word' id='word_1_274' title='bbox 266 3648 397 3718; x_wconf 86' lang='lat' dir='ltr'><strong>hostem</strong></span> <span class='ocrx_word' id='word_1_275' title='bbox 424 3648 667 3739; x_wconf 88' lang='lat' dir='ltr'><strong>debacchatur,</strong></span> <span class='ocrx_word' id='word_1_276' title='bbox 692 3651 935 3720; x_wconf 87' lang='lat' dir='ltr'><strong>transverberat</strong></span> <span class='ocrx_word' id='word_1_277' title='bbox 959 3659 993 3720; x_wconf 91' lang='lat' dir='ltr'><strong>et</strong></span> <span class='ocrx_word' id='word_1_278' title='bbox 1019 3653 1143 3720; x_wconf 89' lang='lat' dir='ltr'><strong>occidit</strong></span> <span class='ocrx_word' id='word_1_279' title='bbox 1164 3654 1255 3720; x_wconf 89' lang='lat' dir='ltr'><strong>illum</strong></span> <span class='ocrx_word' id='word_1_280' title='bbox 1282 3653 1335 3740; x_wconf 90' lang='lat' dir='ltr'><strong>qui</strong></span> <span class='ocrx_word' id='word_1_281' title='bbox 1357 3653 1384 3715; x_wconf 89' lang='lat' dir='ltr'><strong>io</strong></span> 
     </span>
     <span class='ocr_line' id='line_1_36' title="bbox 268 3749 1384 3836; baseline 0.002 -24"><span class='ocrx_word' id='word_1_282' title='bbox 268 3765 427 3814; x_wconf 88' lang='lat' dir='ltr'><strong>armorum</strong></span> <span class='ocrx_word' id='word_1_283' title='bbox 453 3749 648 3816; x_wconf 84' lang='lat' dir='ltr'><strong>similarnine</strong></span> <span class='ocrx_word' id='word_1_284' title='bbox 674 3751 819 3836; x_wconf 90' lang='lat' dir='ltr'><strong>oppositi</strong></span> <span class='ocrx_word' id='word_1_285' title='bbox 836 3749 931 3818; x_wconf 90' lang='lat' dir='ltr'><strong>ducis</strong></span> <span class='ocrx_word' id='word_1_286' title='bbox 950 3753 1155 3820; x_wconf 90' lang='lat' dir='ltr'><strong>occurrebat.</strong></span> <span class='ocrx_word' id='word_1_287' title='bbox 1181 3751 1268 3820; x_wconf 89' lang='lat' dir='ltr'><strong>Dum</strong></span> <span class='ocrx_word' id='word_1_288' title='bbox 1285 3754 1384 3836; x_wconf 85' lang='lat' dir='ltr'><strong>itaque</strong></span> 
     </span>
     <span class='ocr_line' id='line_1_37' title="bbox 268 3842 1383 3937; baseline -0.002 -25"><span class='ocrx_word' id='word_1_289' title='bbox 268 3862 327 3912; x_wconf 85' lang='lat' dir='ltr'><strong>rex</strong></span> <span class='ocrx_word' id='word_1_290' title='bbox 352 3842 492 3914; x_wconf 88' lang='lat' dir='ltr'><strong>Adollus</strong></span> <span class='ocrx_word' id='word_1_291' title='bbox 516 3848 549 3914; x_wconf 93' lang='lat' dir='ltr'><strong>in</strong></span> <span class='ocrx_word' id='word_1_292' title='bbox 575 3865 635 3934; x_wconf 91' lang='lat' dir='ltr'><strong>spe</strong></span> <span class='ocrx_word' id='word_1_293' title='bbox 658 3848 794 3915; x_wconf 91' lang='lat' dir='ltr'><strong>viriliter</strong></span> <span class='ocrx_word' id='word_1_294' title='bbox 810 3867 919 3936; x_wconf 89' lang='lat' dir='ltr'><strong>usque</strong></span> <span class='ocrx_word' id='word_1_295' title='bbox 937 3850 980 3918; x_wconf 91' lang='lat' dir='ltr'><strong>ad</strong></span> <span class='ocrx_word' id='word_1_296' title='bbox 997 3850 1229 3919; x_wconf 90' lang='lat' dir='ltr'><strong>lassitudinem</strong></span> <span class='ocrx_word' id='word_1_297' title='bbox 1247 3848 1383 3937; x_wconf 88' lang='lat' dir='ltr'><strong>corporis</strong></span> 
     </span>
     <span class='ocr_line' id='line_1_38' title="bbox 268 3941 1383 4036; baseline 0.001 -27"><span class='ocrx_word' id='word_1_298' title='bbox 268 3941 468 4034; x_wconf 90' lang='lat' dir='ltr'><strong>debellaret,</strong></span> <span class='ocrx_word' id='word_1_299' title='bbox 496 3944 563 4012; x_wconf 87' lang='lat' dir='ltr'><strong>dux</strong></span> <span class='ocrx_word' id='word_1_300' title='bbox 586 3947 727 4013; x_wconf 91' lang='lat' dir='ltr'><strong>Bavarie</strong></span> <span class='ocrx_word' id='word_1_301' title='bbox 746 3963 827 4014; x_wconf 89' lang='lat' dir='ltr'><strong>suus</strong></span> <span class='ocrx_word' id='word_1_302' title='bbox 846 3948 982 4016; x_wconf 87' lang='lat' dir='ltr'><strong>filiaster</strong></span> <span class='ocrx_word' id='word_1_303' title='bbox 999 3955 1094 4036; x_wconf 88' lang='lat' dir='ltr'><strong>terga</strong></span> <span class='ocrx_word' id='word_1_304' title='bbox 1111 3951 1208 4017; x_wconf 90' lang='lat' dir='ltr'><strong>vertit</strong></span> <span class='ocrx_word' id='word_1_305' title='bbox 1232 3951 1267 4017; x_wconf 89' lang='lat' dir='ltr'><strong>in</strong></span> <span class='ocrx_word' id='word_1_306' title='bbox 1285 3949 1383 4032; x_wconf 88' lang='lat' dir='ltr'><strong>lugan</strong></span> 
     </span>
     <span class='ocr_line' id='line_1_39' title="bbox 269 4041 1384 4136; baseline 0.003 -29"><span class='ocrx_word' id='word_1_307' title='bbox 269 4041 341 4108; x_wconf 91' lang='lat' dir='ltr'><strong>sine</strong></span> <span class='ocrx_word' id='word_1_308' title='bbox 369 4043 457 4108; x_wconf 88' lang='lat' dir='ltr'><strong>omni</strong></span> <span class='ocrx_word' id='word_1_309' title='bbox 475 4044 627 4132; x_wconf 91' lang='lat' dir='ltr'><strong>vulnere,</strong></span> <span class='ocrx_word' id='word_1_310' title='bbox 647 4046 717 4111; x_wconf 91' lang='lat' dir='ltr'><strong>suis</strong></span> <span class='ocrx_word' id='word_1_311' title='bbox 736 4047 888 4114; x_wconf 88' lang='lat' dir='ltr'><strong>omnibus</strong></span> <span class='ocrx_word' id='word_1_312' title='bbox 907 4065 981 4114; x_wconf 90' lang='lat' dir='ltr'><strong>eum</strong></span> <span class='ocrx_word' id='word_1_313' title='bbox 1000 4049 1216 4136; x_wconf 91' lang='lat' dir='ltr'><strong>sequentibus</strong></span> <span class='ocrx_word' id='word_1_314' title='bbox 1235 4054 1269 4116; x_wconf 89' lang='lat' dir='ltr'><strong>et</strong></span> <span class='ocrx_word' id='word_1_315' title='bbox 1285 4047 1384 4131; x_wconf 86' lang='lat' dir='ltr'><strong>lugan</strong></span> 
     </span>
    </p>
   </div>
   <div class='ocr_carea' id='block_1_3' title="bbox 267 4139 1382 4316">
    <p class='ocr_par' dir='ltr' id='par_1_5' title="bbox 267 4139 1382 4316">
     <span class='ocr_line' id='line_1_40' title="bbox 267 4139 1382 4235; baseline -0.001 -28"><span class='ocrx_word' id='word_1_316' title='bbox 267 4139 521 4229; x_wconf 88' lang='lat' dir='ltr'><strong>incutientibus,</strong></span> <span class='ocrx_word' id='word_1_317' title='bbox 555 4144 640 4210; x_wconf 90' lang='lat' dir='ltr'><strong>sicut</strong></span> <span class='ocrx_word' id='word_1_318' title='bbox 671 4161 744 4210; x_wconf 89' lang='lat' dir='ltr'><strong>cum</strong></span> <span class='ocrx_word' id='word_1_319' title='bbox 778 4146 943 4214; x_wconf 90' lang='lat' dir='ltr'><strong>avuncolo</strong></span> <span class='ocrx_word' id='word_1_320' title='bbox 975 4147 1124 4235; x_wconf 89' lang='lat' dir='ltr'><strong>predicto</strong></span> <span class='ocrx_word' id='word_1_321' title='bbox 1150 4145 1236 4214; x_wconf 74' lang='lat' dir='ltr'><strong>dirce</strong></span> <span class='ocrx_word' id='word_1_322' title='bbox 1261 4145 1382 4215; x_wconf 90' lang='lat' dir='ltr'><strong>Alborto</strong></span> 
     </span>
     <span class='ocr_line' id='line_1_41' title="bbox 305 4246 917 4316; baseline 0.003 -12"><span class='ocrx_word' id='word_1_323' title='bbox 305 4250 334 4316; x_wconf 91' lang='lat' dir='ltr'><strong>l)</strong></span> <span class='ocrx_word' id='word_1_324' title='bbox 352 4248 412 4304; x_wconf 86' lang='lat' dir='ltr'><strong>eine</strong></span> <span class='ocrx_word' id='word_1_325' title='bbox 431 4246 510 4301; x_wconf 89' lang='lat' dir='ltr'><strong>balbe</strong></span> <span class='ocrx_word' id='word_1_326' title='bbox 529 4250 625 4302; x_wconf 89' lang='lat' dir='ltr'><strong>stunde</strong></span> <span class='ocrx_word' id='word_1_327' title='bbox 643 4251 738 4308; x_wconf 78' lang='lat' dir='ltr'><strong>bellich</strong></span> <span class='ocrx_word' id='word_1_328' title='bbox 756 4269 811 4306; x_wconf 89' lang='lat' dir='ltr'><strong>von</strong></span> <span class='ocrx_word' id='word_1_329' title='bbox 829 4253 917 4307; x_wconf 86' lang='lat' dir='ltr'><strong>Alzei.</strong></span> 
     </span>
    </p>
   </div>
   <div class='ocr_carea' id='block_1_4' title="bbox 0 0 1444 4834">
    <p class='ocr_par' dir='ltr' id='par_1_6' title="bbox 0 0 1444 4834">
     <span class='ocr_line' id='line_1_42' title="bbox 0 0 1444 4834; baseline 0 0"><span class='ocrx_word' id='word_1_330' title='bbox 0 0 1444 4834; x_wconf 95' lang='lat' dir='ltr'><strong> </strong></span> 
     </span>
    </p>
   </div>
  </div>
 </body>
</html>
