2884 4834
403 237 565 286 eontatotts
587 239 623 284 ot
644 239 811 286 tostinum.
1103 209 1171 276 137

19 429 20 434 ,
62 385 111 446 tero
125 377 415 462 maguntinensem
433 365 536 466 super¹
552 384 670 447 sancta
688 397 771 467 pace
790 385 895 466 terre,
915 397 980 465 quo
999 377 1041 446 ab
1060 378 1169 446 ornni·
1189 387 1257 440 taos

62 478 108 543 bus
132 478 222 544 terris
250 478 375 566 imperii
403 476 544 545 contusa
569 477 763 567 succubuit,
782 479 960 545 tractaturi.
993 474 1057 558 Qui
1075 477 1174 544 etiam

14 613 16 636 2
58 576 206 664 principes
233 594 292 663 per
318 594 355 644 se
381 576 436 644 vel
463 595 523 664 per
549 594 631 644 suos
656 578 790 646 nuntios
818 577 1045 664 scDempnes,
1065 581 1175 663 preter

58 675 205 742 lominum
234 675 475 744 Trevcrensem
499 681 533 744 et
550 674 669 744 ducem
688 678 861 744 bauwarie
879 676 1078 764 palatinum,
1108 693 1173 742 ve-

15 800 21 836 ι
56 779 157 842 nerunt
173 776 316 842 termino
334 777 519 861 assignato.
553 774 696 843 Vocavit
715 777 812 844 etiarn
831 774 1000 842 dominum
1018 771 1173 842 Adollam

54 874 262 942 llonanorum
280 891 394 960 regem
408 873 452 942 ad
466 875 574 962 ipsum
586 877 768 952 terminum,
787 874 956 942 tractaturi
971 891 1072 962 super
1085 879 1174 942 statu

53 979 121 1040 terre
137 970 252 1062 bono,
281 991 346 1060 que
374 973 484 1040 multis
508 972 751 1042 discriminibus
777 992 797 1042 a
822 980 971 1062 tempore
994 991 1055 1040 sue
1074 991 1173 1041 crea-

52 1073 134 1138 tionis
153 1073 188 1140 in
207 1089 322 1158 regem
341 1089 505 1161 oppressa
523 1071 593 1140 luit.
1063 1107 1067 1116 ·

112 1169 276 1240 Dominus
303 1188 383 1239 vero
410 1170 478 1240 dux
502 1168 636 1240 Austrie
665 1173 760 1240 terris
787 1173 857 1240 suis
881 1174 914 1240 in
937 1170 1173 1258 tranquillitate

51 1269 224 1360 dispositiS,
243 1271 425 1359 assumptis
444 1288 559 1338 secum
576 1270 662 1340 duce
682 1272 839 1360 Saxonie,
862 1271 947 1340 buce
966 1266 1099 1359 Opulie,
1118 1271 1174 1357 qui

51 1369 139 1438 enuit
173 1371 272 1438 vices
306 1376 340 1438 et
370 1371 423 1438 ius
450 1371 540 1456 regis
566 1370 787 1438 Bobemorum
814 1377 960 1458 tempora
987 1369 1173 1458 electionis,

50 1468 289 1538 marchionibus
314 1468 446 1538 duobus
473 1468 515 1537 de
546 1469 806 1560 Brundenburg,
832 1469 961 1538 babens
983 1469 1017 1536 in
1042 1467 1174 1537 adiuto-

51 1568 117 1634 rium
151 1569 243 1636 circa
274 1567 401 1638 Renum
432 1567 600 1637 dominum
621 1569 853 1656 Maguntinum
875 1568 1173 1656 archiepiscopum,

51 1665 206 1734 lominum
225 1666 413 1736 Conradum
431 1669 628 1757 episcopum
644 1668 927 1755 Argentinensem
951 1667 993 1736 de
1010 1666 1174 1736 Liebtcn-

51 1763 138 1855 berg,
158 1765 331 1834 dominum
355 1766 544 1836 lleinrioum
566 1770 761 1856 episcopum
784 1767 1094 1856 constantiensem,
1113 1784 1174 1834 oo-

50 1865 134 1932 nites
160 1865 204 1934 de
223 1865 407 1952 Fridburgo
430 1866 646 1954 Wirtenborg
657 1867 825 1954 biningen
844 1866 1079 1953 Werdenberg
1092 1865 1174 1933 Vel·

51 1961 143 2032 denne
172 1965 414 2053 Geminipcntis
437 1965 594 2035 Hirsutcs
617 1974 651 2035 et
677 1967 875 2056 silvestres,
901 1984 975 2034 oum
993 1963 1172 2034 baronibus

51 2061 84 2129 de
108 2060 316 2132 Obsenstein
340 2064 382 2134 de
406 2065 644 2152 Liebteoberg.
687 2066 746 2134 His
774 2067 820 2133 ita
851 2064 1074 2152 preordinatis
1107 2063 1172 2133 dux

50 2157 172 2232 bustric
190 2179 378 2249 aggressus
405 2172 457 2232 est
473 2166 535 2234 iter
552 2166 585 2234 in
603 2167 737 2233 nomino
759 2163 881 2234 domini
899 2182 1018 2232 versus
1036 2163 1173 2249 Renum,

52 2261 185 2348 stipatus
204 2263 315 2330 multis
332 2263 472 2332 sortibus
490 2263 533 2332 (le
550 2263 686 2332 nustria
703 2263 846 2332 Caristia
857 2265 1001 2350 lingaria
1016 2262 1175 2332 bohemia

52 2377 105 2427 nec
136 2378 207 2430 non
233 2362 367 2430 aliunde
398 2365 509 2432 multis
535 2363 739 2452 principibus
766 2369 798 2432 et
822 2362 1009 2452 nobilibuS,
1037 2379 1174 2450 quorum

8 2540 9 2548 ἵ
51 2455 142 2528 iratus
163 2463 321 2530 comitatu
337 2470 373 2530 ut
389 2462 444 2531 leo
464 2462 558 2530 lortis
577 2468 671 2530 extra
689 2464 846 2532 terminos
865 2479 946 2530 suos
965 2462 1125 2552 pervenit,
1139 2467 1175 2528 ut

51 2555 164 2626 lictum
182 2566 236 2628 est
254 2565 345 2628 trans
363 2560 552 2629 Danubium
570 2567 684 2630 contra
701 2561 836 2630 Renum.

6 2710 10 2741 ,
113 2656 186 2728 llec
204 2658 346 2728 audiens
365 2659 518 2730 dominus
536 2659 679 2729 Adollus
697 2679 756 2729 rex
772 2660 1011 2749 Romanorum,
1030 2659 1174 2727 collecto

7 2754 11 2823 l
50 2759 186 2826 exercitu
218 2777 341 2845 magno
373 2778 446 2828 curn
476 2759 619 2829 dominis
651 2757 775 2828 Ottone
802 2767 835 2827 et
859 2757 1002 2828 Rudollo
1033 2756 1174 2826 ducibus

7 2826 9 2923 l
46 2853 216 2954 'Bauwarie
226 2911 236 2948 ,
256 2857 430 2926 comitibus
448 2858 711 2928 deHellenstein
725 2865 759 2928 et
775 2859 848 2926 aliis
867 2859 976 2927 multis
995 2856 1174 2946 nobibbus,

51 2956 257 3025 rodominus
275 2954 431 3026 Albertus
450 2958 518 3030 dux
534 2957 668 3028 Austrie
686 2958 728 3026 arl
747 2960 919 3026 terminum
937 2955 999 3026 sibi
1017 2958 1175 3043 assigna-

50 3058 107 3122 tum
123 3057 264 3145 veniret,
284 3058 378 3126 nisus
397 3064 451 3126 est
466 3056 653 3147 prohibere,
671 3057 800 3126 iaciens
819 3059 849 3126 ei
866 3057 997 3125 obviam
1014 3055 1174 3125 inUlrnen

50 3151 130 3222 iuxta
158 3155 344 3224 Danubium
372 3158 405 3224 in
432 3175 530 3224 manu
547 3158 685 3245 potenti.
720 3155 881 3224 Dominus
908 3155 1067 3224 Albertus
1093 3173 1174 3224 vero

49 3249 106 3320 lux
129 3251 265 3322 Austrie
289 3273 357 3322 non
383 3273 509 3343 pavore
535 3257 589 3324 vel
612 3257 727 3324 timore
751 3273 938 3324 concussus
946 3309 956 3345 ,
983 3273 1057 3324 cum
1075 3255 1175 3322 intel-

49 3349 180 3420 lexisset
198 3353 290 3440 qrrod
308 3353 462 3424 domiuus
481 3352 623 3423 Adollus
643 3373 702 3423 rex
719 3353 940 3424 Romanorum
959 3373 997 3423 se
1017 3355 1046 3422 ei
1066 3370 1176 3441 oppo-

50 3458 148 3539 neret,
169 3471 288 3522 versus
306 3455 414 3541 ipsum
434 3473 530 3522 suum
544 3454 661 3522 direxit
680 3455 750 3522 iter.
765 3454 888 3522 Etcum
904 3449 1176 3521 dominusrldol·

49 3546 93 3618 lus
115 3559 250 3640 propter
268 3553 488 3640 pluralitatem
504 3555 670 3622 exercitus
680 3605 689 3642 ,
709 3571 806 3640 quern
825 3552 980 3621 dominus
999 3550 1066 3618 dux
1083 3546 1175 3617 Aus-

50 3651 99 3717 trie
117 3650 249 3737 babuit,
271 3651 305 3718 in
324 3654 450 3740 campis
470 3671 507 3721 se
526 3653 674 3740 recipere
692 3669 760 3718 non
780 3651 899 3720 luisset
917 3667 1039 3738 ausus,
1066 3654 1176 3716 trans-

50 3749 113 3815 tulit
131 3767 168 3818 se
187 3751 222 3818 in
241 3751 408 3818 civitatem
426 3753 563 3820 Ulmum.
590 3751 631 3826 Et
649 3751 698 3818 sic
713 3749 868 3818 dominus
887 3745 1097 3818 dtrxAustrie
1112 3765 1177 3836 po-

49 3852 145 3916 tenter
173 3849 325 3916 transivit
349 3867 458 3938 usque
486 3851 528 3920 od
556 3850 689 3920 lluvium
714 3849 814 3938 lieni,
840 3850 872 3916 in
892 3849 1057 3918 civitatem
1076 3847 1176 3916 Wal-

50 3944 171 4016 lesbut.
513 3941 516 3960 '

112 4046 182 4116 llcx
200 4052 311 4114 autem
330 4065 403 4114 cum
422 4047 565 4116 vidisset
583 4049 703 4116 seriem
722 4054 756 4115 et
774 4045 945 4115 audaciam
970 4047 1065 4116 drrcis
1083 4043 1177 4114 llus-

51 4147 109 4235 trie,
128 4151 319 4214 convocato
338 4147 462 4214 otrxilic
481 4148 692 4236 plurimorum
711 4146 920 4214 dominorum
939 4165 1073 4216 suorum
1092 4144 1177 4213 lrde-

49 4243 131 4333 lium,
159 4245 281 4314 lanatis
310 4244 449 4314 habenis
478 4248 568 4316 venit
595 4247 781 4333 Brisacum,
803 4263 876 4313 cum
895 4245 1003 4314 adhuc
1023 4243 1177 4313 dominos
