2890 4832
350 273 484 321 errorum
506 274 573 321 rrrr
595 275 620 320 s.
641 276 827 323 suerranum.
934 335 937 340 Ι
1085 246 1154 318 307

34 415 91 482 lam
114 415 255 482 animam
280 430 348 481 nou
373 412 507 480 intrabit
525 413 699 502 sapientia.
725 414 923 501 Intelligens
941 423 1050 484 autem
1069 415 1158 486 idem

33 516 98 602 ipse
121 513 304 582 Friderious
327 513 471 601 presulis
498 512 720 601 volunlatem,
748 513 838 602 quod
857 532 931 583 eum
950 515 1156 585 exheredare

33 613 143 704 vellet,
163 613 317 700 cognatis
335 612 548 699 conqueritur
564 617 598 680 et
615 613 738 696 amieis.
764 613 806 681 lit
823 631 904 682 eoeo
922 613 1022 682 llante
1041 615 1157 684 Beira-

34 712 132 802 mollr‚
158 715 254 781 ouius
281 711 403 778 halitus
428 727 552 798 prunas
578 710 694 780 ardore
715 711 812 803 iaeit,
832 714 881 781 sio
899 731 1085 782 suoeensus
1104 719 1159 782 εει

34 810 69 878 ad
92 813 289 900 episeopnm
313 809 592 900 interlieiendum,
620 817 656 878 ut
680 810 791 880 verbis
817 811 1018 880 sumentibus
1037 811 1158 882 carbo·

34 927 103 998 nes,
129 910 164 978 id
192 918 245 978 εει
271 909 434 977 satellites
463 926 564 999 suoS,
591 909 743 978 homines
761 912 795 978 in
814 911 936 980 malitia
954 913 1157 980 exercitatos

34 1016 61 1076 ει
76 1008 116 1077 ad
131 1027 232 1077 omne
251 1009 379 1076 laolnus
399 1025 535 1098 pronos,
554 1006 597 1076 ad
615 1008 823 1097 parricidium
841 1010 1157 1078 inflammaret-Fri-

34 1107 156 1176 derious
176 1108 278 1176 diario
298 1107 483 1176 Teutoniea
501 1113 571 1197 est,
591 1113 623 1175 et
642 1107 810 1194 signilroal
823 1111 917 1197 panis
936 1109 1079 1178 divitem.
1103 1105 1157 1176 Ad

35 1208 145 1275 misero
174 1210 231 1276 isti
257 1224 324 1275 uon
354 1207 419 1274 nisi
443 1223 504 1294 per
533 1206 766 1297 antiphrasim,
799 1207 913 1276 idest
942 1227 961 1276 a
991 1209 1157 1276 eontrario

35 1307 246 1392 congruebat.
272 1306 354 1374 Nam
381 1307 477 1394 paeis
495 1306 593 1394 inops
612 1311 696 1396 erat,
715 1308 810 1394 paeis
837 1308 987 1376 inimieos
1013 1307 1077 1374 sibi
1094 1323 1157 1376 so·

34 1406 128 1472 eians.
156 1406 240 1474 Mox
257 1404 380 1474 eultelli
398 1405 516 1474 lanoee
534 1422 635 1474 enses
654 1412 887 1496 preparantur,
913 1425 933 1474 a
951 1407 1072 1474 misero
1090 1406 1156 1474 mi-

35 1506 91 1570 seri
109 1504 204 1572 lalsis
223 1505 398 1592 promissis
416 1505 609 1572 animantur.
635 1503 706 1590 Epo
723 1523 804 1588 som,
819 1505 937 1594 inquit,
961 1522 1080 1588 comes,
1095 1521 1157 1572 oo·

33 1607 98 1668 stro
116 1602 225 1686 fortio
250 1602 374 1670 doleas
394 1609 426 1671 et
444 1608 577 1670 terram.
611 1601 687 1671 Duo
711 1623 755 1672 ee
777 1603 945 1688 frutribus
969 1605 1048 1672 nmis
1068 1605 1157 1688 epta·

34 1705 97 1786 sopor¹
113 1707 200 1770 suut.
227 1703 308 1770 Dua
333 1703 516 1772 Wnlromus
536 1707 570 1769 el
583 1705 671 1770 terre
692 1707 804 1771 nostre
812 1705 1061 1789 potentissimus
1078 1701 1157 1785 offi-

35 1803 78 1866 ois
91 1819 184 1869 meus
206 1807 272 1884 est,
287 1805 380 1870 arios
392 1803 481 1884 filius
496 1803 684 1868 comitatum
695 1803 896 1870 tinniensem
909 1801 1083 1870 lodtlmos
1098 1805 1158 1870 est.

36 1900 250 1968 Consobrinus
266 1919 337 1969 som
360 1901 548 1970 Theoderici
565 1902 693 1968 corallis
708 1901 882 1986 Clioeoels,
899 1902 990 1968 ortior
1003 1899 1157 1984 fratrue-

35 1997 69 2063 lis
83 2003 132 2065 ast
144 1998 265 2068 nobilis
279 2003 329 2068 alr
344 2000 384 2067 de
397 1999 587 2085 nemsoep.
603 1999 817 2084 Gadesridum
830 2001 977 2068 conulem
992 1999 1032 2065 de
1046 1999 1152 2066 Aras-

35 2095 121 2183 terp,
141 2098 295 2166 ottonem
310 2101 456 2168 comitem
474 2099 515 2166 de
535 2096 770 2186 Telelealmrq,
787 2099 1021 2166 Herimooonm
1035 2102 1157 2183 poren-

36 2199 91 2262 lem
107 2199 147 2265 de
165 2198 300 2284 Llppiu,
316 2204 349 2266 et
360 2200 446 2266 ulios
459 2196 662 2283 complures,
681 2200 810 2266 taleriis
828 2199 940 2283 offecit
960 2197 1033 2264 lesit
1049 2200 1082 2266 et
1102 2195 1158 2280 o(-

35 2293 145 2382 ferolt,
169 2316 229 2364 aee
247 2303 298 2364 est
320 2299 375 2383 poi
395 2299 588 2382 sanqualem
607 2299 679 2364 elus
700 2298 847 2366 uindicet.
883 2296 1084 2366 omnesaue
1105 2295 1157 2362 di-

37 2393 103 2462 lubo
124 2401 303 2482 protepom
325 2401 358 2464 et
383 2395 574 2464 sublimabo.
615 2395 728 2466 Simile
761 2395 918 2484 quiddam
947 2394 1158 2474 clandestino

36 2491 103 2561 huie
123 2495 313 2585 parrieidio,
328 2503 507 2584 antequam
520 2493 728 2564 oooideretur
742 2495 862 2564 beatus
878 2496 1071 2584 episeopus,
1088 2493 1159 2564 lra-

38 2595 80 2657 ler
95 2593 249 2664 Frideriei
267 2595 489 2681 Engelberlus
508 2593 637 2662 euidam
655 2595 800 2663 honesto
818 2595 927 2682 militi,
947 2595 1033 2662 siout
1051 2609 1158 2680 nuper

39 2690 73 2755 ab
98 2696 169 2762 eius
195 2712 252 2761 ore
279 2695 411 2784 audivi,
437 2697 630 2782 proposuit,
655 2696 701 2762 ita
726 2693 862 2764 dieens:
894 2693 987 2760 Tales
1012 2695 1046 2758 et
1073 2691 1159 2758 tulos
1274 2752 1277 2758 .

39 2797 106 2858 erent
126 2796 260 2880 coprus
281 2795 358 2876 mei,
382 2792 467 2860 tales
484 2797 517 2858 el
533 2793 618 2861 talea
641 2796 718 2862 suot
741 2793 857 2877 affines
880 2793 960 2873 mei,
990 2789 1159 2878 prediotos

41 2890 162 2960 nobiles
190 2895 387 2983 nominans,
421 2897 455 2958 et
480 2893 551 2976 quis
573 2891 651 2960 mill
675 2890 902 2976 fratribusque
933 2893 1013 2958 mas
1039 2905 1159 2958 nocere

36 2994 161 3068 possit?
192 2990 433 3079 Respondente
461 2991 588 3059 milite:
616 2991 734 3060 Nullus
760 3008 842 3058 sone
864 2991 990 3075 possit,
1016 2989 1160 3056 meane

40 3090 184 3168 quamdiu
202 3090 367 3158 oodooum
387 3095 438 3157 est
451 3091 599 3158 dominor
616 3095 649 3158 et
669 3093 830 3176 aequatus
845 3093 954 3156 uester
975 3086 1159 3172 orrtleptr-
1239 3121 1242 3128 ·

41 3201 146 3273 remes,
168 3189 224 3257 ille
247 3189 432 3258 subiunxit:
459 3190 629 3258 Portemus
651 3206 717 3257 noo
740 3205 916 3275 rrrperesse
935 3185 1159 3272 arehiepisco-

39 3300 121 3372 lmm,
145 3290 257 3374 eequis
279 3287 372 3356 nolis
389 3289 451 3355 olm
471 3289 525 3356 oel
538 3288 768 3357 contumelium
781 3287 907 3372 inferre
923 3287 1064 3372 posset?
1089 3283 1159 3354 Mi-

42 3381 83 3450 les
104 3387 238 3475 quidem
259 3388 430 3476 respondit
454 3389 540 3455 siout
565 3393 598 3455 et
618 3388 708 3476 prius
729 3385 967 3475 responderat,
993 3383 1054 3452 sed
1075 3384 1158 3452 satis

43 3479 199 3573 displicuit
223 3488 252 3554 ei
278 3487 331 3554 hio
353 3503 463 3555 sermo
481 3505 555 3555 oum
576 3493 698 3576 postea
719 3486 938 3574 comperisset
956 3499 1058 3570 quare
1078 3498 1159 3568 pro-

42 3578 114 3653 latus
133 3593 228 3654 esset
245 3586 287 3653 ab
301 3603 353 3654 eo.
378 3585 488 3673 Atque
508 3585 586 3654 inde
604 3583 724 3654 ooniiei
739 3590 852 3674 potest
865 3583 930 3652 hoe
947 3581 1160 3666 saerilegium

44 3697 99 3750 uon
125 3693 190 3753 tum
215 3687 371 3775 primum,
399 3703 473 3753 enm
497 3687 679 3774 episeopus
701 3685 836 3752 ooeisus
855 3688 924 3771 est,
949 3680 1053 3748 luisse
1072 3697 1159 3748 eou-

45 3789 177 3874 eeplum‚
205 3784 267 3852 sed
291 3784 346 3852 diu
370 3790 613 3872 pertraetatum.
640 3783 802 3852 Feruntur
825 3781 902 3850 huie
921 3779 1160 3868 conspirationi

44 3885 249 3951 eonsensisse
263 3883 413 3951 nonnulli
426 3891 602 3972 potentes,
622 3899 708 3970 quos
723 3882 810 3950 lama
826 3879 959 3968 quidem
974 3897 1041 3948 non
1060 3883 1159 3964 tanet,

45 3980 94 4046 sed
110 3989 243 4071 proptor
261 3991 390 4071 tempus
409 3984 580 4050 nominare
599 4000 666 4050 non
683 3983 770 4050 lieet.
790 3979 858 4050 Sed
876 3980 989 4047 veniet
1006 3975 1160 4046 narrandi

46 4083 260 4166 opportunitas
286 4081 418 4150 dieente
433 4083 624 4150 Salvatoro:
648 4079 738 4148 Nili!
751 4085 803 4148 est
824 4083 975 4164 opertum
993 4077 1084 4163 qood
1096 4091 1161 4142 nou

47 4179 210 4264 reveletur,
228 4185 262 4246 et
277 4181 440 4248 oecultum
458 4181 549 4266 quod
567 4195 632 4248 ooo
654 4183 791 4247 soletur.

106 4280 212 4364 Caput
226 4281 412 4348 seeundum.
439 4281 518 4350 Post
535 4278 656 4348 lestum
667 4275 818 4346 Omnium
838 4275 1034 4436 Saoggqrum
1045 4269 1158 4362 [1225
