2886 4834
294 193 339 260 56
661 221 824 270 cunonxcon
847 221 1054 268 ccunxmensn.

213 367 278 423 12⁷6
296 359 418 445 Accipe
440 360 530 445 pund
543 359 608 444 uis,
632 364 665 426 66
680 360 721 427 dc
740 361 812 427 63663
829 362 948 428 ordinm
963 363 1137 446 sapienter.
1165 361 1258 428 lunc
1275 357 1342 427 dvtx
1362 377 1417 426 ac·

296 459 401 546 ceptis
417 457 575 524 militibus
587 459 744 526 trecentis
760 458 884 549 Rheni,
904 460 1023 547 quibus
1037 478 1097 548 pre
1116 459 1190 528 aliis
1204 458 1321 526 melius
1338 476 1417 526 con·
1435 457 1436 546 l

294 556 435 647 fidebat,
464 558 497 623 in
520 557 635 624 silvam
659 575 763 644 prope
787 559 952 626 civitatem
971 559 1149 626 Nuenbure
1170 557 1362 644 collocavit,
1390 565 1436 622 et]

295 673 356 724 eos
373 655 416 722 ibi
433 661 530 742 prout
543 655 659 724 melius
675 662 805 744 poterat
820 657 1006 725 occultavit.
1033 657 1194 725 Dominus
1209 661 1318 725 autem
1333 657 1418 742 epis·

295 771 400 842 copus
423 753 486 822 sibi
507 755 634 840 positas
659 754 797 822 insidias
817 756 995 844 intellexit,
1014 755 1238 842 Bobemisque
1258 755 1436 822 civitatem*

297 851 549 920 custodiendam
575 852 718 921 tradidit.
751 854 792 921 Et
814 857 963 943 aucupiis
994 855 1106 922 miultis
1131 872 1174 922 ex
1199 853 1345 940 civibus
1368 855 1417 938 qui

297 951 360 1018 sibi
376 951 513 1038 suisque
534 950 686 1020 ducatum
707 952 902 1043 preberent,
926 953 1065 1021 insidias
1087 953 1218 1022 occulte
1241 970 1302 1040 pen
1328 951 1418 1018 devia

296 1049 429 1136 lugiens
436 1103 445 1139 ‚
464 1049 506 1117 ad
523 1052 647 1119 amicos
668 1053 820 1119 noscitur
836 1055 1044 1140 pervenisse.

368 1148 443 1216 Dux
459 1155 567 1216 autem
587 1151 620 1216 in
645 1149 773 1218 insidiis
794 1169 903 1238 usque
926 1150 968 1218 cd
992 1147 1105 1218 honam
1135 1166 1256 1218 nonam
1282 1146 1419 1215 ereditur

293 1249 520 1335 permansisse
540 1254 573 1315 et
588 1266 668 1316 suos
689 1247 774 1315 lame
791 1252 989 1335 gravissima
1009 1251 1192 1338 punivisse.
1219 1247 1316 1314 'lunc
1338 1246 1418 1314 mili-

294 1353 346 1413 tes
370 1345 445 1413 duci
467 1346 636 1414 dixerunt:
667 1345 708 1414 tu
723 1349 803 1432 putu
815 1344 871 1415 666
886 1349 978 1432 sume
993 1343 1173 1416 mommur?
1196 1345 1349 1413 Mtttutur
1364 1363 1418 1412 uu-

288 1444 461 1530 66666666,
478 1447 532 1528 qui
550 1445 591 1512 dc
606 1449 694 1512 stulu
711 1447 852 1514 66666663
866 1452 898 1514 66
913 1448 1057 1533 episcopi
1073 1445 1165 1512 66663
1176 1444 1419 1530 pussttuliptdd

293 1542 450 1638 66666666.
478 1543 572 1611 Tunc
600 1542 667 1612 dux
695 1543 821 1612 cuidam
845 1547 938 1613 militi
966 1545 1060 1613 dixit:
1087 1543 1140 1611 Ad
1162 1545 1328 1610 6666666666
1351 1547 1417 1608 666-

193 1679 195 1683 -
294 1659 391 1726 quum
413 1643 538 1709 666663
561 1641 665 1709 autito
684 1661 787 1729 perpe
811 1649 844 1710 66
866 1649 995 1712 secretu
1025 1661 1086 1729 que
1105 1643 1232 1729 6666663
1254 1642 1416 1726 66663666.

294 1739 491 1828 Explorator
505 1739 548 1808 ad
569 1741 734 1809 civitatem
751 1743 861 1813 subito
879 1745 1029 1832 ventem,
1046 1748 1166 1810 statum
1184 1741 1354 1808 bominum
1375 1740 1418 1805 ci-

293 1840 473 1926 vitatisque
497 1841 686 1928 requirens,
715 1859 870 1910 reversus
894 1843 1004 1910 tetulit
1028 1841 1159 1909 dicens:
1185 1840 1327 1907 16666666
1350 1839 1417 1918 dur,

295 1939 467 2023 episcopus
484 1940 645 2006 6666666666
667 1938 820 2008 notente
836 1942 1010 2024 commisit,
1036 1942 1184 2025 66663666
1205 1955 1320 2004 secum
1335 1937 1418 2004 ducit

294 2041 327 2104 66
338 2037 385 2104 ud
393 2039 533 2122 propat
547 2039 711 2106 66666666.
739 2037 979 2108 Consternatus
995 2039 1063 2108 dux
1073 2038 1228 2106 militibus
1244 2037 1317 2105 suis
1332 2035 1415 2104 dixit:

296 2135 384 2222 Quid
395 2152 474 2222 erpo
486 2135 657 2219 66666663,
675 2155 733 2222 spe
750 2141 989 2206 eterdmuostru
1002 2138 1156 2222 frustrati
1170 2137 1309 2204 sumus?
1336 2135 1417 2201 Tunc

295 2232 418 2301 diversi
429 2233 561 2301 diversa
571 2235 710 2302 consilia
722 2236 933 2306 tradiderunt.
960 2237 1053 2304 Unus
1068 2243 1177 2304 autem
1191 2253 1233 2303 ex
1248 2233 1317 2301 illis
1332 2232 1415 2301 dixit:

293 2331 449 2415 66666666,
464 2333 551 2399 utum
567 2337 715 2399 uestrum
730 2336 910 2422 diripumus
924 2337 972 2402 ud
985 2338 1156 2419 6666666666,
1175 2339 1208 2401 et
1220 2335 1350 2400 6666663
1366 2349 1416 2398 nus

295 2448 367 2498 6336
381 2431 581 2514 simulemus,
603 2431 692 2515 forte
707 2436 864 2520 rectpteut
883 2453 945 2502 uos
965 2439 1002 2501 ut
1024 2437 1166 2516 amieos,
1190 2438 1223 2501 66
1237 2435 1289 2500 366
1299 2432 1414 2519 66666·-

294 2547 365 2597 mus
381 2528 653 2615 comprehendere
669 2532 839 2600 6666666666.
866 2533 942 2601 Dux
964 2535 1057 2602 militi
1076 2533 1172 2614 dixit:
1201 2533 1332 2600 Bonum
1346 2545 1415 2597 ecu-

293 2629 399 2698 st‘tt‘um
415 2629 550 2714 dedisti,
567 2646 627 2696 uec
641 2647 785 2714 uupucm
801 2625 1138 2718 66666663166666663
1154 2631 1316 2716 defecisti.

367 2727 518 2796 Posthec
534 2727 665 2816 quidam
678 2746 719 2797 ex
735 2731 941 2818 sapientibus
958 2733 1027 2798 suis
1042 2730 1137 2798 dixit:
1164 2729 1415 2814 Domtuepttuc

294 2827 358 2894 6666
373 2826 489 2893 66666663
501 2828 747 2912 promittuntur,
769 2834 848 2914 post
860 2847 916 2896 eus
937 2833 1094 2914 quotuor,
1110 2833 1191 2915 post
1205 2845 1290 2912 utros
1306 2829 1413 2904 decem

291 2928 410 3009 663666
446 2926 686 3011 quadruplata,
713 2932 746 2996 66
766 2927 810 2994 666
831 2945 941 2995 amnas
964 2929 1050 2994 66663
1076 2933 1108 2994 66
1130 2929 1256 2994 urucae
1275 2945 1314 2994 36
1339 2923 1413 3008 rupte

294 3021 447 3090 Bodemt'e
460 3027 705 3108 protestentum
720 3031 800 3112 post
814 3025 874 3093 663
894 3028 1057 3094 eucratius
1073 3025 1177 3094 subito
1201 3030 1373 3110 sequetur,
1387 3024 1416 3086 ut

295 3121 324 3187 36
338 3121 434 3205 prinu
454 3123 616 3189 6666666666
627 3123 751 3207 nitunt
763 3127 920 3212 66666336,
941 3143 1005 3210 per
1020 3143 1220 3210 6663666663
1235 3125 1363 3210 6666666
1382 3122 1413 3187 u-

296 3218 407 3285 berum
421 3221 584 3288 eucratius
598 3219 933 3308 bubcutpctestutem.
962 3223 1054 3291 Sicut
1072 3223 1357 3310 deliberaverunt,
1378 3222 1415 3286 ita

296 3319 406 3386 omnia
427 3317 644 3406 perfecerunt.
670 3319 986 3411 Appnopinquantes
1006 3329 1114 3390 autem
1134 3323 1228 3409 primi
1246 3322 1352 3388 nuntii
1375 3319 1415 3385 ei·

295 3417 388 3486 vitati
403 3417 491 3486 clara
509 3435 594 3486 voce
615 3421 738 3506 pariter
756 3425 982 3488 cantaverunt.
1009 3421 1147 3488 Bobemi
1165 3419 1327 3488 custodes
1345 3417 1415 3485 civi-

295 3518 372 3584 tatis
396 3535 469 3584 cum
492 3535 607 3585 vocem
633 3520 833 3586 cantantium
850 3519 1072 3608 audivissent,
1097 3519 1221 3604 gaudio
1245 3517 1414 3606 repleban-

297 3621 364 3701 tur3
391 3615 609 3702 suspicabant
633 3618 718 3684 enim
745 3618 835 3685 cives
852 3626 886 3685 ct
906 3620 1029 3685 amicos
1049 3635 1130 3686 suos
1146 3636 1218 3685 cnm
1242 3617 1347 3686 letitia
1368 3633 1414 3682 re-

296 3711 408 3780 diisse.
435 3714 558 3782 Pontes
575 3713 805 3806 demittuntur,
831 3722 925 3803 porte
947 3723 1153 3806 reserantur,
1175 3716 1315 3805 pacifice
1332 3715 1413 3783 salu-

298 3817 416 3900 tantun,
440 3819 473 3878 et
487 3813 618 3898 ingredi
634 3814 737 3882 libere
748 3816 986 3902 permittuntur.
1014 3813 1163 3894 Quatuor
1180 3821 1290 3882 autem
1309 3815 1413 3881 milites

298 3917 478 3995 sequentes
494 3911 733 3998 benignissime
749 3922 946 4000 receperunt
961 3915 1037 4000 quia
1056 3923 1218 4002 prospera
1232 3911 1277 3981 de
1293 3913 1361 3982 suis
1373 3912 1411 3978 ei·

297 4006 403 4102 vibus·
418 4009 605 4076 retulerunt.
632 4011 756 4078 blilites
781 4018 890 4078 autem
912 4011 1027 4079 decem
1055 4009 1110 4098 qui
1138 4019 1279 4100 quatuor
1303 4026 1411 4096 seque-

297 4105 417 4180 bantur
431 4109 577 4195 suspccti
594 4109 787 4178 custodibus
805 4109 1025 4198 habebantur,
1047 4121 1078 4177 ct
1096 4117 1208 4200 portas
1225 4113 1350 4200 aperire
1370 4108 1411 4174 si·

334 4234 364 4299 l)
381 4232 410 4284 in
429 4229 539 4302 probi'st
