2886 4834
267 126 316 194 Μ)
645 156 771 202 auratas
793 153 1025 201 rtouuaarunsss.

189 309 256 364 1302
273 294 409 382 struxit,
428 299 572 362 montem
588 293 714 381 Augga
731 282 962 383 circumdedit,
982 295 1160 361 olaustmm
1179 307 1327 360 somrum
1344 308 1392 357 or·
1434 305 1435 348 t

270 392 357 462 dinis
377 393 602 462 cisterciensis
621 394 779 484 replevit,
804 409 949 461 messem
966 391 1119 460 frumenti
1137 390 1342 477 devastavit,
1365 395 1392 456 at
1434 403 1435 448 r

269 492 444 560 maximum
471 491 647 580 dampnum
672 495 706 560 in
723 493 878 580 Brisgoia
895 491 1098 579 pauperibus
1124 487 1298 558 interebat.
1336 486 1392 556 hr-
1434 517 1435 547 ι

269 591 406 676 gentiue
424 589 560 659 Rhenus
578 593 711 660 intravit
729 592 862 660 cellaria
879 591 1070 680 multorum,
1101 595 1135 658 et
1152 607 1239 657 unus
1258 606 1302 656 ex
1319 587 1393 654 eivi—
1434 587 1435 647 i

270 689 333 758 bus
351 691 473 757 lucium
498 709 654 776 magnum
679 693 713 757 in
740 709 803 758 suo
830 691 963 757 cellario
983 687 1241 778 comprehendit.
1269 687 1393 754 Basilee
1434 685 1435 747 i

270 788 391 856 eodem
409 794 555 876 tempore
573 789 709 858 Rhenus
737 807 895 877 equorum
908 789 1046 856 stabula
1069 789 1215 857 introivit
1240 792 1273 854 et
1291 802 1394 854 eorum
1434 803 1435 847 r

271 887 371 956 dorsa
388 887 487 955 undis
512 887 741 976 persuadebat.
774 887 934 956 Homines
960 888 1001 956 de
1021 885 1258 956 Nuwenburoh
1283 885 1316 951 in
1332 883 1394 950 Fri·
1434 883 1435 947 l

271 986 410 1072 burgum
433 988 569 1072 navigio
595 993 774 1076 putuemnt
799 987 990 1076 pervenire,
1019 986 1110 1074 quod
1134 1003 1244 1072 usque
1263 983 1307 1051 ad
1323 982 1394 1050 illud
1434 1002 1435 1048 r

271 1091 402 1173 tempus
427 1085 533 1153 suerat
550 1086 743 1154 inauditum.
777 1086 815 1154 ln
834 1087 1007 1154 nativitate
1026 1085 1125 1155 beate
1143 1084 1292 1170 Virginis
1311 1082 1394 1168 capi·
1434 1103 1435 1147 r

270 1185 374 1252 tulum
398 1185 602 1272 provinciale
620 1184 753 1254 fratrum
778 1185 902 1252 ordinis
928 1185 1172 1253 Predicatorum
1197 1183 1260 1250 luit
1286 1183 1321 1248 in
1336 1180 1395 1246 Ba·
1432 1195 1435 1246 t

271 1285 372 1374 silea,
392 1283 489 1351 tratre
507 1283 661 1352 lohanne
681 1286 848 1352 existente
867 1285 974 1372 priore
993 1290 1094 1371 atque
1113 1283 1313 1370 definitore,
1333 1279 1394 1347 sol·
1434 1303 1435 1347 r

270 1384 444 1470 lempnitcr
461 1381 671 1451 celebratum.
705 1382 759 1452 Ad
776 1383 841 1452 hoc
859 1384 1039 1472 capitulum
1062 1385 1289 1472 pervenerunt
1307 1379 1394 1466 quin-

271 1483 364 1567 genti
382 1483 615 1569 septuaginta,
641 1483 686 1550 ibi
705 1482 837 1550 luerunt
861 1483 948 1551 lecte
975 1483 1082 1550 littere
1109 1481 1260 1568 magistri
1280 1477 1395 1546 ordinis
1434 1503 1435 1547 r

271 1581 436 1668 ipsorum,
455 1581 627 1668 inquibus
654 1581 846 1649 hortabatur
864 1600 924 1650 eos
944 1583 1137 1670 suppliciter
1153 1581 1240 1648 ultro
1261 1575 1396 1647 eundum

272 1678 314 1746 ad
333 1678 491 1747 barbaros
510 1699 571 1748 seu
588 1681 623 1748 in
641 1680 799 1748 Greoiam.
834 1681 874 1748 Et
898 1700 965 1749 non
985 1680 1046 1748 tuit
1063 1698 1150 1748 unus
1168 1681 1256 1747 inter
1274 1694 1335 1746 eos
1352 1676 1396 1741 iu·
1434 1704 1435 1746 r

272 1784 393 1846 ventus
421 1779 477 1866 qui
502 1778 566 1847 hoo
590 1779 693 1848 vellet
718 1779 828 1848 lacere
846 1779 889 1847 ad
908 1779 998 1867 quod
1017 1779 1098 1848 ordo
1115 1781 1265 1867 ipsorum
1283 1774 1396 1864 prinoi—

271 1878 389 1965 paliter
426 1877 495 1945 luit.
519 1880 700 1948 institutus.
748 1880 786 1946 ln
818 1879 884 1947 hoo
914 1879 1059 1967 capitulo
1086 1877 1219 1946 luerunt
1251 1873 1396 1944 conversi

272 1995 334 2044 seu
368 1977 558 2067 begihardi,
592 1978 656 2046 hoe
689 1984 741 2046 est
773 1977 891 2050 iratres
923 1996 992 2046 nou
1025 1975 1187 2046 habentes
1228 1973 1395 2059 domicilia,
1434 2037 1435 2044 ἶ

271 2077 481 2165 octuaginta,
526 2079 560 2144 in
586 2078 805 2165 processione
841 2077 1071 2146 mendicantes
1097 2077 1229 2144 cibaria.
1276 2071 1396 2142 Castel-
1434 2115 1435 2147 2

270 2176 338 2242 lum
354 2173 554 2243 Herlisheim
571 2167 674 2264 prope
700 2176 940 2244 Columbariam
966 2177 1192 2246 construitura¹
1216 2175 1314 2242 Circa
1337 2171 1397 2238 ies·
1434 2203 1435 2246 r

271 2280 340 2341 tum
374 2276 481 2342 sancti
511 2275 709 2342 Michahelis
743 2275 875 2344 obsedit
914 2294 972 2344 rex
1003 2277 1142 2362 Eranoie
1173 2275 1343 2342 civitatem
1370 2269 1396 2334 in
1434 2303 1435 2346 r

271 2371 423 2440 Flandria
436 2396 444 2460 3
471 2380 504 2440 et
529 2373 643 2442 habuit
660 2376 693 2441 iu
715 2376 860 2443 exercitu
883 2394 946 2444 suo
965 2376 1143 2461 sexaginta
1161 2373 1263 2440 millia
1294 2387 1394 2460 equo-
1433 2405 1435 2450 2

271 2489 345 2549 rum,
377 2479 410 2540 et
443 2472 609 2540 hominum
652 2474 891 2542 multitudinem
924 2475 1093 2542 infinitam.
1149 2472 1315 2540 Dominus
1346 2468 1395 2538 lt·
1434 2503 1435 2545 3

271 2570 384 2639 bertus
413 2589 471 2640 rex
503 2570 635 2640 obsedit
660 2575 913 2663 archiepiscopo
950 2574 1138 2642 Trevireusi
1164 2573 1348 2660 civitatem,
1372 2577 1398 2638 et

271 2669 386 2738 habuit
411 2672 445 2739 in
471 2673 619 2740 exercitu
645 2691 707 2742 suo
728 2673 992 2760 quadringentos
1018 2689 1125 2759 equos
1152 2671 1346 2758 phaleratos
1370 2675 1397 2737 et
1434 2701 1435 2746 5

272 2769 439 2837 hominum
456 2771 696 2838 multitudinem
722 2771 891 2840 infinitam.
924 2771 1022 2840 Nono
1041 2771 1105 2838 kal.
1124 2769 1280 2838 februarii
1299 2776 1332 2836 et
1349 2787 1396 2836 se·
1434 2800 1435 2842 5

272 2869 389 2956 'quenti
407 2871 574 2956 perierunt
591 2871 691 2938 vinea
709 2878 742 2938 et
759 2891 882 2958 magna
899 2889 976 2960 pars
995 2870 1147 2938 frumenti
1167 2873 1230 2936 etoss
1249 2867 1336 2936 Acre
1352 2868 1396 2936 vi·
1434 2899 1435 2943 r

272 2985 350 3034 num
367 2972 468 3053 atque
487 2967 596 3036 debile
615 2971 726 3038 crevit.
760 2970 887 3038 Eodem
905 2976 1052 3058 tempore
1072 2970 1158 3036 circa
1175 2967 1300 3036 testum
1317 2967 1396 3035 blar-

272 3066 331 3132 tini
349 3064 502 3134 dominus
520 3067 710 3154 Brogilinus
737 3068 779 3136 de
799 3069 1014 3138 Geroltseohe
1041 3069 1128 3155 cepit
1145 3072 1291 3154 quatuor
1314 3083 1395 3134 ccm—
1434 3109 1435 3130 r

272 3163 503 3256 mendatores,
539 3166 573 3234 id
599 3173 652 3236 est
685 3170 863 3254 magistros
898 3168 1069 3236 domorum
1095 3167 1273 3254 hospitalis
1302 3164 1397 3234 sancti
1434 3195 1435 3240 r

272 3263 456 3353 lobannis,
491 3283 550 3353 pro
575 3283 616 3334 eo
644 3267 735 3354 quod
760 3274 909 3335 ememnt
935 3272 1078 3336 castrum
1103 3265 1211 3333 fratris
1239 3267 1292 3333 sui
1316 3260 1396 3352 quod
1434 3277 1435 3340 r

272 3363 418 3431 vendere
436 3382 504 3432 non
522 3365 665 3432 valebat.
691 3366 947 3435 anesthusen
966 3371 1093 3434 carrata
1110 3366 1178 3432 vini
1196 3383 1256 3452 pro
1276 3370 1394 3432 centum

271 3462 361 3530 libris
379 3463 437 3530 tali
456 3464 646 3532 conditione
665 3465 890 3554 vendebatur,
909 3472 944 3532 ut
961 3485 1029 3534 una
1045 3465 1127 3532 libra
1145 3465 1242 3532 annis
1263 3462 1393 3549 singulis

272 3563 475 3649 solveretur,
501 3562 617 3630 eadem
636 3570 764 3632 carrata
782 3565 860 3632 data
878 3564 938 3632 fuit
955 3583 1014 3652 pro
1033 3565 1151 3650 viginti
1168 3563 1277 3649 libris3
1305 3561 1394 3628 tercia

271 3662 345 3728 vice
364 3661 425 3728 suit
442 3661 520 3728 data
536 3681 595 3750 pro
616 3665 714 3732 vinea
741 3663 782 3731 de
810 3683 875 3751 qua
894 3663 959 3732 due
977 3663 1058 3731 libre
1077 3663 1286 3731 denariomm
1303 3665 1392 3752 quot-

273 3761 369 3830 annis
389 3760 612 3828 solvebantur.
648 3762 794 3830 Clericus
814 3762 1093 3830 Columbarieusis
1120 3768 1153 3830 et
1177 3763 1316 3829 clericus
1334 3759 1391 3824 Ba-

274 3859 419 3927 siliensis
437 3877 496 3946 pro
507 3862 706 3929 canonicatu
717 3861 846 3930 diucius
860 3861 1035 3948 litigabant
1044 3885 1053 3948 3
1063 3864 1096 3928 in
1113 3861 1176 3928 hao
1191 3861 1248 3928 lite
1264 3859 1391 3927 clericus

273 3957 470 4026 Basiliensis
498 3959 703 4046 interficitur,
731 3967 864 4049 propter
882 3961 946 4029 hoc
971 3960 1100 4029 iudices
1117 3961 1323 4028 Basilienses
1349 3956 1394 4054 di3

221 4133 224 4139 ,
273 4057 351 4123 vina
378 4059 411 4123 in
438 4056 645 4125 Columbaria
674 4058 932 4148 suspenderunt.
976 4060 1138 4128 Dominus
1165 4056 1320 4126 Albertus
1347 4071 1394 4121 rex

273 4155 493 4224 Romanorum
522 4158 607 4224 cirea
633 4157 754 4225 festum
781 4165 897 4226 sancte
917 4159 1019 4233 Maria
1039 4158 1243 4247 ldagdaleue
1264 4171 1395 4241 congre·
