2890 4832
259 178 329 248 318
611 208 649 251 nx
670 205 834 252 montaluo
856 206 1035 253 coloniensi.

176 353 243 407 ¹2¹⁰
260 346 463 415 subsecutus
479 347 572 414 iuxta
587 343 733 432 Capuam
751 351 980 412 commoratur.
997 345 1084 412 llinc
1101 346 1297 430 gravissime
1315 344 1375 412 tis-
1419 352 1420 373 l

257 445 370 515 cordio
393 447 478 512 inter
494 461 613 531 papam
634 448 667 509 et
682 444 790 530 ipsum
806 447 962 511 oriuntur.
988 445 1171 532 Imperator
1186 463 1206 511 a
1221 463 1307 532 papa
1323 463 1376 510 ex-

256 545 523 612 communicatur.
548 542 729 628 Imperator
743 561 803 630 per
820 544 972 610 civitates
988 550 1023 610 et
1036 544 1175 610 castella
1192 542 1375 611 custodibus
1418 625 1419 628 Ἴ

257 644 423 730 deputatis
431 695 441 732 ,
459 659 502 708 ne
521 642 575 708 cui
598 640 743 708 adeundi
765 659 884 729 papam
904 659 964 730 pro
987 642 1099 729 aliquo
1120 643 1266 728 negocio
1290 643 1377 708 liceat

256 741 429 810 interdicit.

330 839 404 907 Hoc
422 856 511 906 anno
528 839 562 904 in
580 837 726 905 adventu
751 837 875 906 domini
895 837 1027 926 quidam
1044 837 1259 906 heresiarcha
1275 837 1375 904 ch-

256 939 380 1007 hardus
400 939 532 1005 nomine
551 943 613 1004 etc.

331 1037 429 1106 Anno
462 1035 585 1104 domini
610 1037 747 1102 moeni.
790 1032 867 1102 Otto
890 1038 1066 1124 imperator
1090 1037 1261 1124 prosperis
1288 1042 1375 1102 utens
1418 1071 1419 1130 l

258 1136 475 1204 successibus
495 1141 596 1202 totam
616 1135 679 1201 sibi
695 1133 847 1222 Apuliam
867 1143 899 1203 et
917 1135 1101 1202 Calabriam
1120 1135 1279 1224 subiecit,
1305 1136 1378 1200 civi-

257 1244 343 1304 tates
361 1237 396 1303 in
414 1234 616 1302 deditionem
641 1234 791 1322 accepit,
823 1242 931 1302 castra
959 1235 1116 1301 militibus
1143 1235 1215 1301 suis
1243 1235 1377 1300 munivit

256 1335 306 1402 lbi
325 1336 421 1401 etiam
445 1332 577 1419 quidam
594 1331 761 1420 principes
780 1332 893 1400 Sicilie
919 1352 993 1400 cum
1011 1333 1209 1400 Sarracenis
1235 1333 1291 1418 qui
1320 1331 1378 1398 lor·
1418 1391 1419 1411 ,

257 1434 384 1500 tissima
404 1438 513 1499 castra
529 1433 563 1497 in
581 1433 746 1498 montanis
772 1433 932 1499 tenebant
957 1450 1031 1498 eum
1057 1433 1258 1519 invitantes,
1286 1435 1378 1498 totam
1418 1445 1421 1506 i

258 1531 402 1598 Siciliam
420 1531 493 1597 eins
512 1529 627 1596 ditioni
646 1529 852 1597 subdendam
870 1530 1112 1619 promittebant.
1418 1459 1421 1606 Ι

330 1629 409 1717 lpso
428 1645 517 1695 anno
535 1628 709 1696 multitudo
727 1629 887 1696 nobilium
905 1648 947 1696 cx
965 1629 1108 1696 diversis
1126 1629 1279 1716 partibus
1300 1634 1357 1694 etc.
1416 1647 1421 1714 p

331 1727 409 1815 lpso
428 1728 531 1794 eciam
550 1745 638 1794 anno
658 1726 800 1794 Sitridus
818 1727 1089 1813 Mogontiuensis
1113 1727 1378 1814 archiepiscopus
1416 1715 1421 1804 1

257 1832 291 1895 et
306 1827 438 1913 legatus
457 1845 477 1892 a
494 1844 581 1913 papa
599 1827 797 1894 constitutus
822 1845 895 1894 cnm
919 1825 1122 1894 Herimanno
1148 1827 1335 1910 lantgravio
1353 1831 1379 1890 et
1415 1840 1421 1984 p

257 1944 338 2011 rege
364 1925 499 1992 Boemie
529 1931 563 1992 et
588 1925 786 2011 quibusdam
810 1924 1014 2012 principibus
1042 1931 1074 1992 et
1101 1924 1270 1992 nobilibus
1303 1930 1379 1990 terre
1418 1989 1421 2002 ,

257 2024 346 2112 apud
372 2023 562 2109 Bavinberg
587 2023 786 2110 colloquium
811 2024 939 2113 habuit,
974 2023 1030 2090 ubi
1058 2024 1253 2110 episcopum
1283 2023 1379 2110 ipsius
1420 2013 1421 2016 ’

257 2125 401 2191 civitatis
419 2128 553 2210 propter
569 2139 685 2189 necem
705 2122 844 2210 Philippi
861 2123 951 2206 regis
970 2122 1145 2209 expulsum
1164 2123 1378 2188 restituerunt

257 2222 368 2289 Causa
393 2222 490 2288 etiam
517 2221 614 2287 huius
640 2221 775 2305 negocii
799 2219 876 2308 luit,
912 2227 948 2286 ut
982 2219 1164 2288 secundnm
1198 2228 1378 2307 preceptum

256 2338 343 2408 pape
363 2317 518 2386 Ottonem
537 2320 766 2406 imperatorem
784 2319 1026 2408 relinquerent,
1052 2325 1084 2386 ct
1106 2318 1306 2386 Fridericnm
1329 2335 1378 2382 re-

258 2436 333 2505 gem
353 2417 474 2506 Sicilie,
495 2417 593 2484 hlium
611 2415 753 2484 Heinrici
771 2419 989 2506 imperatorin,
1018 2418 1191 2503 eligerent.
1231 2417 1300 2484 Sed
1316 2434 1378 2482 curu

256 2518 368 2606 plures
392 2533 568 2583 assensum
594 2534 662 2583 non
687 2517 877 2606 preberent,
909 2516 1034 2584 iniecto
1060 2517 1207 2601 negocio
1233 2531 1378 2583 recesse-

256 2622 341 2684 runt.
386 2615 435 2682 lbi
460 2617 563 2682 eciam
590 2613 731 2682 Siiridus
764 2617 944 2702 episcopus
969 2612 1124 2683 Ottonem
1157 2616 1376 2702 imperatorem

257 2716 573 2803 excommunicavit,
599 2720 632 2781 et
655 2715 765 2781 missis
789 2715 893 2780 literis
912 2715 983 2780 suis
1002 2713 1044 2782 ad
1063 2731 1179 2780 omnes
1200 2713 1376 2800 archiepis-

258 2831 363 2902 copos
383 2819 416 2881 et
433 2813 615 2900 episcopos
633 2817 670 2879 ut
686 2805 820 2900 ipsum1
848 2812 996 2880 facerent
1026 2813 1224 2880 auctoritate
1249 2817 1376 2898 aposto-

256 2912 320 2979 lica
337 2913 496 2999 precepit.
521 2911 617 2979 Unde
636 2917 819 2979 commotus
837 2911 1003 2998 palatinus
1023 2928 1135 2978 comes
1153 2910 1260 2976 Rheni
1279 2909 1374 2976 Heiu-

257 3012 346 3076 ricus
364 3009 464 3076 frater
486 3011 692 3097 imperatoris
721 3027 794 3076 cnm
813 3009 897 3077 duce
915 3010 1091 3076 Brabantie
1118 3015 1151 3075 ct
1178 3010 1298 3076 ceteris
1322 3023 1375 3073 no-

257 3107 378 3175 bilibus
397 3107 611 3194 Lotharingie
639 3116 671 3176 et
688 3109 894 3196 superiorum
920 3111 1057 3196 partium
1085 3113 1186 3176 totum
1207 3109 1374 3194 episcopa-

258 3213 323 3273 tum
341 3205 613 3291 Moguntiensem
631 3208 718 3274 circa
736 3206 857 3274 lestum
876 3206 1188 3274 sanctibiichahclis
1206 3203 1309 3296 [sept.
1322 3198 1374 3291 29]

256 3305 411 3373 incendio
438 3311 471 3372 et
489 3308 602 3393 rapina
620 3307 780 3394 vastavit,
812 3306 912 3372 nichil
929 3313 1039 3394 preter
1057 3307 1210 3372 civitates
1231 3311 1262 3372 et
1281 3309 1375 3371 castra

256 3403 414 3472 intactum
432 3405 633 3490 relinquens.

332 3505 426 3571 Tunc
451 3504 554 3571 eciam
581 3505 668 3570 circa
692 3493 1003 3588 quadragesimam²
1027 3501 1272 3591 imperatorne
1295 3498 1375 3566 ltalia

257 3601 361 3670 rediit.

329 3699 427 3768 Anno
453 3699 576 3769 domini
600 3699 745 3767 meexii.
763 3698 942 3786 Imperator
966 3699 1055 3786 apud
1073 3698 1264 3784 Nurinberg
1292 3695 1372 3764 cele-

257 3797 427 3866 berrimam
453 3801 574 3866 curiam
598 3800 683 3866 circa
709 3803 930 3886 pentecosten
959 3793 1040 3886 [mai
1069 3795 1132 3888 13]
1166 3797 1296 3884 habuit,
1326 3791 1372 3858 ubi

257 3896 409 3964 omnibus
426 3899 481 3982 qui
499 3903 676 3984 presentes
695 3903 790 3963 erant
807 3897 1007 3984 principibus
1029 3915 1163 3963 cansam
1178 3913 1284 3963 werre
1300 3893 1371 3958 inter

140 4073 141 4080 ἵ
256 3995 364 4080 ipsum
383 4002 416 4060 et
433 4013 551 4082 papam
569 3997 758 4063 innotescit.
792 3993 941 4080 Regnum
973 3997 1076 4062 eciam
1094 3996 1230 4062 Boemie
1256 3988 1371 4059 abiudi-

257 4097 365 4158 catum
393 4089 557 4161 Odoacrio
575 4096 645 4180 regi
664 4111 722 4181 per
740 4095 938 4161 sententiam
956 4096 1156 4182 principum,
1185 4093 1251 4160 filio
1268 4090 1367 4178 ipsius,

292 4201 322 4264 1)
342 4198 478 4264 desselbe‚
496 4201 539 4252 ein
558 4202 750 4267 gerrrranismus
768 4208 828 4254 stult
846 4200 926 4256 idem.
963 4203 993 4268 2)
1013 4219 1047 4254 zn
1065 4201 1133 4255 enda
1151 4201 1273 4255 februare
1291 4201 1354 4250 1212.
