2878 4834
249 177 322 247 26h
468 220 473 228 ·
607 203 800 254 cumsmrrus
820 203 1014 256 noeunmrus

247 345 442 415 investitura
459 343 620 431 regalium
629 396 640 434 ,
659 350 692 412 et
709 345 965 415 eonseoratione
983 363 1044 414 sua
1052 397 1063 437 ,
1082 361 1125 414 ao
1140 342 1245 434 pallio
1263 341 1388 431 nequi-

247 443 352 513 rendo
363 497 373 535 ,
392 442 482 532 quod
500 449 553 512 est
569 443 771 532 pontificalis
796 444 933 514 honoris
950 445 1103 534 insigne,
1129 442 1327 512 consultans
1347 459 1390 509 ao

247 549 465 633 pertractans,
484 541 619 630 quando
638 551 790 630 sumptus
808 562 877 613 non
892 543 1056 612 habentur
1069 545 1103 610 iu
1117 547 1281 632 promptu,
1295 539 1389 609 unde

247 643 380 731 possint
394 659 448 710 res
464 639 652 710 huiusmodi
672 643 809 732 anquiri,
829 643 949 730 quibus
966 644 998 710 in
1009 643 1136 712 honore
1154 659 1218 710 suo
1234 641 1388 728 aequisi-

248 743 291 810 tis
309 740 455 827 dignitas
472 740 612 808 obtineri
627 745 660 808 et
675 740 812 810 obtenta
834 743 962 810 valeret
977 741 1187 810 eonservari:
1207 741 1239 808 ei
1258 739 1302 808 ad
1319 757 1387 806 nu-

248 839 410 908 triendum
419 841 532 924 ignem
541 845 737 927 sumptuose
748 841 950 931 ambitionis,
961 841 1058 928 quasi
1067 841 1234 927 lignorum
1249 846 1387 926 struem,

249 939 450 1006 secretiores
469 937 650 1006 oonsiliarii
669 940 810 1008 oonsilio
828 939 1087 1008 subministrant.
1113 939 1308 1006 Thesaurus
1327 955 1388 1004 eo-

250 1037 352 1106 elesie
371 1037 491 1106 nimius
510 1043 544 1104 et
559 1037 685 1104 inutilis
702 1039 902 1126 perhibetur.
927 1037 1014 1119 Quid
1032 1040 1118 1106 enim
1136 1053 1241 1123 grues
1258 1053 1388 1122 argen-

249 1143 303 1204 tee
330 1135 373 1204 ad
398 1135 623 1222 iurigandum
648 1135 775 1204 altare?
808 1138 928 1205 Posset
946 1144 980 1206 et
997 1139 1142 1206 eoelesiu
1159 1143 1230 1204 tota
1249 1134 1386 1204 thurifi-

249 1235 318 1305 oari
336 1234 510 1302 thuribulis
530 1236 662 1324 oupreis
681 1235 900 1305 abundanter.
917 1237 998 1304 ltem
1012 1235 1054 1304 ad
1065 1233 1386 1324 quidealieesaurei

250 1340 283 1402 et
309 1335 465 1420 gemmati
490 1340 581 1401 tante
609 1337 802 1420 quantitatis
810 1387 819 1424 ‚
846 1336 932 1403 utin
952 1336 1000 1404 eis
1018 1353 1087 1403 non
1111 1335 1247 1402 valeant
1271 1333 1385 1401 divina

249 1434 406 1521 mysteria
424 1433 610 1500 celebrari?
637 1431 708 1502 Hee
727 1439 762 1501 et
779 1435 898 1502 similia
917 1435 1058 1503 oonsilia
1075 1433 1280 1522 placuerunt.
1311 1430 1384 1511 Que

249 1549 291 1600 eo
309 1536 463 1620 poterant
480 1530 610 1600 laoilius
629 1538 662 1599 et
680 1534 775 1601 eitius
789 1532 972 1622 adimpleri,
992 1551 1058 1620 quo
1070 1537 1384 1620 pereussopastore

249 1647 334 1717 grex
359 1629 552 1718 dispersus,
579 1633 643 1698 iam
670 1632 795 1700 abierat
819 1631 1051 1718 vagabundus.
1077 1630 1275 1718 Rudolphus
1303 1645 1385 1714 ergo

249 1731 313 1797 iam
339 1727 448 1797 dietus
473 1730 656 1818 episeopus
682 1732 885 1821 nominatur,
911 1731 1163 1819 disponensque
1180 1729 1290 1796 itineri
1309 1746 1382 1816 suo,

249 1827 418 1896 brachium
436 1827 477 1895 ab
495 1828 552 1896 illa
570 1846 691 1914 magna
709 1847 824 1919 oruoe,
844 1829 886 1898 de
906 1848 972 1916 quo
991 1846 1093 1918 supra
1109 1829 1314 1896 mentionem
1331 1827 1385 1894 le-

249 1929 371 2017 cimus,
391 1945 456 2014 que
475 1928 590 1996 Benna
608 1928 807 2019 vocabatur,
832 1928 875 1996 ud
893 1939 975 1997 usus
994 1929 1208 1996 necessarios
1228 1933 1384 2014 amputa-

249 2028 314 2114 vit,
334 2026 679 2115 fideliterpromittens
690 2027 1138 2116 sereparaturumbraehium
1153 2027 1285 2114 equalis
1298 2043 1384 2112 pon-

252 2125 340 2193 deris
359 2131 392 2193 et
408 2127 554 2216 valoris,
588 2127 616 2194 si
634 2134 769 2214 peraeto
788 2128 931 2213 negooio
948 2141 1145 2215 prosperum
1162 2127 1226 2192 iter
1243 2126 1275 2192 ei
1293 2123 1384 2192 laoe-

250 2229 300 2292 ret
318 2223 412 2292 deus.
431 2224 651 2293 Prohoisoitur
667 2243 787 2292 versus
805 2224 950 2294 Romam.
970 2224 1038 2294 Sed
1052 2224 1289 2313 prevolaverat
1301 2221 1384 2290 lama

252 2323 293 2390 ad
322 2324 462 2413 auriam,
487 2341 551 2410 que
578 2323 665 2391 laeta
689 2323 819 2392 fuerant
843 2323 1072 2392 manilestans.
1095 2323 1139 2392 Et
1163 2341 1253 2412 papa
1278 2328 1381 2390 taetus

252 2421 368 2490 dolore
395 2421 504 2489 eordis
529 2424 728 2491 intrinsecus
753 2422 794 2490 de
819 2428 924 2492 morte
949 2422 1180 2491 crudelissima
1197 2421 1380 2510 arehiepis-

252 2521 345 2610 eopi,
364 2525 398 2589 et
416 2519 457 2588 de
474 2519 608 2589 infamia
628 2521 823 2590 intrusionis
847 2521 1012 2610 Rudolphi
1029 2539 1090 2610 per
1105 2539 1239 2588 manum
1256 2520 1380 2608 laioam,

252 2626 285 2688 et
300 2637 412 2687 eorum
430 2621 570 2688 maxime
586 2621 642 2707 qui
657 2620 955 2688 enimenhomieidii
963 2625 1203 2709 perpetrarunt,
1213 2621 1321 2708 ipsam
1330 2620 1381 2686 in-

251 2719 443 2808 trusionem,
464 2718 673 2787 intrudentes
688 2738 762 2788 oum
778 2721 918 2809 intruso,
934 2720 1291 2789 exeommunioationis
1304 2735 1380 2786 ana·

250 2817 394 2885 themate
409 2817 653 2887 eondemnavit.
678 2817 874 2907 Rudolphus
893 2817 1101 2888 Clohelauoh
1118 2815 1161 2885 ad
1178 2818 1304 2886 eunium
1318 2833 1378 2884 non

249 2917 412 3006 pervenit,
427 2918 528 3004 inque
547 2919 601 2984 via
618 2916 704 2985 diem
719 2918 838 2988 elausit
852 2923 1045 3006 extremum,
1063 2917 1182 3004 prooul
1198 2915 1301 2986 dubio
1313 2915 1377 2983 eius

251 3015 399 3083 eruoihxi
418 3017 550 3084 oooisus
568 3015 702 3084 braehio
711 3069 721 3105 ,
740 3018 833 3084 ouius
852 3017 927 3104 ipse
945 3016 1114 3084 braohium
1132 3007 1345 3104 amputaret&

324 3112 757 3205 Dethesaurohoosoiatur,
773 3115 926 3202 quodqui
938 3117 1014 3184 olim
1033 3114 1160 3197 alllunit
1177 3131 1267 3204 nune
1284 3113 1376 3180 velo·

157 3256 164 3266 .
215 3247 218 3254 -
251 3211 324 3278 oius
343 3211 499 3280 avolavit.
517 3213 644 3300 Magna
661 3215 734 3281 eius
749 3232 827 3303 pars
837 3215 1027 3302 imperatori
1041 3212 1188 3282 ereditur
1201 3201 1375 3298 affluxisse,

250 3327 327 3399 pars
347 3310 388 3379 ab
407 3311 482 3378 aliis
500 3311 625 3403 ablata,
649 3331 726 3401 pars
744 3312 864 3382 Judeis
882 3313 1022 3401 pignore
1041 3311 1202 3402 obligata,
1220 3329 1300 3400 pars
1317 3310 1376 3377 lur-

149 3498 151 3503 .
250 3409 306 3476 tim
325 3409 509 3478 subtracta:
536 3409 680 3500 dispersi
698 3410 922 3500 suntlapides
941 3412 1139 3501 sanotuarii,
1165 3428 1236 3480 non
1254 3407 1375 3498 quidem

252 3508 286 3576 in
304 3510 414 3597 oapita
431 3509 630 3599 platearum,
649 3509 711 3578 sed
728 3512 763 3579 in
780 3511 899 3578 bursas
919 3511 1104 3579 iurantium.

327 3605 399 3688 Quo
422 3607 568 3676 vindieta
594 3615 737 3697 sequuta
770 3611 812 3678 sit
841 3615 978 3678 mortem
1005 3609 1129 3678 domini
1152 3606 1309 3694 Arnoldi,
1332 3605 1375 3672 hio

253 3705 419 3774 oredimus
446 3725 514 3774 non
533 3708 720 3776 tacendum.
743 3706 798 3776 Ab
815 3710 1013 3796 imperatore
1031 3708 1209 3796 proscripti
1226 3709 1374 3794 perpetuo

254 3804 355 3872 exilio
382 3809 460 3872 sunt
491 3805 652 3898 damnati,
679 3807 713 3874 hi
740 3807 868 3875 seilioet
894 3809 950 3894 qui
966 3825 1067 3874 manu
1085 3805 1266 3894 nephanda
1281 3806 1376 3891 ipsum

254 3900 385 3970 laoinus
411 3910 649 3992 perpetrarunt.
675 3905 753 3994 Ipsa
779 3907 898 3974 divitas
921 3907 1074 3974 omnibus
1092 3905 1218 3974 iuribus
1238 3911 1271 3972 el
1287 3901 1374 3970 liber-

255 3999 376 4069 tatibus
394 4020 434 4068 ae
451 4003 635 4090 privilegiis
662 4011 825 4094 perpetuo
845 4011 897 4072 est
915 4007 1052 4094 privata.
1079 4003 1203 4072 rrimus
1222 4009 1255 4071 et
1273 4001 1374 4070 lossa-

289 4129 319 4194 l)
339 4127 387 4182 das
406 4129 441 4182 ist
458 4129 538 4199 irrig;
555 4127 661 4186 Rudoll
674 4129 767 4186 wurde
786 4132 918 4188 vielmehr
937 4131 1046 4187 bischol
1060 4149 1115 4187 von
1131 4129 1239 4188 Lirltieh
1252 4123 1373 4186 undstrrb

155 4218 160 4230 1
254 4203 311 4249 eust
329 4199 404 4250 1190.
