2878 4834
262 213 332 283 236
606 239 779 287 orrnonnrs
800 240 1033 290 woaunmrnsm.

264 397 339 448 mus
364 379 560 450 roboratam.
586 379 707 448 Datum
731 385 764 448 ct
789 385 897 450 actum
915 399 1005 450 anno
1023 379 1146 450 domini
1164 381 1344 450 m.cc.lx.vi.
1360 383 1390 449 in

259 480 376 567 vigilio
395 478 493 548 beate
511 479 714 567 Margaretc.
1432 511 1433 514 ¹

311 673 359 735 21.
380 672 538 737 Friedrich
564 672 728 736 erwdhlter
753 687 814 736 von
846 673 966 738 Worms
994 673 1160 738 vemiehtet
1187 675 1244 736 aui
1263 674 1323 737 ohe
1342 689 1389 737 au-

381 756 514 834 eprdche
535 772 644 832 wagan
666 755 721 818 der
741 755 932 818 stidtischen
953 755 1092 819 almeude
1113 756 1230 820 welche
1258 757 1307 820 dle
1324 756 1389 818 bih-
1432 767 1433 812 v

381 853 437 912 ger
456 855 512 901 zur
531 837 702 914 bezahlung
724 836 779 899 der
800 837 991 900 staduschen
1012 838 1161 901 schuldeu
1182 840 1328 901 verhauft
1342 839 1390 900 ha·
1432 879 1433 906 r

320 991 323 996 ¹
381 918 461 1000 ben,
491 919 553 982 und
581 919 664 997 giebt
695 922 779 982 scine
811 919 1019 996 einwilligung
1047 920 1120 982 dass
1143 921 1197 982 das
1221 921 1327 998 uugelt
1346 921 1389 983 bis
1432 948 1433 980 t

383 1005 488 1064 ostem
520 1003 574 1065 des
602 1001 749 1065 machsten
776 1003 860 1064 iahrs
881 1019 919 1065 zu
941 1002 995 1065 der
1015 1003 1099 1066 stadt
1119 1002 1285 1066 nothdurft
1306 1002 1387 1066 erho·
1432 1001 1433 1078 Ϊ

381 1083 441 1147 ben
461 1083 572 1148 werde.
617 1086 704 1146 1278.
725 1085 784 1146 iou.
811 1087 857 1146 ll.
1432 1107 1433 1111 ¹

332 1217 557 1314 F[ridericus]
583 1220 637 1290 dei
661 1221 775 1308 gracia
800 1220 1055 1290 Wormatiensis
1082 1223 1209 1291 electus
1235 1227 1387 1290 constare
1432 1265 1433 1310 r

258 1321 412 1390 volumus
431 1321 596 1390 universis
606 1373 616 1411 ,
635 1320 725 1408 quod
744 1338 818 1388 cum
839 1337 902 1388 nos
925 1325 1005 1410 post
1024 1321 1224 1390 electionem
1249 1327 1284 1389 et
1302 1339 1385 1389 oon·
1432 1366 1433 1410 5

258 1420 475 1488 firmationem
498 1427 645 1490 nostram
660 1415 674 1494 ΙΙ
689 1419 731 1488 ad
749 1420 915 1488 civitatem
933 1419 1214 1489 wormatiensem
1232 1423 1386 1488 venisse·

259 1537 343 1609 mus,
361 1519 578 1608 providentes
598 1517 640 1587 dc
654 1519 796 1605 singuiis
817 1525 850 1587 et
865 1520 1040 1611 universis,
1060 1525 1093 1588 ct
1110 1519 1335 1608 disponentes
1352 1537 1388 1586 ea

259 1636 324 1706 que
339 1617 549 1707 providenda
567 1617 697 1687 fuerant
713 1623 747 1686 et
764 1617 946 1708 tractanda,
962 1613 978 1698 ΙΙ
991 1619 1076 1687 inter
1093 1619 1157 1686 alia
1173 1618 1241 1686 duo
1259 1619 1387 1687 inveni·
1432 1647 1433 1698 2

258 1735 351 1807 muS,
386 1716 571 1787 almendam
597 1717 755 1786 videlicet
776 1717 860 1785 inira
888 1719 1084 1786 territorium
1112 1718 1258 1787 civitatis
1289 1719 1389 1807 ipsius

183 1850 186 1854 ·
259 1817 356 1884 sitam
374 1815 443 1884 iore
461 1817 628 1886 venditam
643 1823 780 1905 propter
797 1815 1043 1885 incumbentem
1056 1813 1071 1892 Η
1085 1818 1325 1885 necessitatem
1346 1818 1389 1884 ci-

258 1916 371 1984 vitatis
396 1921 430 1984 et
452 1917 705 2005 oppressionem
724 1933 860 2002 gravem
888 1916 1101 2004 multiplicum
1126 1915 1336 2006 debitorum,
1362 1921 1390 1982 et

258 2016 430 2102 ungeltum
447 2016 536 2103 quod
551 2015 701 2106 percepit
717 2016 835 2082 civitas
849 2021 883 2083 et
898 2016 967 2084 suis
984 2013 1101 2084 usibus
1116 2015 1320 2105 applicabat,
1335 2032 1388 2082 su·
1432 2023 1433 2028 ’

258 2132 317 2203 per
335 2114 456 2202 quibus
475 2113 605 2183 dilectis
624 2113 749 2182 nostris
769 2113 898 2182 civibus
916 2115 1154 2183 intentavimus
1173 2116 1390 2202 questionem.
1432 2183 1433 2187 ,

257 2213 299 2281 Et
316 2213 450 2282 tandem
468 2231 540 2281 oum
559 2215 643 2303 ipsis
669 2213 887 2281 convenimus
906 2219 940 2282 et
957 2212 1236 2282 concordavimus
1256 2219 1389 2302 patemo

257 2313 380 2400 pariter
408 2317 441 2380 et
465 2315 586 2402 amice,
606 2311 696 2400 quod
718 2312 862 2380 totaliter
883 2313 1074 2400 simpliciter
1093 2317 1125 2380 et
1148 2311 1189 2379 dc
1211 2312 1315 2400 plano
1340 2328 1388 2378 rc·
1432 2341 1433 2384 r

257 2412 454 2478 nunciemus
486 2411 598 2499 quoad
623 2409 812 2478 huiusmodi
836 2410 1038 2502 almendam,
1065 2417 1195 2498 gratum
1224 2410 1385 2480 habentes
1432 2440 1433 2484 3

258 2509 419 2598 quidquid
435 2527 494 2598 per
508 2511 603 2600 ipsos
620 2515 654 2578 et
671 2511 705 2576 in
718 2509 781 2578 hac
799 2515 892 2598 parte
906 2513 1144 2599 attemptatum,
1165 2516 1198 2578 et
1213 2527 1387 2598 numquam
1432 2539 1433 2586 ;

257 2627 319 2701 pro
340 2609 527 2678 huiusmodi
552 2608 705 2677 almenda
732 2608 861 2676 civibus
884 2610 967 2697 ipsis
988 2609 1194 2677 movebimus
1214 2610 1384 2677 actionem.
1432 2651 1433 2684 ;

256 2709 307 2777 Dc
327 2709 465 2796 ungelto
489 2710 586 2778 etiam
612 2709 661 2777 sio
683 2707 975 2797 concordavimus,
995 2707 1084 2796 quod
1106 2707 1147 2776 de
1168 2708 1259 2776 hona
1276 2713 1385 2776 nostra
1432 2739 1433 2782 1

258 2809 430 2876 voluntate
457 2814 510 2876 est
530 2813 563 2876 et
578 2825 739 2896 assensu,
760 2805 850 2894 quod
870 2808 961 2874 illum
977 2807 1150 2893 ungeltum
1173 2807 1215 2874 ab
1235 2807 1383 2874 instanti·
1432 2851 1433 2864 r

257 2905 321 2974 hus
342 2907 477 2995 paschis
500 2925 559 2995 per
581 2925 702 2974 annum
720 2923 781 2994 pro
803 2907 1007 2974 necessitate
1034 2907 1175 2974 civitatis
1198 2911 1335 2974 teneant
1356 2908 1384 2972 ot
1432 2937 1433 2982 p

257 3007 441 3093 percipiant
460 3005 600 3074 comode
619 3011 651 3073 et
665 3007 786 3094 quiete.
813 3005 1004 3094 inquorum
1025 3004 1225 3074 evidentiam
1241 3021 1380 3094 presen-

257 3110 323 3171 tem
350 3103 477 3171 hteram
506 3105 634 3172 civibus
654 3106 737 3192 ipsis
759 3109 874 3172 nostro
903 3104 1014 3190 sigilio
1032 3103 1182 3172 dedimus
1201 3103 1381 3171 communi·

256 3205 331 3271 tam.
357 3201 476 3270 Datum
498 3221 585 3271 anno
603 3202 726 3271 domini
744 3203 980 3293 mcclxxviii,
998 3201 1079 3271 saria
1096 3203 1199 3272 tercia
1217 3209 1297 3291 post
1317 3201 1380 3290 epi·

256 3301 411 3392 phaniam
430 3301 552 3371 domini
570 3305 729 3391 proxima.

313 3497 361 3558 22.
382 3495 538 3558 Friedrich
571 3497 644 3572 grai
669 3511 727 3558 von
756 3497 920 3572 heiningen
948 3496 1108 3577 dercho,
1141 3498 1299 3561 Eberhard
1328 3495 1380 3558 und

378 3579 512 3642 Walram
539 3577 691 3654 gebriider
722 3579 830 3654 grafan
858 3595 917 3640 von
946 3579 1162 3642 ercihriichcn
1192 3581 1254 3642 und
1285 3577 1379 3641 Emich

378 3661 451 3735 grai
467 3676 526 3721 von
548 3661 713 3736 heiningen
735 3661 935 3723 beurhuuden
957 3660 1027 3722 dass
1050 3661 1105 3723 der
1127 3665 1216 3725 streit
1236 3662 1381 3725 zwiseheu

380 3742 502 3804 bischoi
521 3744 631 3819 capitol
652 3742 819 3808 undstadt
839 3743 1031 3806 vouWorms
1052 3743 1114 3805 und
1136 3743 1195 3807 den
1218 3743 1380 3820 gebrdderu

378 3823 492 3885 Rudoli
511 3823 572 3885 und
594 3825 717 3886 Auselm
739 3828 847 3888 rittern
875 3840 934 3886 von
955 3823 1156 3886 brachenfels
1186 3843 1292 3902 wegeu
1314 3825 1378 3888 eini-

378 3921 432 3980 ger
452 3905 542 3966 leben
564 3905 715 3984 beigelegt
736 3909 791 3968 sei.
837 3908 915 3968 1287
936 3906 1013 3984 april
1038 3909 1062 3967 l.

328 4037 398 4106 Nos
417 4038 602 4110 Fridcricus
622 4060 736 4111 comes
761 4041 803 4110 da
822 4042 988 4128 Liningcn
1016 4041 1148 4130 senior,
1175 4039 1375 4110 Eberhardus

255 4141 288 4206 et
313 4136 500 4206 Walramus
515 4139 529 4216 11
544 4137 662 4209 iratres
695 4142 834 4210 comites
861 4139 902 4209 dc
928 4139 1164 4208 chnbruhcn
1191 4145 1226 4208 et
1249 4138 1376 4208 Emicho

255 4252 370 4304 comcs
389 4235 431 4304 de
448 4234 615 4323 biningen
633 4239 751 4310 litteris
766 4235 780 4314 ΙΙ
794 4239 1006 4330 presentibus
1026 4239 1248 4308 testimonium
1265 4238 1370 4328 perhi-
