2884 4834
15 285 16 300 r
395 241 558 290 cornnrnus
579 241 616 287 nr
636 241 801 288 susurnam.
1098 212 1167 280 133

14 323 16 404 ἱ
49 397 138 468 usque
162 379 206 446 ad
231 378 352 448 testum
376 381 617 469 purificationis
650 381 749 450 beate
775 381 922 467 Virginis
949 381 1163 469 subsequens
1185 386 1251 443 1290

50 479 146 570 [1289
165 497 246 565 ang.
266 479 310 548 29
330 519 374 528 »-
398 480 491 548 1290
509 479 572 548 leb.
592 478 644 572 2].

106 575 204 646 rinno
232 575 355 646 domini
381 580 584 647 mcelxxux.
620 581 767 667 proxima
799 578 880 646 seria
913 579 1062 648 secunda
1090 587 1167 648 ante

48 679 270 746 ascensionem
289 677 419 746 Domini
438 674 519 769 [mai
538 675 578 768 8]
599 677 681 747 obiit
694 676 856 746 Rndollus
874 679 1031 768 princeps
1050 685 1084 748 et
1101 678 1169 748 dux

48 777 176 866 suerio,
197 775 287 845 lilius
306 778 514 846 invictissimi
533 777 656 845 domini
674 776 805 846 liudolfi
822 777 1045 847 Romanorum
1064 779 1167 867 regis,

46 875 119 963 apud
136 877 249 962 Prage
272 878 306 944 in
330 883 415 945 terra
434 877 609 965 Bononio,
637 884 671 944 et
694 875 834 945 traditus
860 877 920 944 luit
947 877 1116 966 sepulture
1133 879 1167 944 in

46 982 138 1043 castro
157 976 304 1044 civitatis
323 975 482 1067 predicte,
500 995 575 1044 eum
593 977 698 1044 creari
715 975 853 1044 deberet
870 977 994 1045 anxilio
1012 977 1115 1064 putris
1133 978 1168 1044 in

46 1093 142 1160 regern
159 1073 404 1164 Romanorum,
431 1082 527 1164 pater
548 1093 629 1144 vero
655 1076 688 1141 in
710 1077 949 1163 imperatorem.
995 1075 1046 1143 Dc
1073 1077 1167 1143 cuius

45 1181 131 1242 uerte
149 1180 225 1242 tota
242 1173 336 1242 dolet
350 1174 536 1263 Germania,
552 1192 595 1242 cn
610 1192 652 1242 eo
672 1173 762 1261 quud
776 1173 877 1243 iudex
892 1181 961 1244 erut
977 1193 1064 1262 eque
1079 1173 1167 1242 iudi-

45 1291 126 1363 cens,
145 1280 180 1341 et
199 1275 273 1341 suis
290 1275 432 1347 inimicis
448 1275 599 1342 inimicus
618 1289 770 1342 severus.

102 1372 294 1458 Alcmpore
310 1372 466 1454 dudardus
483 1375 573 1460 repis
595 1389 697 1458 usque
714 1373 762 1439 ad
775 1371 862 1441 duaa
877 1373 985 1440 lacum
1001 1373 1166 1459 compita·

43 1477 95 1537 turn
109 1477 160 1538 ert
174 1489 223 1538 ea
239 1473 397 1540 maedam
413 1471 605 1540 Elteadardr'
617 1475 852 1558 procuratoris
874 1471 1004 1557 [abaco
1029 1472 1167 1540 ecclesie

43 1571 276 1656 lrpcutirtcractr
290 1589 353 1657 per
370 1572 554 1656 lintfridum
572 1573 738 1639 notarium
755 1574 846 1640 curie
862 1572 1110 1660 Arpentr'uenrie
1126 1571 1167 1638 dc

43 1669 234 1757 dumiuperr.
263 1672 308 1738 Et
322 1673 400 1757 puio
413 1675 580 1758 premissa
597 1689 620 1737 a
637 1677 782 1757 ternpore
798 1674 935 1758 triptota
957 1690 1119 1739 aneorum
1135 1676 1169 1738 et
1222 1707 1225 1712 ·

43 1759 169 1854 amplias
194 1788 260 1856 per
281 1771 452 1856 prefatum
474 1768 710 1838 Ellaadardum
740 1776 774 1838 ct
796 1772 844 1839 ad
864 1774 936 1838 aas
950 1771 1166 1854 mandatum,

39 1871 260 1952 placatores
276 1869 427 1938 uidelicet
442 1869 573 1954 fabrica
587 1871 753 1956 predicte,
778 1889 838 1938 uec
854 1889 919 1939 aare
933 1872 1166 1956 procuratoris

40 1986 210 2053 pauperum
224 1968 522 2055 medendarioruuc
545 1971 654 2036 sancti
670 1970 815 2055 Spiritus
831 1973 866 2036 la
879 1969 1072 2057 Arpeutirca,
1089 1973 1167 2035 eunt

40 2071 226 2154 comcmpta,
243 2071 360 2136 menta
381 2089 447 2155 pro
465 2087 505 2136 aa
528 2073 561 2136 et
576 2069 791 2154 compilatore
808 2074 858 2136 est
873 2069 1043 2136 arandara.
1074 2067 1164 2135 auae

40 2166 156 2249 pallia
168 2168 281 2249 fidelis
305 2171 538 2254 suprascripta
560 2170 768 2254 prospiciens
792 2173 825 2236 et
845 2169 957 2255 ceperas
981 2170 1164 2236 oratiomm

40 2265 114 2332 dicat
136 2268 336 2356 dominicam
370 2287 444 2336 aura
478 2268 680 2336 salutatione
710 2269 846 2354 uirpr'atr
860 2279 865 2286 ’
872 2269 1017 2356 pluriora
1041 2269 1075 2334 ira
1105 2285 1163 2334 re-

39 2365 163 2434 medium
181 2369 370 2434 ammarum
400 2385 552 2451 suarum,
584 2372 621 2434 ut
643 2368 715 2453 ipre
741 2385 785 2434 aa
809 2366 873 2436 doc
904 2369 1054 2436 meritum
1082 2385 1163 2434 coa-

38 2470 183 2550 cppuatur
201 2467 296 2552 apud
314 2466 419 2534 deum.

99 2563 198 2634 Anno
217 2564 342 2633 domini
360 2567 586 2636 meclxxxxi.
604 2567 697 2653 regni
716 2565 839 2634 domini
856 2563 987 2632 liudolfi
1005 2563 1059 2631 dei
1078 2581 1157 2648 gra·
1177 2575 1242 2630 1291

39 2663 75 2727 tia
97 2663 317 2732 Romu-norum
343 2667 433 2751 regis
458 2683 590 2755 semper
609 2666 743 2751 augusti
762 2663 1033 2748 decimooctavo,
1053 2660 1160 2730 dorni-

38 2762 100 2828 nica
125 2782 191 2850 qua
219 2769 370 2832 cantatur
396 2763 535 2833 Cantate
563 2761 645 2856 [mai
663 2761 746 2854 20]‚
765 2764 902 2831 illustris
921 2761 1074 2830 dominns
1092 2759 1161 2828 Ru-

39 2858 136 2929 dolius
156 2881 215 2931 rex
234 2862 403 2951 predictus
422 2864 540 2934 indixit
558 2871 592 2932 et
608 2864 807 2932 convocavit
820 2863 942 2930 curiana
956 2859 1044 2948 apud
1058 2859 1162 2930 Fren-

39 2958 157 3030 ienlurt
183 2961 437 3051 celebrandam,
462 2982 530 3031 nnn
557 2964 660 3032 multo
685 2969 832 3051 tempore
851 2959 1031 3030 antediem
1051 2957 1161 3027 obitus

41 3060 98 3147 sui,
111 3062 233 3130 volens
247 3059 386 3131 Romani
404 3065 498 3149 regni
518 3062 720 3132 desolationi
735 3059 928 3150 providere,
949 3059 1048 3127 lilium
1066 3076 1162 3126 sunm

41 3155 141 3226 ducein
168 3159 304 3232 Austrie
329 3161 508 3230 intendens
534 3162 692 3250 prolicere
719 3162 753 3228 in
777 3159 913 3250 eodem,
943 3161 1054 3226 sciens
1074 3159 1160 3225 enim

40 3272 69 3322 se
85 3257 168 3326 diem
187 3278 284 3327 suum
302 3261 367 3328 cito
387 3251 543 3329 claudere
561 3259 683 3329 debere
702 3265 891 3328 extromum.
930 3259 968 3326 ln
988 3276 1053 3346 qna
1072 3258 1161 3324 ouria

40 3365 257 3426 convenerunt
274 3377 391 3428 omres
410 3361 577 3448 principes
595 3359 784 3448 Alemanie,
810 3359 974 3427 electores
993 3358 1080 3424 sacri
1099 3357 1160 3422 irn-

39 3457 106 3538 perii
125 3456 315 3546 dumtaxat,
335 3464 369 3527 et
386 3460 419 3526 in
438 3458 558 3528 ducem
575 3456 707 3528 Austrie
733 3457 924 3544 eligendum
940 3457 974 3523 in
992 3455 1160 3524 Romano-

40 3571 95 3620 rum
112 3575 224 3644 regern
243 3558 422 3626 noluerunt
440 3559 640 3627 consentire.
668 3558 704 3626 ln
723 3558 879 3626 caeliam
900 3556 988 3624 ouria
1006 3553 1160 3623 dominus

40 3650 189 3724 liudolfus
208 3673 267 3725 rex
285 3655 453 3744 predictus
471 3657 505 3724 in
524 3664 670 3726 extremo
690 3674 752 3726 suo
776 3655 917 3724 sedebat
935 3655 1078 3742 honore,
1098 3669 1159 3719 se-

42 3749 111 3821 dans
128 3756 162 3823 in
181 3756 268 3824 solio
287 3758 398 3846 regni,
423 3755 558 3825 indutus
576 3774 717 3846 purpura
742 3762 776 3824 et
792 3754 885 3822 bisso
904 3773 943 3823 ao
962 3751 1160 3838 diademate,

40 3861 191 3939 sceptrum
211 3861 331 3923 tenens
350 3855 383 3922 in
403 3873 596 3945 munusue,
616 3872 807 3942 coronaque
826 3860 1018 3922 coronatus.

100 3950 169 4032 Qua
188 3952 346 4041 expedite
364 3955 470 4043 curia,
489 3973 548 4022 rex
565 3952 754 4022 antedictus
771 3952 941 4040 adportes
957 3951 1084 4020 alsatie
1100 3968 1159 4018 su-

40 4050 161 4131 perioris
179 4053 321 4120 veniens
340 4051 382 4120 de
401 4055 471 4121 suis
490 4053 636 4139 negotiis
654 4059 865 4121 tractaturus.
900 4053 1030 4120 Etcum
1050 4049 1158 4118 modi-

40 4161 100 4214 cun
122 4150 164 4218 ibi
190 4154 358 4241 stetisset,
382 4150 558 4220 deseendit
576 4151 772 4220 festinanter
789 4168 908 4218 versus
927 4149 1156 4238 Argentinarn,

39 4241 132 4333 ibique
150 4252 332 4339 permansit
350 4257 429 4320 octo
447 4249 575 4320 diebus.
610 4249 801 4319 immediate
828 4252 980 4319 sentiens
1001 4267 1038 4316 se
1057 4245 1157 4316 debi-
