2886 4834
407 203 536 252 trrruuus
557 202 782 284 cursuscursus.
1116 175 1161 244 39
1261 275 1265 282 η

52 346 120 414 belis
142 361 205 410 non
235 347 365 430 poterat
389 359 592 430 expugnare.
641 341 741 410 Cives
768 343 912 410 civitatis
930 342 1051 427 bingin
1078 359 1156 412 seso
1177 352 1241 410 teor

52 443 167 512 ilberto
197 442 266 528 regi
297 439 517 510 Romanorum
549 441 691 529 septime
722 446 755 508 ot
790 446 888 509 sexto
923 441 987 508 bal.
1015 439 1161 510 octobris

54 539 137 634 [sept.
154 541 210 608 25.
229 537 304 632 26],
324 559 399 608 curn
416 548 546 610 cometa
564 559 602 608 se
620 538 874 627 inspicientibus
893 539 1074 630 exhiberet,
1093 545 1161 608 tre-

52 640 183 710 diderunt
201 638 263 707 sub
281 638 484 709 venditione.
517 638 713 708 Procedenti
739 656 828 706 anno
855 639 946 706 venit
971 637 1013 708 de
1039 637 1162 725 Anglia

52 742 128 826 virgo
158 737 278 806 decora
311 737 410 806 valdo
443 739 631 828 pariterque
662 735 825 826 iucunda,
860 736 978 806 dicens
1012 738 1161 826 spiritum

53 844 181 908 sanctum
198 838 403 906 incarnatum
420 838 454 906 in
472 836 733 926 redemptionem
751 837 937 924 mulierum3
957 843 990 906 et
1008 836 1160 923 baptiza·

10 973 11 976 =
52 941 87 1004 vit
102 937 246 1006 mulieres
264 938 449 1006 innomine
476 938 578 1025 patris
604 935 660 1004 irlii
678 953 718 1004 ac
736 937 798 1004 sui.
824 933 897 1016 Que
915 942 1043 1004 mortua
1060 935 1161 1005 ducta

51 1037 97 1105 luit
111 1038 140 1104 in
157 1035 383 1104 Mediolanum
407 1035 452 1103 ibi
479 1041 513 1103 ct
538 1041 766 1121 concremata;
795 1036 889 1104 cuius
915 1037 1043 1104 cineres
1062 1033 1162 1104 irater

52 1137 201 1204 lohannes
233 1135 277 1204 de
298 1135 516 1203 Wissenburc
541 1132 666 1207 ordinis
694 1133 827 1203 iratrum
851 1133 1096 1202 Prodioutorum
1122 1151 1160 1204 se

51 1235 155 1303 vidisse
170 1233 319 1323 pluribus
337 1233 509 1302 reserabat.
541 1233 614 1302 Ruit
630 1233 884 1302 inScblecistat
900 1234 1032 1302 invenis
1052 1234 1109 1322 qui
1126 1234 1160 1302 in

10 1333 12 1404 ³
53 1351 135 1422 parvo
159 1335 228 1402 rivo
254 1332 360 1402 Rheni
385 1333 446 1401 luit
464 1334 600 1421 turpiter
617 1332 810 1401 submersus
818 1354 827 1419 ;
852 1333 881 1399 is
900 1338 978 1400 ante
996 1331 1161 1400 modicum

10 1483 12 1512 ἶ
41 1435 182 1521 temporis
207 1433 371 1518 virginem
397 1433 562 1502 violenter
586 1430 815 1502 defloraverat.
848 1430 1012 1500 Dominus
1029 1431 1160 1500 loban-

11 1557 12 1600 ι
51 1551 96 1600 ιιι
112 1533 199 1600 miles
227 1531 337 1600 dictus
359 1531 401 1600 de
419 1531 607 1618 Nortgesse
633 1531 798 1599 contruxit
822 1532 1061 1600 matrimonium
1086 1549 1160 1600 cunr

50 1632 201 1699 iuvenculu
227 1629 271 1699 de
288 1630 443 1698 Hudistat
460 1632 494 1698 in
512 1629 600 1699 lesio
618 1630 721 1698 Lucio
739 1629 829 1698 bonu
845 1631 1018 1718 utriusque
1036 1631 1159 1700 volun·

52 1735 109 1797 tute.
132 1730 293 1798 Dominus
319 1730 592 1820 archiepiscopus
614 1729 906 1818 Moguntinensis‚
932 1729 1159 1818 archiepisco—

54 1847 99 1915 pus
120 1829 331 1898 coloniensis
357 1835 391 1898 ct
416 1825 691 1917 archiepiscopus
709 1827 917 1896 Trevircnsis
944 1827 1078 1896 domino
1098 1826 1159 1896 Al-

52 1927 122 1996 bertc
138 1929 207 2015 regi
224 1927 447 1998 Romanorum
465 1933 609 1996 oestrum
633 1925 799 2016 Rinsperg
824 1933 903 2015 post
928 1928 1019 2013 regis
1043 1945 1158 1996 reces-

51 2045 106 2094 sun
121 2027 338 2114 obsedonrnt3
365 2027 456 2115 quod
482 2033 518 2094 ut
543 2046 602 2095 rex
617 2028 782 2096 intellexit
798 2027 988 2116 revertitur,
1016 2032 1050 2094 et
1067 2026 1159 2114 opis·

12 2214 13 2218 Ἴ
50 2129 107 2214 copi
121 2130 339 2196 recesserunt.

106 2225 255 2294 llcccii..
280 2225 351 2293 Rex
385 2225 524 2293 Rrunoie
548 2223 679 2294 fratrom
704 2241 800 2293 suum
823 2223 976 2292 Carnium
1001 2241 1099 2311 quem
1126 2225 1160 2292 in

9 2373 12 2376 .
52 2324 217 2411 procedenti
244 2343 335 2393 anno
361 2325 409 2410 in
424 2324 621 2393 adiutorium
654 2343 741 2413 pape
767 2343 841 2392 euru
867 2325 977 2392 multis
1004 2322 1159 2391 militibus

52 2425 158 2492 armetis
176 2425 405 2493 transmiserat
431 2424 622 2511 simpliciter
638 2426 818 2493 revocavit.
851 2423 942 2511 Papa
959 2440 1039 2492 veru
1057 2423 1159 2510 privi-

13 2517 14 2541 ’
52 2520 120 2608 legia
136 2522 257 2592 domini
276 2525 365 2609 regis
384 2522 520 2591 Francia
539 2541 602 2592 nec
620 2541 688 2592 non
705 2521 889 2610 principum
907 2524 980 2590 eius
1011 2523 1160 2590 cessavit

13 2613 14 2667 ἰ
52 2626 75 2684 ιι
89 2623 221 2692 totaliter
239 2622 358 2691 dicitur
376 2621 555 2692 delevisse.
587 2622 623 2690 ln
644 2621 740 2709 Spiru
764 2623 857 2689 cives
883 2621 1024 2688 clericos
1051 2638 1159 2707 expu-

13 2711 14 2718 ’
52 2718 145 2788 lemnt.
174 2722 211 2790 ln
228 2721 349 2790 Lubelr
366 2723 458 2790 cives
483 2722 624 2790 clericos
642 2721 850 2808 expulerunt.
868 2719 912 2786 ‘ln
930 2719 1048 2790 Brema
1067 2719 1159 2786 cives

13 2819 14 2824 ’
52 2835 107 2886 cun
122 2821 205 2890 clero
224 2821 351 2890 sortiter
367 2819 551 2907 litigabunt.
587 2821 695 2888 Tertia
722 2819 776 2888 die
793 2824 873 2907 post
889 2816 1029 2906 Philippi
1047 2823 1082 2885 et
1098 2815 1158 2883 Ja-

54 2917 108 2984 cobi
125 2915 200 3009 [mai
220 2917 263 3011 d]
283 2921 376 2988 venit
393 2921 510 3006 regina
526 2921 617 3006 rogis
635 2917 760 2988 Alberti
777 2919 811 2986 in
826 2915 1066 2986 Columbariam
1085 2933 1158 2984 cunr

53 3014 155 3086 duabus
177 3020 304 3105 reginis
330 3023 364 3087 et
397 3025 560 3108 apparatu
586 3036 721 3108 magno,
757 3024 791 3086 et
824 3015 935 3085 subito
969 3014 1158 3084 recedebat.

53 3113 359 3187 tiresBituriccnses
377 3117 592 3204 regiRruncie
610 3119 643 3186 in
661 3115 818 3185 oonllietu
835 3121 872 3184 ut
889 3114 1061 3184 dicebatur
1078 3131 1159 3202 sep·

53 3213 195 3298 tingentes
221 3217 374 3286 bomincs
399 3213 602 3285 occiderunt.
631 3216 737 3284 Beata
762 3216 857 3302 virgo
881 3214 988 3282 Maria
1014 3214 1102 3301 cepit
1125 3214 1158 3280 in

54 3309 197 3384 Horburcb
222 3334 289 3404 que
314 3321 367 3384 est
393 3332 496 3404 prope
523 3315 763 3384 columbarium
789 3314 953 3382 miraculis
972 3329 1158 3382 coruscare.

11 3413 14 3499 j
54 3408 146 3480 Nuncii
161 3411 286 3484 Alberti
304 3415 393 3501 regis
412 3415 632 3484 Romanorum
664 3414 706 3482 de
723 3413 827 3482 Romu
843 3417 1017 3500 venerunt,
1036 3417 1070 3478 et
1087 3411 1157 3496 rogi

12 3507 13 3527 *
54 3509 160 3582 clausas
185 3515 299 3584 literas
325 3519 550 3602 portaverunt.
585 3513 655 3582 lsto
682 3531 771 3582 anno
800 3512 860 3580 luit
886 3510 1044 3598 gencrale
1063 3509 1156 3595 cupi-

12 3607 13 3613 ’
54 3608 132 3677 tulum
164 3612 287 3682 ordinis
320 3611 453 3682 fratrum
485 3611 728 3681 Prodioutorum
764 3611 916 3680 Bononio
947 3607 1156 3676 celebratum.

54 3703 135 3782 Nocte
150 3713 359 3782 ascensionis
378 3713 501 3782 domini
519 3713 602 3800 pluit
620 3716 795 3800 serpentes
814 3711 869 3798 qrri
888 3713 1050 3778 vocantur
1064 3725 1156 3775 was·-

11 3807 12 3849 r
57 3807 162 3878 serlalb
185 3812 218 3880 in
244 3812 452 3881 Columbaria
479 3817 512 3880 et
538 3810 737 3899 quibusdum
763 3809 836 3876 eliis
863 3808 947 3876 locis
975 3808 1008 3875 in
1035 3823 1156 3893 magna

11 3903 12 3908 ’
56 3911 218 3987 partitate.
254 3911 290 3978 ln
308 3909 456 3980 Remlren
474 3911 615 3978 castello
633 3927 716 3997 puer
740 3909 868 3977 circiter
892 3905 1068 3976 duodecim
1094 3924 1157 3974 an·

11 3998 14 4047 2
57 4018 145 4075 rorum
166 4009 355 4078 interimitur
378 4009 543 4078 uludeis.
578 4009 737 4078 Stoimero
763 4008 846 4076 civis
874 4005 1156 4076 columbariensis

10 4106 14 4168 ἒ
57 4105 229 4177 urobilibus
247 4108 289 4178 do
308 4108 491 4178 Hunuowir
508 4103 678 4177 occiditur.
712 4107 834 4193 Vigiliu
853 4103 1002 4174 Oswaldi
1020 4103 1155 4172 Rhenus

10 4261 11 4270 ,
56 4196 211 4296 inundavit,
247 4214 382 4297 pontem
409 4207 513 4278 Rheni
539 4209 632 4296 lesit,
669 4211 803 4295 pontem
835 4205 1066 4274 Brisaccnsenr
1094 4199 1155 4268 de-
