2884 4834
353 247 516 296 euremarus
536 247 573 296 aa
594 247 767 294 aususausus.
1076 220 1144 287 illd

6 435 8 448 .
30 385 162 458 dcadum
179 383 225 454 de
246 404 306 455 sua
324 387 507 477 interesse,
528 385 618 476 quod
636 385 703 454 dux
716 383 851 455 dustria
866 385 1031 455 mandatis
1049 388 1142 476 pria·
1162 401 1228 456 ttae

31 489 115 575 cipum
136 503 239 554 aures
265 492 361 574 prout
387 485 503 553 debuit
528 487 632 555 voluit
658 486 817 554 inclinare
843 494 877 553 et
900 486 1055 576 obedire,
1083 505 1144 555 as·

31 585 216 673 sumptisque
236 585 297 654 sibi
315 580 545 672 sexingeatis¹
565 585 721 672 Ungariis
746 603 819 652 eum
837 583 980 652 arcubus
999 591 1087 653 retro
1106 603 1145 654 se

31 685 165 752 uelociter
184 684 444 774 sagittantibus,
464 684 592 772 absque
611 686 700 754 omni
727 691 888 752 armatura
908 684 1144 773 equitantibus,

6 799 7 806 ¹
31 783 146 872 capillos
164 782 292 870 longos
311 783 500 852 admodum
514 785 686 852 mulierum
700 784 825 870 ligatos
841 783 1051 873 habentibus,
1067 784 1145 852 bar-

6 933 7 954 1
29 884 134 970 basque
158 882 286 969 longas
313 882 355 951 ad
373 882 506 951 modum
524 881 660 952 fratrum
679 883 958 952 Theutonicorum
977 884 1145 972 portanti-

6 1043 7 1046 ,
30 983 90 1070 bus,
114 983 170 1069 qui
196 983 333 1069 inquam
360 981 495 1068 Ungarii
518 981 605 1052 adeo
631 981 777 1050 audaees
797 983 927 1050 luerunt
945 989 979 1049 et
995 982 1144 1070 veloces,

30 1080 98 1167 quod
121 1081 217 1148 nulla
242 1100 330 1168 aqua
354 1079 429 1170 luit,
457 1082 536 1169 quin
563 1083 645 1170 ipsis
673 1083 833 1150 transitus
852 1087 980 1169 pateret
995 1099 1055 1170 per
1072 1099 1145 1149 eam

30 1189 76 1247 tam
91 1178 205 1248 nando
227 1199 324 1268 quam
344 1180 534 1269 equitando,
555 1182 758 1267 octingentis
777 1183 875 1249 etiam
891 1181 1063 1266 armigeris
1080 1197 1145 1246 no-

30 1279 148 1369 bilibus,
169 1281 230 1366 qui
253 1280 413 1347 nominati
432 1278 563 1348 luerunt
588 1280 823 1370 sperhnappen
842 1281 1029 1366 ungeringe
1054 1279 1144 1366 vett,

29 1385 251 1466 assumptoque
280 1379 344 1446 sibi
370 1377 456 1446 duee
485 1378 527 1446 de
552 1379 708 1446 llernden
734 1381 862 1448 sororio
890 1395 974 1461 suo,
996 1379 1145 1466 quicum

29 1476 146 1544 dueibus
171 1477 358 1546 baronibus
385 1477 560 1547 comitibus
586 1485 619 1545 et
636 1477 709 1546 aliis
728 1477 1023 1546 innumerabilibus
1043 1476 1144 1546 nobi-

28 1575 95 1643 libus
117 1579 297 1668 personiS,
323 1577 521 1654 habentibus
547 1577 634 1645 mille
659 1595 766 1666 equos
791 1578 957 1646 valeratos
977 1595 1039 1644 seu
1058 1576 1145 1644 deu·-

29 1677 139 1764 tmrios,
167 1678 234 1744 iter
260 1694 379 1744 versus
398 1674 523 1744 Renum
542 1677 575 1742 in
595 1677 712 1744 Christi
731 1677 864 1744 nornine
883 1683 1145 1764 assumpserunt.

29 1773 55 1840 la
76 1776 165 1842 euius
192 1776 282 1842 enim
310 1777 458 1843 exercitu
484 1775 561 1855 dieti
586 1775 681 1844 dueis
704 1774 838 1844 Austrie
857 1776 1049 1861 obtingente
1070 1795 1145 1842 mu-

27 1873 106 1941 lieres
122 1875 277 1963 iverunt,
297 1892 432 1961 quarum
450 1893 651 1962 unaqueque
675 1875 817 1961 singuiis
842 1877 1033 1961 septimanis
1053 1874 1144 1941 dedit

6 1981 7 1984 ’
29 1991 108 2039 unum
132 1972 309 2041 denarium
335 1973 477 2042 offieiato
496 1973 539 2042 ad
558 1975 621 2042 hoe
639 1975 817 2063 deputato,
845 1973 901 2061 qai
920 1991 979 2040 eas
997 1971 1146 2040 defendit

28 2070 135 2158 absque
154 2074 247 2141 omni
266 2073 453 2142 turbatione
472 2079 505 2140 et
522 2073 651 2142 lesione
670 2073 903 2160 qualicunque.
939 2071 1041 2139 llraut
1059 2073 1145 2138 enim

29 2170 146 2255 predicti
164 2170 330 2241 Rudolius
348 2191 406 2239 reu
423 2171 645 2241 Romanorum
664 2181 697 2240 et
714 2171 871 2240 hibertus
892 2172 976 2238 lulius
991 2173 1063 2239 eius
1077 2169 1145 2238 dux

29 2267 142 2337 hustrie
159 2270 339 2338 vexilliferi
358 2278 391 2338 et
409 2272 501 2338 aives
519 2270 796 2356 ,irgentiuerrses.
815 2271 890 2338 Dux
909 2273 995 2338 enim
1009 2269 1144 2338 Austrio

30 2372 102 2436 vemt
118 2387 228 2457 usque
248 2369 450 2438 Waldeshut
467 2372 595 2457 absque
615 2372 702 2438 omni
715 2370 860 2438 ,lesionis
879 2370 1038 2458 periculo,
1060 2371 1146 2436 siout

29 2480 69 2532 cst
90 2468 309 2536 manifestum.
350 2467 499 2550 Qualiter
525 2477 636 2537 autera
666 2471 756 2537 eires
783 2469 1050 2582 Argentiucnses
1080 2469 1144 2557 ipsi

29 2567 142 2635 mutam
173 2567 346 2657 dederint,
375 2575 407 2636 et
434 2568 574 2656 qualiter
600 2568 784 2636 subsidium
810 2569 839 2636 ei
866 2569 1084 2655 prostiterint,
1112 2575 1145 2634 et

7 2666 164 2749 {quamdiu
192 2666 283 2756 apud
308 2667 503 2754 llenziugen
531 2677 645 2734 curura
665 2685 777 2753 regern
801 2663 955 2734 Adollam
975 2684 1012 2733 se
1031 2683 1144 2753 oppo-

7 2755 9 2850 l
28 2767 153 2854 suerint,
174 2774 209 2834 et
227 2773 370 2853 quantas
389 2785 556 2854 expensas
575 2767 801 2853 sustinuerint,
820 2765 974 2832 ridebitis
989 2765 1144 2852 superias

28 2879 91 2930 esse
115 2871 285 2954 notatum,
312 2872 346 2933 et
364 2867 505 2954 qualiter
530 2866 571 2932 ad
601 2867 767 2933 ciuitatem
788 2865 1004 2951 Argentinam
1022 2881 1146 2952 pervo-

29 2965 103 3030 uerit.

86 3063 261 3132 llxistente
277 3063 362 3131 duee
380 3061 512 3132 dustria
528 3063 678 3154 predicto
696 3064 728 3130 in
745 3065 881 3131 ciuitate
897 3061 1146 3150 argentinensi,

31 3175 61 3224 cu
76 3162 234 3232 relatione
253 3163 398 3232 ueridica
416 3165 488 3232 eius
507 3163 678 3232 instillavit
696 3163 848 3250 auribus,
874 3164 963 3250 quod
983 3163 1145 3248 ciuitates,

31 3257 168 3330 uidelicet
191 3261 462 3348 Hagenowensis
479 3262 649 3351 Spirensis
674 3262 934 3329 Worunaciensis
954 3269 986 3328 et
1005 3257 1145 3348 Oppon-

33 3355 210 3451 heimensiS,
230 3379 349 3450 panem
366 3379 477 3450 neque
496 3363 606 3431 uinum
626 3379 688 3428 aee
706 3362 769 3428 alia
786 3361 979 3428 necessaria
994 3359 1057 3427 sibi
1073 3358 1146 3425 uel-

32 3452 86 3524 lent
100 3460 246 3529 vendere
255 3513 265 3550 ,
284 3460 344 3528 sed
362 3461 425 3548 ipsi
441 3469 474 3530 et
490 3463 560 3530 sais
575 3459 780 3528 adiutoribus
796 3475 965 3548 opponere
984 3457 1018 3524 in
1037 3473 1146 3544 quan·

34 3559 84 3623 tun
100 3567 249 3646 possent.
276 3559 349 3627 lloe
367 3568 523 3650 percepto
542 3560 609 3628 dux
626 3558 758 3627 Austris
773 3560 885 3626 vocari
899 3558 1044 3625 iusserat
1056 3553 1147 3621 illurn

34 3651 65 3720 de
79 3654 303 3744 laudemburg
328 3677 423 3728 suum
450 3660 683 3747 marsealeum,
709 3664 742 3724 et
765 3658 864 3725 tussit
887 3673 962 3723 eam
980 3670 1147 3723 annonam

34 3753 125 3822 vinum
144 3763 178 3824 et
201 3757 266 3825 alia
284 3759 478 3826 necessaria
499 3775 609 3826 emere
628 3758 680 3824 vel
698 3755 927 3824 accomodare.
954 3751 1018 3834 Qui
1036 3769 1145 3822 mars-

35 3851 129 3921 calcus
154 3857 322 3945 preceptis
350 3855 473 3925 domiai
491 3857 542 3924 sui
561 3855 667 3924 voluit
684 3853 818 3923 obedire
838 3861 872 3922 et
890 3859 1066 3940 rogaverat
1084 3851 1147 3921 ali-

35 3967 103 4033 quos
119 3956 211 4022 aives
227 3951 489 4041 Argentinenses
508 3954 598 4044 quod
613 3955 642 4022 ei
657 3971 822 4022 annonam
836 3953 1030 4022 venderent.
1049 3949 1147 4032 Quo-

34 4064 90 4116 rum
114 4053 213 4142 aliqui
238 4054 287 4123 sie
306 4054 562 4143 responderunt:
591 4053 684 4122 lieet
708 4069 807 4120 anam
828 4051 984 4139 quartale
1008 4050 1147 4138 etttptntc

36 4149 179 4223 crantor
195 4151 274 4221 berre
287 4173 353 4240 pro
369 4154 481 4221 deeora
500 4153 617 4221 solidis
634 4149 930 4238 argentinensium,
948 4155 981 4216 et
995 4148 1147 4235 paartole

61 4259 86 4321 l)
103 4262 235 4329 sexaginta
254 4262 320 4314 oder
338 4262 386 4316 elur
403 4263 544 4316 sexcentis.

63 4352 187 4404 cosanus
207 4358 328 4404 roaros.
347 4363 371 4402 a.
921 4347 950 4398 ¹⁰
