2886 4834
374 778 622 852 CHRONICON
651 781 967 854 COLMARIENSE.
1022 783 1298 854 1218-1303,

264 1097 394 1184 liudolfi
432 1102 695 1270 Hodirburpensis
735 1111 811 1174 unte
852 1109 1008 1194 adeptum
1047 1109 1174 1194 regium
1209 1107 1394 1193 dignitatem

362 1218 417 1268 res
441 1221 500 1289 ges
514 1221 564 1271 oe.

335 1313 470 1422 Comes
488 1350 645 1423 Alberlus
665 1355 707 1424 de
725 1355 913 1424 Habisburo
931 1354 972 1424 de
991 1370 1095 1424 uxore
1112 1373 1174 1422 sua
1187 1353 1314 1423 liberos
1332 1371 1394 1440 ga-

264 1455 337 1522 nnit
354 1503 466 1520 .....
499 1453 580 1522 Filia
606 1473 672 1522 una
699 1457 815 1545 nuptui
837 1455 973 1524 traditur
997 1455 1107 1523 eomiti
1130 1454 1173 1524 de
1198 1453 1394 1540 Cussabere‚

264 1552 369 1622 altera
386 1553 421 1620 in
439 1551 618 1622 elaustrum
636 1553 841 1623 dominarum
867 1554 909 1622 de
926 1551 1122 1622 Adelbusen
1139 1571 1244 1642 prope
1262 1551 1394 1620 Fribur·

265 1669 344 1737 gum
362 1649 488 1723 ordinis
508 1650 642 1720 fratrum
661 1653 904 1722 Predioatorum
923 1653 1123 1742 collocatur,
1153 1653 1187 1720 in
1212 1669 1280 1739 quo
1299 1653 1395 1719 vitam

265 1767 359 1820 suam
376 1749 587 1820 laudabiliter
604 1754 853 1820 consummavit.
880 1753 987 1821 Unum
1013 1741 1290 1820 iliumoleriourn
1309 1749 1394 1836 loeit,

265 1851 364 1938 eique
382 1849 545 1918 benoliola
562 1851 701 1938 plurima
720 1852 877 1942 eontulit,
903 1851 965 1920 sed
988 1852 1119 1920 iuvenis
1137 1849 1179 1920 de
1198 1850 1264 1918 boo
1282 1850 1394 1918 seoulo

265 1950 427 2036 migravit.
457 1949 594 2018 [luobus
612 1949 808 2036 dignitatem
826 1951 1072 2038 dominiumque
1086 1949 1257 2037 commisit,
1274 1955 1309 2016 et
1325 1949 1394 2037 ipse

264 2066 337 2117 oum
355 2047 477 2118 lamilia
496 2067 558 2116 sun
575 2047 617 2116 ad
637 2052 872 2119 transmarinas
899 2057 1010 2138 partes
1028 2049 1253 2117 transmeavit.
1285 2046 1395 2115 Frater

264 2149 395 2216 oomltis
418 2146 550 2217 lludolli
585 2147 853 2234 Langobardiam
885 2150 1037 2236 intravit,
1065 2148 1177 2235 ibique
1211 2148 1341 2235 eapitur
1367 2152 1395 2212 et

262 2247 362 2315 vitam
380 2265 475 2316 suam
501 2248 535 2314 in
553 2249 744 2336 captivitate
769 2248 998 2318 miserabiliter
1024 2247 1137 2316 linivit.
1181 2245 1302 2316 Comes
1329 2243 1394 2314 llu-

264 2344 375 2415 dollus
394 2363 431 2415 se
451 2345 558 2414 solum
576 2347 725 2416 sentiens
743 2349 774 2416 in
793 2347 953 2434 dignitate
969 2349 1194 2434 constitutum,
1209 2344 1395 2431 vidensque

263 2445 391 2514 vieinos
416 2463 497 2514 suos
521 2447 659 2514 uomitus
678 2445 801 2516 divitiis
828 2446 1017 2537 abundare,
1047 2463 1084 2514 se
1108 2451 1216 2514 autem
1242 2451 1395 2532 respectu

263 2543 401 2612 aliorum
431 2545 465 2612 iu
494 2545 702 2633 pauperitate
728 2563 789 2614 sen
815 2547 949 2615 miseria
972 2546 1204 2632 dormitatum,
1236 2543 1395 2629 eogitari

263 2642 432 2730 quomodo
449 2649 566 2732 posset
584 2641 718 2713 divitias
735 2644 1019 2734 comprehendere
1037 2643 1246 2732 temporales.
1274 2641 1394 2710 Consi-

263 2741 385 2812 derans
413 2745 511 2812 etiam
539 2743 630 2830 quod
656 2761 711 2812 res
744 2762 883 2830 magnas
910 2763 969 2833 per
998 2761 1118 2830 preces
1145 2748 1202 2810 aut
1232 2742 1393 2809 iusticiam

262 2840 373 2910 subito
391 2841 674 2930 comprehendero
691 2860 760 2912 non
777 2843 913 2933 valeret,
931 2842 1129 2912 deliberavit
1144 2843 1231 2910 intra
1249 2857 1286 2910 so
1305 2837 1393 2928 quod
1441 2893 1442 2918 q

262 2941 391 3008 vieinos
410 2958 491 3009 suos
510 2940 611 3009 vellet
627 2942 740 3029 preliis
758 2943 964 3031 impugnare.

184 3050 249 3106 lato
340 3037 1393 3129 Natusestautemdeprogeniadueiszmmgieannomnonvttt.

263 3135 328 3204 kal.
341 3138 436 3227 maii,
452 3137 570 3206 eodem
588 3139 718 3208 seilioet
730 3157 819 3211 anno
833 3158 899 3228 quo
917 3139 985 3208 dux
997 3139 1153 3225 Zaringie
1170 3140 1270 3206 vitum
1285 3137 1392 3205 earnis

262 3235 448 3322 ingreditur
470 3239 639 3306 universe.
665 3239 744 3308 Erat
757 3239 811 3307 hio
831 3240 880 3307 vir
901 3239 1024 3325 longus
1042 3255 1196 3328 eorpore,
1215 3236 1345 3304 habens
1364 3237 1393 3302 in

261 3334 470 3422 longitudine
501 3343 629 3425 septem
653 3337 776 3426 pedes,
805 3338 955 3427 gracilis,
980 3356 1119 3426 parvum
1143 3337 1272 3406 babens
1298 3340 1393 3423 eaput

262 3433 416 3522 pallidum
434 3434 551 3504 laoiem
568 3443 668 3523 atque
681 3437 818 3523 longum
833 3456 968 3526 nasum,
985 3455 1111 3525 paucos
1122 3435 1391 3521 babebatorinos‚
1440 3441 1441 3462 ³

262 3536 488 3604 extremitates
505 3553 586 3603 vero
603 3535 747 3605 babebat
758 3537 915 3625 parvolas
932 3542 1031 3623 atque
1048 3536 1186 3621 longas3
1207 3535 1258 3602 vir
1271 3535 1305 3602 in
1322 3533 1391 3600 elbo

262 3639 342 3719 potu
364 3641 397 3702 et
421 3634 547 3702 inullis
571 3634 782 3724 moderatus,
807 3637 856 3704 vir
882 3636 1017 3723 sapiens
1035 3641 1068 3702 et
1083 3633 1249 3722 prudens,
1272 3641 1307 3700 et
1324 3650 1391 3700 eun

263 3732 410 3800 maximis
430 3732 551 3800 divitiis
577 3735 610 3802 in
632 3752 759 3802 summa
779 3741 890 3803 tamon
915 3752 1048 3822 semper
1067 3735 1173 3801 extitit
1190 3739 1391 3820 paupertate.

262 3827 388 3897 Multus
403 3830 612 3902 babuitlilios
627 3840 661 3900 et
679 3833 779 3924 ilias,
796 3851 882 3921 quos
893 3851 1009 3901 omnes
1024 3833 1195 3902 constituit
1208 3833 1241 3900 in
1257 3847 1390 3916 magnas

263 3927 394 3996 divitias
412 3935 443 3996 et
462 3929 616 3998 bonores.

339 4026 409 4094 lllis
429 4029 631 4116 teurporibus
647 4032 727 4100 vixit
742 4032 871 4100 iuvenis
889 4029 998 4100 dietus
1014 4029 1056 4100 de
1073 4030 1257 4098 Tnlrnsteln
1275 4030 1390 4098 nobilis

263 4124 369 4215 dium,
388 4125 515 4195 habens
536 4136 677 4196 oestrum
694 4130 860 4218 quoddam
875 4132 907 4198 in
927 4148 993 4216 quo
1011 4129 1181 4217 plurimum
1195 4128 1388 4198 confidebat.

263 4223 369 4293 Huius
391 4243 445 4294 res
460 4243 572 4295 nomes
591 4227 752 4298 lludollus
767 4229 907 4298 libenter
923 4229 1106 4319 habuisset,
1125 4231 1153 4296 sl
1169 4246 1227 4296 eas
1243 4244 1390 4316 eompre-
