2886 4834
410 245 538 292 nunnius
559 246 786 294 cotxnnmnsrs
969 207 976 218 ⁸
1110 219 1155 287 29

11 447 13 474 ᾗ
59 388 156 458 ourium
169 382 297 453 obsedit
310 381 758 471 episeopusllrgentinensis
772 403 846 454 cum
862 385 1152 471 triginta-millibus
1172 397 1235 460 test

11 477 13 554 i
58 481 498 576 pugnatoruminlrucctuvnm
508 485 692 551 nativitatis
704 485 808 551 lllurie
816 505 826 570 3
845 484 1053 554 Columbarie
1063 493 1156 555 crunt

11 597 12 682 j
59 587 103 653 trin
116 584 205 650 millia
219 586 450 671 pugnatorum.
477 581 607 650 Ventus
625 581 755 651 validus
770 590 894 671 partem
916 585 1027 670 pontis
1042 585 1156 654 Brise-

11 687 13 764 l
58 685 146 752 censis
160 703 180 750 x
193 681 254 749 kal.
265 681 410 750 octobris
428 679 599 749 destruxit.
621 679 709 749 Obiit
725 683 955 768 marggravius
970 681 1012 750 de
1026 683 1155 753 lllisscn

11 789 13 876 l
58 783 160 852 iuvenis
185 781 361 863 virtuosus,
396 779 607 848 Hermnnnus
638 779 790 849 dominus
817 781 859 848 de
887 780 1095 869 Rupoltstein
1121 785 1156 861 in

60 883 153 949 Gener
170 888 311 948 cestrum
324 879 473 965 ligneum
490 879 670 948 inchoabat
690 885 826 948 struere.
853 880 1042 969 Episcopus
1064 881 1156 950 Cun-

11 1023 13 1050 .
57 979 222 1049 stentiensis
262 979 420 1067 opposuit
440 996 478 1046 se
507 978 574 1046 tilio
595 980 686 1065 regis
710 977 839 1046 Rudolli
861 995 921 1068 pro
949 979 1050 1048 rebus
1071 997 1155 1068 ques

11 1055 13 1110 ²
56 1079 209 1147 abstulerat
231 1077 297 1146 lilio
312 1078 444 1146 comitis
469 1076 511 1144 rle
528 1076 737 1146 Luulenberc
758 1079 930 1145 violenter.
955 1077 1087 1147 Domini
1113 1079 1155 1147 tle

11 1199 13 1258 ᾗ
56 1177 147 1246 ordine
172 1178 427 1246 Teutonicorum
450 1177 482 1243 iu
505 1171 710 1244 Biiclrheim¹
728 1181 847 1265 puruut
871 1193 909 1244 se
930 1175 973 1245 ud
994 1178 1157 1266 prelinut

55 1295 94 1344 res
111 1293 219 1344 sunsn
241 1275 385 1344 dominis
405 1281 489 1344 terre
505 1275 695 1344 detendunt.
722 1275 888 1344 Consules
901 1274 1155 1345 «columbarien-

55 1394 97 1444 ses
110 1375 264 1444 dederunt
281 1374 410 1442 civibus
430 1375 501 1442 suis
524 1374 616 1460 ligna
634 1393 697 1462 pru
710 1375 880 1442 sexcentis
900 1373 1053 1442 dumibus
1072 1393 1156 1444 con-

11 1529 13 1538 t
55 1473 203 1542 struendis.
228 1471 394 1542 Rudollus
413 1491 472 1541 rex
491 1475 636 1541 moritur.

12 1583 13 1632 ὲ
109 1573 282 1642 liccxeii.
311 1572 571 1640 Circumcisiune
600 1571 723 1640 domini
748 1577 839 1642 cives
864 1573 1154 1643 Columhunenses

54 1673 198 1760 preposito
233 1669 473 1756 Argentineusi
514 1670 603 1739 fratri
639 1672 788 1760 episcopi
822 1671 1078 1759 Argentinensis
1114 1673 1156 1741 (le

54 1769 251 1856 tichtenberg
282 1769 473 1838 lidelitutem
500 1775 534 1837 et
561 1771 703 1838 servicia
735 1771 926 1840 iuraverunt
952 1779 986 1839 et
1017 1771 1158 1840 fideliter

54 1871 256 1956 promiserunt.
282 1869 471 1958 Episcopus
495 1867 660 1936 Metensis
681 1868 770 1938 obiit.
806 1870 975 1940 Scultetus
996 1867 1156 1956 Argenti-

53 1969 144 2037 nensis
157 1975 189 2037 et
206 1968 321 2037 Zornc
340 1987 412 2036 eum
432 1968 503 2035 suis
520 1969 718 2054 congregati
740 1971 839 2036 urmis
857 1969 1017 2038 invadere
1036 1969 1157 2037 vulue-

11 2105 13 2148 ἐ
53 2073 109 2134 mnt
130 2066 282 2135 familiam
305 2067 480 2153 Kngineek
502 2072 535 2134 et
559 2066 750 2136 Herbcnum
778 2074 916 2157 propter
937 2067 1039 2138 verbu
1070 2065 1156 2154 q'ue·

11 2161 13 2256 l
52 2164 108 2233 dnm
135 2168 305 2236 iniuriose,
349 2165 462 2234 Hiems
481 2172 663 2253 tempnrntn
679 2183 786 2254 usque
816 2167 858 2235 nd
874 2166 1156 2257 purificationem

11 2263 13 2356 ξ
51 2273 148 2350 postea
172 2267 313 2334 invaluit
331 2264 436 2351 frigus
459 2269 493 2332 ut
514 2263 649 2332 Rhenus
675 2265 801 2334 Brisaei
830 2284 871 2334 ex
897 2273 1039 2354 utruque
1063 2271 1157 2354 purte

50 2365 139 2449 pontis
162 2370 255 2432 esset
277 2365 478 2450 congelatus
498 2363 588 2451 qued
610 2365 706 2451 cquis
726 2371 757 2432 et
776 2364 864 2452 bigis
880 2371 999 2453 posset
1016 2365 1157 2432 transiri.

11 2457 13 2592 p
51 2459 158 2529 Domini
187 2463 316 2532 ordinis
345 2463 602 2532 Teutonicorum
639 2464 695 2530 xiii
728 2463 791 2530 kal.
832 2465 906 2532 mnii
940 2463 1158 2532 exoculurunt

11 2595 13 2688 p
51 2559 217 2630 lucscives
237 2562 493 2648 Rriburgenses.
520 2560 638 2630 lunior
656 2564 776 2629 'comes
800 2581 873 2630 cum
896 2563 1023 2630 civibus
1044 2563 1158 2629 ulnus-

11 2691 13 2746 p
51 2663 115 2726 trum
137 2661 301 2728 irruentes
329 2661 474 2729 totaliter
497 2659 723 2728 devastarunt.
757 2659 863 2729 Primo
885 2663 960 2728 mnii
992 2661 1157 2728 electores

11 2775 13 2852 ξ
51 2759 146 2846 reliqui
168 2761 369 2828 electionem
385 2761 420 2826 in
438 2759 670 2845 Muguntinum
695 2765 762 2827 tnm
785 2751 989 2828 ahsentem²
1013 2757 1122 2826 trunsl
1140 2795 1157 2808 ·

11 2853 13 2930 l
51 2864 115 2924 runt.
138 2857 357 2946 Mnguutinus
379 2860 532 2927 comitem
552 2855 708 2926 Adolsum
728 2857 770 2926 de
787 2857 954 2928 Nusscwe
977 2863 1157 2944 cognatum

11 2975 13 3038 j
51 2973 125 3023 suum
144 2959 254 3047 eligit,
278 2957 494 3026 consentiunt
516 2957 642 3044 reliqui.
682 2955 745 3026 Hic
770 2964 895 3026 stutnru
919 2957 979 3026 luit
999 2955 1158 3024 mediocri

51 3055 128 3138 agilis
142 3057 294 3124 amabilis
310 3057 422 3124 sciens
438 3057 593 3141 gallicum
605 3057 742 3124 latinum
761 3063 794 3124 et
809 3059 1043 3143 germanicum.
1053 3055 1158 3123 ann-

51 3151 276 3224 leniordenses
306 3173 475 3242 expensus
499 3173 519 3222 a
540 3172 621 3241 rege
652 3155 761 3223 eleeto
781 3161 905 3243 petunt.
926 3155 1158 3240 ¹'linguntinus

50 3269 95 3338 prc
113 3271 189 3340 rege
212 3254 376 3340 obligavit
393 3260 502 3322 cnstrn
520 3271 559 3322 nc
581 3254 678 3322 villus
699 3271 760 3342 pro
776 3255 893 3339 viginti
913 3255 1056 3322 millibus
1070 3271 1187 3340 mer-p

11 3435 12 3444 ἵ
50 3368 151 3418 cerum.
175 3353 247 3422 Rex
266 3353 475 3421 exactionem
496 3354 529 3420 in
552 3351 681 3421 Judeus
704 3355 859 3443 tentavit,
879 3351 940 3421 sed
964 3369 1032 3420 non
1053 3352 1159 3440 potuit

52 3450 208 3520 resistente
232 3452 377 3520 sculteto
395 3449 708 3520 annkenlorrlensi.
742 3450 813 3519 Rex
840 3451 964 3520 liberos
990 3450 1158 3517 matrimo-

50 3549 100 3614 niis
118 3549 234 3620 elocut.
261 3550 377 3637 Equos
397 3549 588 3638 phaleratos
616 3549 803 3618 innuerunt
828 3549 1046 3635 Meguntinus
1071 3547 1158 3615 mille

51 3647 256 3739 quingentos,
283 3650 501 3717 treverensis
529 3648 617 3716 mille
645 3653 823 3718 trecentos.
866 3648 936 3716 Rex
957 3643 1160 3733 Aquisprnni

50 3755 216 3816 coronetur.
261 3748 408 3816 Consilio
436 3740 713 3836 procuraturum³
740 3747 833 3834 regni
864 3752 1099 3835 procuratores
1126 3746 1160 3812 in

50 3841 148 3914 officiis
165 3849 296 3916 retinet.
330 3843 443 3914 Ottcni
460 3845 501 3914 de
523 3843 748 3914 Oehscnstein
768 3847 881 3934 nepoti
905 3861 947 3913 ex
968 3861 1083 3914 sorore
1105 3863 1160 3912 re-

50 3943 91 4024 gis
107 3943 233 4014 Rudolli
257 3944 419 4025 Alsutinm
443 3951 475 4013 et
497 3963 562 4032 (pure
588 3945 630 4012 ab
653 3963 691 4013 cu
715 3949 809 4032 purte
836 3943 941 4012 Rheni
968 3951 1046 4012 sunt
1066 3959 1160 4011 com-

47 4041 143 4133 mittit,
169 4046 281 4112 comiti
304 4043 672 4130 nlletnenellenbcgen
696 4061 761 4131 que
780 4043 821 4111 nb
844 4044 907 4110 elin
932 4051 1025 4130 purte
1047 4039 1160 4109 Rheni.

76 4192 102 4255 l)
120 4193 227 4262 Rnglren
248 4194 287 4247 hs.
330 4196 361 4260 2)
386 4209 416 4247 sc
440 4193 484 4248 die
508 4191 563 4256 irs..
589 4201 742 4263 presentem
767 4191 861 4246 rlrrrclr.
906 4196 938 4260 3)
962 4205 1104 4262 procerum
1128 4191 1161 4241 ist

50 4258 166 4315 vielleielrt
183 4279 216 4316 zu
237 4262 319 4316 lesen.
