2886 4834
259 185 302 251 72
625 209 787 258 cunorreor
809 207 1017 256 conunnrsrse.

255 350 307 418 Dc
323 349 554 434 compositione
571 349 757 418 iudeorum.

177 493 245 548 1288
334 477 456 549 Retulit
481 480 581 548 irater
598 478 741 548 hlradus
761 481 852 569 prior
869 477 1003 548 fratrom
1024 478 1332 567 Argentinensium.
1362 479 1400 546 ln

256 578 384 649 Alsatia
398 578 571 647 dicebatur
586 578 675 667 qnod
691 578 791 647 Judei
811 581 987 665 conquesti
1002 578 1145 648 inissent
1159 579 1230 666 regi
1246 576 1398 647 Rudolio

258 678 348 767 qnod
364 677 539 746 Christiani
554 671 649 766 plus¹
667 676 887 766 quadraginta
902 676 1030 746 Jodeos
1044 681 1118 747 sine
1132 696 1237 747 causa
1252 678 1400 766 turpiter

257 775 472 847 occidissent.
500 775 676 845 Christiani
695 782 804 844 antem
834 779 1011 862 conquesti
1039 777 1171 845 luerunt
1195 777 1238 845 de
1261 775 1399 866 iudeis,

258 875 350 964 quod
366 893 498 944 servum
515 881 615 963 atque
635 874 854 944 Christianum
870 875 903 941 in
921 874 974 944 die
988 893 1172 964 parasceve
1188 877 1223 943 in
1243 875 1399 964 cellario,

259 975 389 1044 occulte
405 980 505 1062 atque
520 974 711 1044 Christianis
721 973 964 1066 ignorantibus
983 973 1194 1043 occidissent.
1207 973 1310 1042 Judei
1323 973 1401 1060 regi

257 1073 401 1143 Rudollo
425 1081 460 1141 nt
480 1075 528 1142 eis
554 1073 595 1141 de
615 1073 681 1140 illis
699 1073 740 1142 de
763 1071 900 1140 Wescla
923 1080 1023 1160 atque
1042 1073 1205 1162 Popardia
1224 1074 1400 1140 iusticiam

259 1173 387 1242 iaceret
404 1178 437 1241 et
453 1190 513 1240 eos
528 1191 546 1239 a
564 1172 714 1262 periculo
733 1172 887 1240 liberaret
905 1174 1035 1263 mortis,
1058 1178 1091 1240 et
1112 1175 1260 1262 ipsorum
1278 1169 1401 1260 Rabbi,

259 1272 294 1340 id
311 1277 364 1340 est
379 1289 566 1359 supremum
585 1273 776 1357 magistrum
794 1273 847 1339 oui
867 1271 984 1339 schola
1000 1271 1180 1340 ludeorum
1196 1277 1230 1340 ot
1244 1270 1403 1339 honores
1432 1317 1433 1386 p

261 1371 393 1441 divinos
408 1368 599 1459 impendere
613 1369 820 1458 videbantur,
836 1387 934 1458 quem
949 1388 1008 1439 rex
1024 1371 1261 1459 captivaverat,
1277 1387 1298 1438 a
1315 1387 1402 1457 oap—
1433 1426 1434 1480 p

260 1471 389 1537 tivitate
412 1472 557 1536 carceris
577 1468 748 1559 liberaret,
766 1469 884 1554 viginti
904 1469 966 1538 sibi
984 1469 1084 1538 millia
1105 1487 1289 1538 marcamm
1316 1486 1404 1556 pro·
1434 1534 1435 1568 ,

261 1569 430 1637 miserunt.
457 1565 526 1634 Rex
540 1565 720 1636 Judeorum
736 1569 932 1657 petitionem
950 1567 1134 1657 exaudivit,
1149 1567 1295 1636 Judeum
1316 1585 1403 1654 cap·
1435 1642 1436 1668 χ

261 1669 364 1735 tivum
385 1665 528 1734 libertati
547 1667 707 1756 restituit,
726 1667 803 1734 illos
827 1666 869 1734 de
888 1666 1028 1736 Wesela
1051 1653 1151 1755 atque
1172 1664 1344 1756 Popardia
1369 1667 1404 1732 in

262 1767 381 1834 marcis
397 1763 527 1832 duabus
542 1765 684 1834 millibus
702 1764 976 1856 condempnavit,
1001 1771 1034 1833 et
1049 1784 1109 1834 eos
1127 1783 1147 1834 a
1167 1766 1285 1834 mortis
1301 1766 1405 1854 peri·
1436 1750 1437 1770 ¹

264 1865 340 1933 culo
368 1864 527 1932 liberavit.
562 1863 704 1952 insuper
726 1863 804 1932 iecit
826 1882 885 1932 rex
909 1863 1076 1932 dominum
1103 1865 1405 1954 archiepiscopum
1437 1858 1438 1872 ¹

263 1963 496 2050 Mogontinum
518 1963 744 2051 sollempniter
762 1962 951 2054 predicare,
970 1963 1059 2051 quod
1079 1962 1256 2032 Christiani
1277 1961 1405 2030 Judeis
1438 1966 1439 1980 ³

263 2063 415 2131 iniuriam
441 2063 614 2130 maximam
640 2061 849 2148 intulissent,
878 2068 912 2130 et
930 2061 1020 2149 quod
1043 2063 1152 2130 bonus
1176 2061 1404 2149 Wernhcrns,
1439 2074 1440 2086 ¹

266 2164 321 2249 qui
341 2179 360 2227 a
378 2160 645 2229 Judeisoccisus
672 2163 887 2228 communiter
910 2160 1097 2251 dicebatur,
1121 2163 1177 2250 qui
1196 2179 1257 2249 pro
1283 2159 1406 2228 divino
1440 2182 1441 2216 1

265 2259 496 2349 aquibusdam
518 2258 712 2327 Christianis
731 2259 934 2348 simplicibus
950 2259 1135 2350 colebatur,
1157 2259 1297 2328 deberet
1322 2260 1407 2346 igne
1441 2290 1442 2316 r

266 2359 419 2448 cremari,
446 2363 480 2425 et
498 2358 581 2426 cinis
596 2359 745 2446 corporis
762 2361 833 2427 eius
857 2359 891 2426 in
912 2365 1047 2426 ventum
1065 2359 1213 2448 dispergi
1229 2365 1262 2427 et
1282 2357 1327 2426 ad
1349 2360 1406 2425 ni-

267 2457 388 2526 obilom
416 2455 581 2544 dissipari.
617 2456 655 2523 ln
674 2457 737 2525 hac
756 2456 984 2546 predicatione
1003 2456 1126 2526 domini
1154 2457 1406 2545 archiepiscopi

266 2557 342 2646 plus
362 2574 464 2643 quam
484 2557 656 2642 quingenti
678 2555 777 2624 Judei
794 2557 827 2624 in
851 2558 950 2624 armis
973 2556 1148 2647 sederunt,
1170 2563 1206 2624 ut
1227 2558 1257 2623 si
1281 2556 1406 2643 aliquis

268 2655 474 2724 Christianos
496 2656 530 2721 in
554 2657 751 2723 contrarium
774 2654 885 2723 dicere
905 2655 1087 2746 voluisset,
1103 2657 1210 2746 ipsum
1236 2673 1313 2724 oum
1331 2656 1406 2722 suis

268 2753 389 2842 gladiis
405 2745 642 2823 occidissent²

269 2953 418 3020 Proditio
435 2953 574 3019 deitatis
592 2951 825 3019 Colmoriecsrh
842 2957 874 3020 et
890 2953 1032 3020 eiusdem
1045 2969 1108 3038 per
1121 2950 1277 3035 Adollam
1294 2969 1409 3038 repom

368 3052 581 3136 recuperatio.
720 3077 722 3082 ·

194 3227 261 3283 1293
352 3196 450 3267 rinno
467 3199 655 3268 m.oc.xc.iii.
673 3208 791 3288 quarto
809 3201 882 3270 idus
898 3200 1095 3289 septembris
1112 3199 1215 3287 [sept.
1235 3198 1300 3286 ld]
1314 3199 1414 3268 scul-

272 3305 361 3367 tetus
390 3298 691 3386 Columbariensis,
714 3299 947 3386 ignorantibus
973 3299 1183 3368 senatoribus
1208 3303 1241 3365 et
1255 3298 1410 3385 civibus,

272 3395 488 3466 Anshelmum
511 3397 552 3465 de
575 3395 782 3486 Rapoltstein
808 3398 968 3486 advocat,
989 3399 1086 3484 eique
1108 3398 1276 3464 civitatem
1300 3396 1411 3464 tradit.

274 3498 477 3566 intromissis
499 3497 608 3564 multis
631 3498 780 3586 armatis,
800 3515 839 3564 ao
860 3499 895 3566 in
913 3498 1113 3564 cemiterium
1130 3494 1257 3586 ductis,
1278 3495 1412 3564 civibus

274 3595 530 3685 dormientibus,
554 3596 802 3683 compulsantur
823 3613 994 3683 campane.
1022 3594 1227 3663 Concurrunt
1249 3595 1343 3662 cives
1371 3593 1413 3662 ad

276 3696 492 3782 cemiterium,
515 3693 645 3782 pedites
669 3701 812 3763 armatos
838 3695 1029 3783 inveniunt,
1053 3700 1231 3782 terrentur,
1259 3692 1340 3780 quid
1358 3693 1414 3760 ia-

277 3794 366 3859 ciant
382 3795 547 3878 ignorant.
574 3792 672 3860 Cives
692 3811 808 3861 omnes
831 3810 891 3880 per
908 3810 1087 3880 preconem
1105 3798 1267 3860 vocantur
1290 3791 1412 3859 dicen-

278 3883 375 3956 tcm³:
403 3891 505 3958 oldest
526 3890 617 3958 cobis
637 3894 762 3958 amictos
782 3896 894 3958 noster
913 3892 1060 3958 dominos
1080 3889 1273 3958 Aosbelmos
1287 3889 1414 3958 della-

273 3988 444 4074 poltsteia,
468 3989 581 4056 coleos
601 4005 662 4055 cos
686 4007 828 4075 corpore
841 3995 873 4057 ol
887 3988 984 4056 roboc
999 3991 1129 4073 moure,
1150 3989 1313 4056 intelleeit
1330 3990 1415 4056 emm

315 4131 345 4195 l)
365 4144 445 4210 qnam
463 4128 538 4183 ieblt.
556 4131 605 4208 ,2)
625 4129 669 4183 dic
687 4131 842 4200 richtiglreit
866 4131 955 4186 dieser
979 4130 1118 4184 nachrieht
1142 4132 1177 4184 ist
1201 4129 1275 4185 wohl
1298 4129 1363 4184 sehr
1381 4145 1415 4182 zu

279 4195 449 4254 bezvverieln.
486 4199 517 4264 3)
537 4196 656 4252 dicentes
674 4199 720 4253 hot
738 4199 787 4252 der
805 4199 904 4264 druch,
924 4216 980 4254 was
998 4199 1041 4253 ich
1059 4197 1178 4253 a'nderte.
