2884 4834
431 238 557 287 amarus
577 241 810 288 wonuarrrnsus
1112 215 1181 286 173

68 396 132 447 cero
149 394 209 447 suo
226 375 362 447 arbitrio
382 385 460 446 sunt
474 380 620 448 totaliter
634 381 820 448 commisse.
839 377 911 448 Hiis
930 399 1011 450 vcro
1030 383 1181 452 omnibus

6 543 8 596 l

6 599 8 656 l

6 473 7 540 3
67 477 283 566 complanatis,
307 478 450 547 restituit
474 477 629 547 domiuus
655 479 834 567 episcopus
865 479 996 566 divina,
1021 486 1054 548 et
1077 482 1181 550 intra-

63 578 101 644 vit
120 576 282 644 civitatem
313 577 347 644 iu
371 576 425 652 die
450 583 567 645 sancte
595 575 717 646 Ceoilic
743 575 837 668 [nov.
857 575 922 670 22]
949 597 1039 648 anno
1057 579 1182 649 domini

6 677 7 734 ξ
63 675 239 744 m.cc.lx.iiii.
266 676 307 743 Et
322 681 444 764 postea
461 676 620 765 deposuit
643 678 826 746 societates
844 676 1082 747 fraternitatum
1101 680 1130 747 si
1148 683 1181 747 in

62 773 213 862 aliquibus
230 781 461 844 convenerant
477 781 595 844 contra
612 777 855 846 continenciam
873 778 1054 866 privilegiis

121 873 190 941 Sub
216 872 336 944 codem
362 873 498 944 domino
522 873 716 944 Eberhardo
739 875 920 946 venerabili
947 879 1109 968 episcopo
1128 877 1179 945 in-

60 977 216 1041 traverunt
241 971 359 1042 iratres
384 975 492 1042 sancti
516 970 696 1061 Augustini
713 980 748 1042 et
769 973 888 1044 iratres
907 974 949 1046 de
967 977 1078 1048 saccis
1096 977 1180 1044 civi-

60 1080 144 1140 tatem
154 1071 450 1141 Wormaciensem.
468 1073 650 1142 Licenciati
668 1092 688 1141 a
706 1073 841 1143 domino
860 1077 1032 1167 episcopo,
1051 1074 1179 1145 civibus

59 1170 190 1240 totaliter
214 1173 423 1260 irrequisitis.
449 1170 535 1242 Acta
559 1178 636 1242 sunt
651 1175 716 1244 ista
734 1191 823 1242 arrno
842 1172 966 1244 domini
984 1173 1178 1245 m.cc.lx.iiii.

6 1283 8 1302 ·
58 1288 160 1339 mense
178 1269 365 1340 decembris
383 1279 461 1342 ante
479 1273 619 1342 natales.

116 1370 239 1440 Postea
262 1388 350 1442 anno
377 1370 500 1440 domini
518 1371 682 1441 momina.
699 1378 779 1461 post
801 1369 1048 1462 penthecosten
1074 1373 1172 1442 ince-

57 1475 163 1556 perunt
180 1470 274 1540 cives
293 1469 524 1540 domunculam
542 1472 576 1539 in
594 1473 684 1540 curia
702 1489 816 1540 corum
834 1473 867 1540 in
884 1469 961 1538 vico
974 1467 1179 1559 Hagcngas-

6 1573 8 1664 t
58 1585 125 1657 sen,
151 1587 251 1656 quam
274 1569 340 1656 ipsi
356 1569 413 1638 xlii
437 1570 534 1638 annis
560 1571 673 1658 quiete
690 1571 914 1660 possederant
930 1568 973 1638 ad
991 1587 1178 1640 conservu-

7 1673 8 1750 ἢ
59 1668 175 1764 cionem
202 1667 406 1736 ballistarum
431 1670 584 1738 civitatis.
613 1669 738 1740 Videns
762 1671 825 1738 beo
843 1669 996 1738 dominus
1013 1668 1178 1739 Eberhar-

7 1759 8 1810 Γ
58 1763 110 1833 dus
127 1768 308 1857 episcopus
327 1773 361 1836 et
378 1768 488 1838 clerus
506 1771 661 1838 commoti
679 1775 774 1862 sunt,
793 1770 948 1838 timentes
961 1767 1007 1836 ibi
1020 1767 1090 1837 ieri
1104 1769 1178 1839 edi-

58 1863 121 1934 licia
145 1865 203 1934 ubi
225 1867 320 1934 cives
345 1873 489 1955 possent
512 1866 555 1936 od
574 1869 715 1938 consilia
733 1868 922 1938 convenire.
946 1867 989 1936 El
1004 1867 1091 1936 idem
1110 1867 1177 1936 do-

7 1985 9 2016 1
57 1964 353 2054 minusepiscopus
370 1967 544 2054 requisivit
561 1967 701 2036 eandem
718 1969 841 2037 curium
859 1985 879 2035 a
896 1965 1041 2056 civibus,
1059 1966 1177 2037 dicens

7 2063 8 2068 ’
57 2080 118 2130 cam
143 2081 223 2134 osse
248 2082 343 2134 suom
366 2071 400 2134 et
425 2067 566 2136 ecclesie
591 2084 671 2158 sue,
690 2072 723 2136 et
741 2065 850 2135 datam
869 2065 1003 2136 domino
1022 2063 1177 2134 Heinrico
1277 2061 1280 2068 ’

57 2162 206 2252 episcopo
232 2163 468 2253 predecessori
496 2183 559 2235 suo
577 2185 597 2234 a
615 2167 834 2236 serenissimo
858 2164 993 2235 domino
1010 2163 1177 2234 Friderico

8 2323 9 2342 ς
56 2261 261 2354 imperatore,
287 2269 322 2332 et
344 2263 528 2334 ostendens
551 2265 665 2334 literas
682 2283 763 2334 suas
781 2263 926 2354 desuper
943 2263 1090 2333 traditas.
1117 2264 1176 2334 Ci-

56 2377 107 2427 vcs
123 2379 205 2430 vero
223 2364 378 2432 commoti
398 2365 477 2432 totis
489 2364 615 2433 viribus
628 2364 839 2434 resistebant.
857 2363 907 2432 lta
921 2361 1012 2451 quod
1025 2362 1068 2432 ad
1082 2382 1177 2432 man-

7 2483 8 2552 j
56 2457 157 2528 datum
174 2461 376 2533 venerabilis
393 2462 517 2532 domini
535 2465 687 2553 episcopi
703 2461 885 2533 Eberhardi
902 2469 937 2530 et
954 2463 1088 2551 capituli
1105 2482 1177 2530 ma-

54 2559 123 2626 ioris
142 2560 287 2630 ecclesie
306 2565 395 2630 totus
415 2561 525 2632 clerus
544 2564 710 2632 civitatem
728 2563 819 2631 exire
836 2561 972 2630 volebat
981 2553 1001 2628 ¹.
1029 2561 1176 2630 landem

55 2675 142 2747 vero,
168 2659 336 2730 mediante
361 2661 543 2732 venerabili
566 2661 701 2732 domino
726 2660 767 2730 Η.
792 2659 941 2750 Spirensi
962 2661 1124 2750 episcopo
1143 2669 1177 2728 ct

55 2755 119 2826 aliis
137 2759 215 2827 viris
235 2758 387 2828 discretis
407 2765 441 2829 et
456 2759 607 2852 idoneis,
625 2761 768 2830 Domino
787 2758 1014 2851 concedente,
1032 2760 1176 2828 honeste

55 2862 100 2922 cst
123 2859 331 2927 terminatum
357 2864 390 2928 et
413 2859 659 2930 concordatum.
694 2862 743 2930 lta
768 2857 944 2949 videlicet,
971 2857 1061 2948 quod
1085 2859 1177 2926 curia

6 2997 8 3004 ,
55 2954 156 3024 totalis
175 2955 274 3026 cedet
291 2957 334 3028 ad
346 2964 621 3048 perpetuosusus
636 2960 794 3049 civitatis,
813 2958 876 3028 sub
889 2957 953 3026 bac
966 2957 1071 3027 lornra
1084 2957 1175 3046 quod

6 3053 7 3090 ³
54 3071 105 3140 per
119 3054 259 3124 mediam
283 3059 404 3126 cuniam
432 3058 583 3128 transibit
604 3060 700 3127 vicus
719 3077 739 3128 a
755 3059 832 3127 vico
852 3055 1048 3144 Hagcncnis
1066 3075 1175 3146 osque

54 3152 89 3219 ad
105 3161 255 3224 sanctum
274 3155 448 3226 Nazarium
458 3209 468 3248 ,
487 3163 521 3225 ct
539 3175 581 3226 ex
597 3163 737 3246 utraque
755 3163 847 3246 parte
866 3155 1094 3226 concedentur
1111 3153 1175 3226 dc·

55 3269 117 3320 mus
134 3272 193 3341 pro
208 3273 326 3338 ,annuo
344 3273 450 3324 censu
469 3255 664 3328 edificando.
682 3257 724 3325 El
742 3273 866 3326 census
886 3273 928 3324 ex
944 3261 1037 3344 parte
1056 3255 1174 3324 civium

6 3395 8 3400 ·
54 3354 239 3439 amagistro
266 3355 407 3425 civitatis
431 3357 647 3447 recipientur,
674 3362 708 3425 et
729 3357 825 3426 vicus
841 3354 897 3424 ille
922 3355 978 3443 qui
995 3371 1174 3442 nuncupa-

54 3447 129 3520 bitur
145 3453 241 3522 vicus
257 3453 556 3544 civiumnunquam
574 3454 773 3546 obstruetur,
793 3454 912 3522 domus
926 3469 1008 3522 vero
1023 3445 1175 3541 lapidea²

55 3551 107 3619 crit
122 3553 226 3622 eciam
243 3553 280 3622 iu
297 3571 395 3622 usum
413 3553 532 3623 civium
550 3553 593 3622 ad
610 3555 750 3624 balistas
769 3558 803 3624 et
821 3557 916 3622 scuta
933 3556 966 3620 et
985 3547 1027 3620 ad
1045 3551 1119 3619 alia.
1139 3549 1174 3619 Si

54 3665 124 3718 vero
141 3642 197 3718 ld³
213 3651 377 3740 prolicere
395 3669 464 3721 non
481 3651 838 3742 videbiturproonnuo
854 3667 959 3720 censu
972 3649 1077 3718 eciam
1090 3666 1174 3718 con-

55 3748 186 3818 cedetur.
214 3751 253 3818 El
271 3752 371 3820 ianua
389 3749 507 3821 domus
526 3752 628 3822 exibit
644 3771 762 3822 versus
780 3752 887 3821 vicum
911 3749 1116 3836 Hagenomis.
1134 3749 1175 3817 Et

55 3865 104 3933 pro
122 3847 239 3918 eodem
264 3851 403 3936 rrngelto
423 3849 587 3920 dederunt
604 3853 695 3922 cives
714 3852 848 3921 dominc
867 3846 1060 3918 Eberhardo
1079 3849 1174 3938 opis-

56 3961 131 4034 copo
150 3953 316 4018 trecentas
335 3949 435 4018 libras
455 3949 661 4020 ballensium.
688 3947 773 4020 Acta
799 3955 833 4018 et
849 3947 998 4037 perlecta
1017 3953 1096 4016 sunt
1112 3945 1174 4014 bec

57 4062 132 4114 anno
150 4045 274 4116 domini
293 4048 473 4118 m.ec.lx.vi.
491 4047 998 4136 invigiliasancteblurgaretbe
1014 4043 1086 4138 [iul.
1099 4041 1173 4136 12].

56 4142 259 4232 Expiraverut
274 4153 351 4215 tunc
366 4147 524 4216 terminus
542 4149 679 4240 unpelti,
699 4148 789 4237 quod
803 4165 911 4234 usquc
930 4166 949 4216 a
963 4145 1051 4215 sesto
1067 4145 1174 4213 saneti

85 4253 111 4317 l)
129 4253 254 4310 uolebant
271 4254 310 4310 bs.
346 4255 377 4321 2)
396 4254 502 4326 lapideo
520 4253 559 4312 hs.
595 4258 626 4326 3)
645 4257 678 4311 ad
697 4255 736 4310 bs.
