2878 4834
217 234 220 239 ι
261 134 335 202 216
428 217 429 220 ¹
618 159 788 208 orruonnrn
810 160 1045 208 rvonnnrrunsm.

263 318 380 370 sonam
399 300 656 368 convenientem
674 298 717 367 ad
736 297 879 368 officium
897 300 1107 370 villicationis
1132 299 1177 388 ibi
1196 297 1306 366 denuo
1323 296 1381 364 eli-

261 407 361 490 gant,
388 417 453 488 que
473 417 492 468 a
509 399 608 466 mobis
627 403 661 468 et
678 393 935 468 successoribus
954 399 1079 468 nostris
1095 398 1300 485 investiatur,
1319 402 1380 463 sta·
1423 419 1424 462 3

263 501 385 587 timque
404 499 471 567 duo
499 498 655 588 ministri,
688 501 857 582 emptorum
874 499 1054 584 vlugariter
1072 498 1169 586 dicti,
1197 501 1380 582 statuantur,
1423 555 1424 558 ,

263 617 402 688 quorum
427 604 569 684 uterque
596 613 658 666 sex
682 597 784 665 libras
810 596 919 690 dabit,
946 599 988 667 de
1015 598 1135 684 quibus
1164 595 1231 666 duo
1256 595 1381 681 recipiat

263 699 459 788 episeopus,
487 697 633 783 reliquos
651 695 738 764 idem
756 696 897 768 villicus.
923 698 1095 784 Eligantur
1121 697 1220 766 etlam
1248 692 1381 761 sedecim

263 799 325 865 viri
350 799 406 885 qui
437 795 715 881 heimburgenses
750 795 922 888 dicuntur,
958 814 1096 886 quorum
1130 793 1271 883 quilibet
1302 791 1381 860 dabit

263 897 393 985 libram,
420 914 461 964 ex
479 894 601 982 quibus
619 893 704 964 duas
724 896 867 984 accipiet
889 913 1022 986 comcs,
1052 895 1136 964 duas
1154 893 1277 984 prelati
1295 892 1379 959 mini·

266 998 341 1086 stri,
358 994 536 1070 ¹duodecim
556 993 694 1062 villicus.
712 986 724 1030 ¹

336 1191 363 1250 2.
385 1189 438 1250 Die
465 1189 578 1264 burget
605 1203 664 1249 vom
692 1189 813 1252 Worms
841 1188 1057 1270 beurkundan,
1094 1191 1166 1252 dass
1200 1189 1250 1252 die
1281 1188 1382 1262 dortige
1423 1249 1424 1253 ,

388 1271 533 1346 bdrgerin
562 1270 660 1332 Gisela
687 1271 736 1334 die
765 1271 945 1346 sebenkuug
974 1272 1029 1334 des
1058 1271 1149 1334 hofes
1175 1270 1328 1333 Rebstoek
1353 1284 1383 1332 uo

390 1352 439 1414 die
462 1353 581 1428 dortige
602 1351 846 1415 Andreaskirche
875 1352 972 1416 durch
1002 1354 1050 1416 die
1070 1353 1151 1416 hand
1174 1355 1260 1415 ihres
1281 1351 1383 1413 muudi·
1423 1409 1424 1436 ,

385 1435 504 1497 ‘burdus
534 1434 613 1497 ohne
644 1435 806 1498 uorbebalt
835 1440 980 1498 erneuert
1009 1436 1096 1498 habe.
1149 1437 1288 1514 Worms,
1320 1435 1384 1494 lton
1423 1447 1424 1453 ¹

390 1521 450 1579 mai
472 1520 521 1580 27.
1423 1523 1424 1552 ³

344 1653 443 1722 Cives
462 1653 745 1724 Wormacienses.
772 1653 885 1722 Prisce
904 1655 1111 1744 auctoritatis
1130 1652 1230 1722 docta
1248 1651 1384 1742 pruden-

269 1754 313 1820 tia
331 1758 463 1820 cautum
482 1770 560 1822 esse
579 1753 694 1842 voluit,
713 1760 749 1821 ut
766 1771 874 1820 rerum
892 1759 1062 1840 gestarum
1081 1754 1200 1822 seriem
1217 1751 1313 1820 stilu's
1327 1769 1383 1818 me·
1423 1745 1424 1752 ’

269 1855 370 1921 morie
390 1859 422 1920 et
439 1853 587 1922 veritatis
602 1847 616 1928 l
632 1853 865 1938 suffraganeus
886 1859 1052 1946 exararet,
1071 1871 1113 1921 me
1127 1853 1316 1938 ignorantie
1332 1870 1384 1918 nu·
1423 1907 1424 1951 ,

268 1951 329 2019 bes
348 1970 409 2020 seu
428 1951 675 2038 malignantium
697 1953 863 2020 temeritas
889 1960 969 2042 aput
992 1959 1147 2040 posteros
1175 1950 1320 2020 inmitem
1336 1968 1383 2016 ca·
1423 2008 1424 2027 ,

268 2051 447 2119 villationis
474 2051 681 2119 ministraret.
714 2049 878 2132 Quocirca
892 2049 906 2128 ΙΙ
921 2051 1058 2140 dignum
1087 2051 1241 2120 duximus
1266 2047 1308 2118 ad
1331 2067 1384 2116 uo·
1423 2043 1424 2132 ζ

269 2151 378 2218 tiniam
415 2150 582 2240 presentis
617 2151 714 2218 etatis
749 2157 783 2218 et
817 2167 1015 2220 successuro
1046 2151 1253 2241 posteritatis
1286 2148 1386 2235 scripti
1423 2142 1424 2224 ζ

269 2248 367 2316 huius
386 2249 621 2337 explanatione
640 2248 822 2339 deducere,
851 2251 990 2336 qualiter
1006 2251 1185 2336 burgensis
1204 2255 1318 2318 nostra
1334 2247 1384 2313 Gi·
1423 2231 1424 2250 ¹

272 2341 499 2436 sela,llvidua
525 2347 651 2439 Silridi,
679 2365 773 2417 soror
802 2349 946 2418 ecclesie
973 2352 1080 2418 sancti
1103 2347 1257 2439 Andrce,
1292 2345 1384 2414 eidem
1423 2429 1424 2450 χ

272 2446 416 2519 ecclesie
434 2448 553 2516 volens
571 2447 702 2536 plenius
720 2447 895 2537 providere
913 2451 947 2516 in
966 2451 1046 2518 curti
1065 2466 1129 2536 que
1148 2447 1266 2515 dicitur
1289 2445 1386 2514 Rebe-

271 2554 362 2636 stoc,
390 2565 487 2634 quum
505 2549 579 2636 ipsa
606 2546 727 2614 dudum
754 2565 821 2614 uma
848 2566 920 2615 cum
938 2549 1055 2616 marito
1079 2565 1142 2615 suo
1162 2545 1283 2616 Silrido
1301 2545 1384 2612 beato
1423 2605 1424 2612 ,

242 2735 244 2740 Ι
270 2643 405 2714 Andree
432 2663 533 2736 super
550 2646 653 2714 altare
672 2663 767 2714 suum
793 2646 982 2737 tradiderat,
1002 2653 1054 2716 set
1070 2648 1200 2714 interim
1228 2646 1292 2714 sibi
1315 2663 1385 2712 cem·
1423 2683 1424 2696 κ

271 2764 330 2813 sus
356 2747 550 2836 retinuerat,
583 2747 766 2813 nouissime
792 2764 852 2835 per
871 2763 1002 2814 manum
1032 2745 1241 2814 mundiburdi
1267 2746 1316 2812 sui
1338 2744 1384 2811 si·
1423 2789 1424 2794 ,

204 2835 209 2845 '
272 2843 345 2912 iridi
363 2843 499 2912 Friedao
518 2844 732 2913 donationem
759 2863 858 2932 quam
884 2846 974 2934 prius
994 2844 1118 2914 lecerat
1131 2846 1281 2934 iteravit,
1307 2839 1384 2910 etad

271 2945 428 3012 maiorem
446 2944 658 3012 stabilitatem
675 2945 780 3033 ipsam
799 2945 916 3013 curtim
933 2945 1055 3032 pariter
1073 2962 1146 3012 oum
1165 2958 1277 3012 annuo
1297 2959 1384 3012 censu

270 3039 420 3130 predicte
439 3042 583 3111 ecclesie
602 3045 794 3130 resignavit.

347 3140 483 3210 Testes:
501 3141 716 3212 Baldemarus
740 3147 857 3212 cantor
882 3143 1015 3212 maioris
1034 3142 1187 3210 ecclesie.
1213 3139 1384 3210 Eberardus

273 3237 314 3308 de
333 3235 503 3327 Hirzberg.
544 3240 720 3312 Heinrious
748 3241 950 3310 cellerarius.
985 3241 1161 3310 Heinrious
1185 3247 1219 3310 et
1246 3237 1383 3310 Albertus

272 3337 314 3410 de
332 3338 509 3410 Bobardia.
548 3340 727 3410 Cunradus'
748 3341 866 3430 Sporo.
899 3337 1068 3412 Armoldus
1095 3339 1136 3408 de
1164 3337 1303 3410 Selbolt.
1333 3337 1383 3408 Ni-

273 3439 421 3510 cholaus.
451 3437 617 3510 Gerbodo.
644 3439 860 3526 Suenigerus.
888 3437 1029 3510 Silridus
1048 3439 1198 3528 Friedag.
1217 3437 1383 3526 lngebran-

274 3537 347 3607 dus.
374 3537 583 3608 Godelridus.
619 3537 759 3610 Silridus
778 3539 878 3608 irater
896 3537 1086 3608 Wienandi.
1120 3539 1326 3628 Gumpertus.
1342 3536 1384 3605 Si-

272 3636 375 3708 lridos
397 3637 590 3708 Memnelriu.
632 3636 788 3708 Albertus
809 3635 1040 3708 ComaHecilo
1065 3637 1182 3707 Albus.
1220 3634 1384 3708 Reirmbodo

273 3735 403 3807 Nobbo.
431 3737 604 3806 Cunradus
632 3745 666 3806 et
683 3735 857 3806 Heinrious
878 3737 1013 3808 Altlrint.
1053 3735 1239 3808 Edilwiuus
1264 3735 1384 3806 iuvenis.

238 3919 241 3924 Ι
274 3835 460 3905 Didericus.
496 3836 637 3906 Silridus
661 3835 762 3905 Velir.
804 3837 971 3906 Fuhselin.
1003 3835 1180 3905 Heinrious
1207 3835 1294 3920 lilius
1313 3835 1383 3904 Ber-

274 3931 374 4002 welli.
400 3935 575 4004 Heinrious
596 3937 637 4006 de
655 3937 895 4023 Buggenheim.
921 3935 1075 4006 Emricho
1095 3935 1207 4004 Willa.

310 4109 340 4174 l)
358 4119 410 4160 mun
433 4107 522 4160 dieses
545 4107 709 4165 brrrclnstr'rclr
739 4109 802 4166 land
830 4111 873 4166 ich
899 4113 925 4166 im
950 4113 1026 4167 einer
1052 4107 1244 4168 nieders'chril't
1267 4105 1312 4162 des
1331 4103 1385 4161 aleb

275 4175 391 4232 zebutcn
408 4174 607 4231 iebrhunderts.
