2916 4834
273 237 318 305 22
650 261 784 310 aurnuns
805 262 1030 312 connumerans.

190 413 257 468 naec
276 407 368 491 rnnt3
382 407 517 492 propter
536 402 600 471 boc
613 400 747 471 luerunt
763 401 810 470 illi
824 403 1031 470 cives'eieeti
1046 399 1088 469 de
1103 401 1238 469 civitate
1252 405 1426 469 eteorum

272 501 393 572 domus
417 501 586 572 destructe
610 507 779 571 eteorum
802 519 855 570 res
879 521 899 569 a
926 499 1092 569 iudicibus
1118 499 1316 568 confiscate.
1361 497 1427 567 So·
1451 504 1452 542 l

273 619 366 670 rores
394 599 436 670 de
469 606 588 670 sancto
618 600 774 670 iohanne
806 601 868 668 sub
899 601 984 668 'lilia
1013 597 1137 668 ordinis
1166 597 1427 668 Predicatorum

274 706 391 770 contra
414 699 601 768 libertatem
620 699 855 786 religiosorum
872 700 1198 786 sexagintamaroas
1223 698 1308 767 dare
1332 717 1358 765 a
1377 700 1428 764 oi-

274 799 372 868 vibus
393 798 610 885 cogebantur.
645 798 784 888 Philippi
808 805 841 868 et
859 798 977 868 Jacobi
994 797 1075 885 [mai
1100 797 1137 886 l]
1164 799 1256 866 cives
1274 793 1428 884 Argen·
1452 822 1453 862 r

275 900 425 967 tinenses
438 899 473 965 in
488 899 583 985 aquis
598 901 632 965 et
650 898 793 966 navibus
817 897 916 967 ludos
937 903 1154 966 exercuerunt
1161 919 1171 984 ;
1206 896 1251 965 ad
1274 895 1429 986 s'pe'cta-

275 998 384 1066 culum
408 1015 489 1067 vero
511 998 688 1066 venientes
705 1015 818 1086 ‘supra
843 1003 978 1086 pontem
1004 1015 1042 1066 sc
1070 1002 1287 1087 receperunt,
1321 1003 1365 1064 et
1389 1013 1430 1064 eo

276 1095 418 1166 cadente
446 1097 560 1185 plures
588 1097 820 1166 miserabiliter
844 1098 1024 1186 perierunt.
1072 1093 1143 1164 Rex
1160 1093 1334 1164 Rudollus
1366 1094 1454 1180 obp

277 1195 366 1265 sedit
390 1195 547 1285 oppidum
569 1195 760 1284 Luterburg
784 1197 937 1286 episcopi
956 1195 1125 1285 Spirensis
1151 1195 1281 1283 aliquot
1310 1193 1454 1283 septi?

276 1297 382 1364 manis
392 1319 401 1383 3
423 1298 479 1382 qui
495 1296 652 1364 resistcre
675 1299 748 1382 regi
766 1314 834 1364 non
851 1296 1004 1364 valentes
1019 1313 1056 1363 se
1075 1296 1166 1380 regis
1181 1295 1292 1382 gratie
1311 1293 1434 1362 tradi-

277 1395 408 1463 derunt.
442 1394 633 1484 Episcopus
649 1395 856 1464 Trevirensis
873 1395 964 1464 obiit.
991 1393 1128 1482 Capella
1153 1395 1186 1462 in
1203 1391 1436 1482 llugsboven

277 1493 488 1562 reedificatur
516 1513 537 1561 a
564 1493 748 1563 venerabili
772 1493 891 1563 abbate
927 1493 1080 1562 Conrado
1114 1492 1156 1562 de
1179 1493 1333 1561 lliclrere
1366 1511 1435 1580 que

278 1596 371 1661 anno¹
384 1592 591 1663 mclxxuvi.
608 1593 716 1663 lucrat
729 1593 895 1662 inchoata.
921 1591 1032 1681 Ipsum
1050 1599 1159 1661 autem
1177 1594 1437 1661 monasterium

278 1692 339 1760 suit
356 1692 547 1760 inchoatum
565 1693 781 1762 aWcrnbero
802 1685 1154 1762 comitedeOrtiberch
1167 1691 1256 1760 dioto
1270 1691 1435 1760 deHur-

277 1792 422 1882 ningen,
451 1792 545 1860 ouius
567 1791 744 1878 longitudo
776 1798 852 1861 octo
881 1790 1001 1880 pedum
1030 1790 1162 1880 depicta
1192 1778 1456 1860 communiuml

277 1893 312 1958 in
327 1889 446 1959 codem
459 1893 662 1961 monasterio
683 1893 855 1981 reperitur.
881 1889 950 1959 lien
963 1889 1124 1959 Rudollus
1142 1891 1231 1958 misit
1244 1889 1435 1958 domiuum

279 1989 468 2058 Heinricum
495 1993 690 2081 episcopum
706 1992 925 2060 Basilicnsem
949 1989 1074 2059 ordinis
1094 1988 1228 2058 fratrum
1247 1988 1437 2058 Minorum

279 2088 321 2157 ad
337 2108 457 2178 papam
479 2089 522 2157 ad
538 2090 672 2160 diuersa
689 2092 826 2176 negotia
848 2089 1069 2177 terminanda3
1101 2107 1189 2178 papa
1211 2105 1299 2156 vero
1325 2091 1457 2184 epis-t

280 2207 400 2276 oopum
412 2189 632 2258 Basilicnsem
649 2190 934 2278 archiepiscopum
949 2189 1193 2279 maguntinum,
1206 2191 1437 2276 prepositum
1456 2191 1457 2198 ’

279 2304 360 2356 vero
377 2287 625 2378 Magantinum‚
653 2289 782 2356 scilicet
797 2287 956 2378 Divitem,
982 2290 1175 2376 episcopum
1193 2287 1439 2356 Basilicnsem

279 2385 431 2454 iaciebat.
463 2385 594 2455 Domini
620 2387 661 2456 de
681 2387 908 2476 Liobtenberg
923 2388 1044 2456 curiam
1064 2404 1168 2476 prope
1188 2384 1441 2474 Liohtenberg

281 2484 506 2576 celebrabant,
524 2486 565 2555 ad
584 2505 681 2575 quam
695 2505 755 2576 per
771 2505 809 2555 se
825 2493 858 2556 et
874 2479 938 2576 per¹
948 2487 1032 2556 alios
1047 2485 1204 2575 plurimos
1218 2485 1439 2554 invitabant.

279 2583 407 2653 Eodem
430 2590 577 2674 tempore
606 2587 740 2674 legatus
767 2594 932 2673 cognatus
956 2592 989 2654 ot
1012 2587 1154 2654 alatere
1174 2601 1261 2674 papo
1292 2586 1441 2653 missus

281 2702 354 2752 cum
373 2684 522 2772 plenaria
536 2691 704 2774 potestate
724 2686 887 2755 Basileon
902 2687 994 2756 venit
1014 2691 1048 2753 et
1063 2684 1230 2753 dominum
1244 2684 1442 2752 Basilicn-

281 2784 507 2852 semeleotum
530 2786 750 2854 consecravit.
779 2786 945 2872 'luregum
972 2791 1123 2853 exustum
1153 2789 1206 2852 est
1226 2801 1289 2873 pro
1319 2787 1444 2852 tercia

281 2888 375 2971 parte
397 2889 534 2971 propter
559 2901 672 2951 eorum
695 2884 883 2972 superbiam
911 2890 947 2954 ut
970 2902 1031 2974 per
1055 2883 1232 2952 obsessum
1260 2881 1443 2952 diabolus

281 2981 444 3048 recitavit.
485 2981 646 3050 Dominus
677 2982 854 3052 Heinricus
886 2985 1066 3073 episcopus
1096 2983 1297 3051 Basiliensis
1322 2979 1449 3050 frater

283 3078 408 3148 ordinis
424 3078 588 3148 Minorum
605 3079 712 3150 lactus
734 3083 1004 3172 archiepiscopus
1020 3082 1237 3168 blaguntinus
1262 3089 1447 3170 receptus

228 3172 234 3178 ’
283 3183 337 3247 est
357 3184 472 3246 contra
487 3196 581 3268 spem
601 3199 621 3249 a
640 3182 710 3248 suis
729 3180 870 3249 subditis
895 3182 1053 3269 gloriose.
1080 3179 1241 3250 liudolfus
1266 3198 1330 3248 rex
1362 3181 1447 3250 duo

283 3283 396 3346 castra
411 3276 508 3346 lortia
532 3277 654 3348 domini
679 3279 721 3348 de
740 3279 939 3349 Wirtinberc
956 3281 1108 3349 noscitur
1125 3277 1306 3349 obsedisse
1332 3287 1377 3348 et
1398 3300 1449 3350 ea

283 3378 316 3445 in
340 3377 434 3445 brevi
451 3383 600 3466 tempore
614 3379 837 3448 intelleximus
864 3397 1091 3469 expugnasse.
1122 3379 1199 3469 lpse
1220 3379 1328 3448 eciam
1360 3379 1448 3450 do-

150 3557 153 3562 ,
283 3477 393 3545 minus
425 3475 467 3545 de
497 3477 698 3546 Wirtinberc
727 3484 893 3566 cognatus
921 3480 1011 3566 regis
1041 3478 1207 3548 obsessus
1234 3477 1275 3548 de
1309 3487 1449 3549 castro

255 3641 258 3645 .
284 3575 461 3644 descendit
477 3581 511 3644 et
524 3577 564 3645 ad
581 3577 687 3666 pedes
709 3577 887 3647 advolutus
903 3595 941 3646 se
959 3584 993 3646 et
1010 3595 1071 3647 sua
1089 3577 1221 3647 tradidit
1239 3579 1274 3645 in
1290 3581 1449 3666 regiam

283 3680 493 3762 potestatem.
520 3676 601 3744 Post
621 3676 741 3746 testum
763 3683 879 3746 sancte
894 3677 1083 3764 Margarete
1099 3677 1172 3764 [iul.
1188 3676 1250 3764 13]
1268 3693 1370 3746 nova
1393 3679 1449 3749 de

283 3771 451 3843 Friderico
470 3776 669 3863 imperatore
695 3777 865 3865 peregrini
885 3778 920 3844 in
934 3774 1095 3845 Alsatiam
1120 3776 1317 3846 retulerunt.
1352 3779 1452 3848 Rex

281 3869 449 3940 'Rudolsus
473 3872 606 3942 obsedit
637 3875 840 3964 plusquam
871 3877 989 3962 viginti
1019 3877 1214 3964 septimanis
1245 3877 1451 3947 castellum

288 3969 378 4056 quod
396 3971 515 4039 dicitur
528 3971 677 4060 Stutgart
697 3973 787 4062 quod
811 3975 909 4044 situm
929 3980 982 4042 est
1003 3991 1108 4063 prope
1131 3973 1352 4062 Ezzelingen.
1394 3977 1453 4047 Et

287 4067 376 4138 tedio
402 4069 541 4138 allectus
570 4089 629 4140 rex
656 4076 845 4162 composuit
871 4091 944 4142 oum
969 4072 1106 4142 domino
1137 4073 1179 4142 de
1205 4074 1450 4168 Wirtinberc,

286 4167 378 4236 etad
395 4169 543 4256 legatum
562 4171 595 4238 in
613 4170 740 4259 Spiram
762 4175 875 4241 venire
892 4173 1060 4261 disposuit
1077 4171 1286 4244 festinanter.
1314 4174 1357 4242 ln
1379 4175 1453 4245 die

287 4267 466 4337 animarum
483 4268 576 4354 [nov.
593 4269 631 4356 2]
647 4272 740 4338 venit
756 4272 889 4358 legatus
908 4273 941 4340 in
957 4271 1208 4341 Columbariam.
1236 4271 1422 4344 Commiss
1439 4302 1458 4339 s
