2916 4834
433 251 561 299 arreum
582 251 808 300 couunrnmsrs.
1169 227 1187 290 'l

54 386 238 476 episeopus
262 387 461 458 basiliensis
487 407 560 458 oum
587 390 678 480 suia,
712 387 870 480 oppidum
896 391 1117 478 expugnarit,
1153 396 1187 460 et
1204 402 1271 458 tara

52 486 164 554 omnia
180 487 297 573 quein
317 503 358 556 eo
378 489 498 576 reperit
513 487 691 556 demolitus
710 494 772 558 est.
800 486 952 555 Castrum
970 484 1191 558 Otmarsbeim

52 583 145 652 eires
165 583 490 671 Nuweuburgenses
508 588 588 673 igue
609 587 743 674 penitus
760 585 969 655 deleverunt.
1002 583 1191 656 wClaustmm

52 681 259 753 Sieilsitolren
275 686 442 754 exereitus
456 683 724 754 eomitisliudolli
737 686 817 771 igne
832 685 1009 774 supposito
1018 683 1190 756 destruxit

52 778 242 850 claustrum
259 781 424 852 Gutnowe
439 801 552 852 eomes
566 782 764 873 doloribus,
789 781 889 852 irater
905 783 1034 852 eomitis
1052 783 1189 852 Fribur-

50 879 181 969 gensis,
201 897 263 968 pro
288 880 457 952 ablutione
474 881 660 950 reddituum
679 899 814 951 suorum
835 883 969 970 penitus
992 879 1190 952 devastavit.

49 976 251 1046 Suburbium
269 980 458 1048 Basiliause
484 998 589 1070 prope
614 986 742 1068 portam
761 979 876 1050 Cruois
893 995 1008 1048 eomes
1027 978 1190 1050 Rudollus

49 1076 253 1163 insequente
269 1086 370 1148 noete
383 1078 650 1150 bartholomeum
667 1079 763 1168 [aug.
784 1077 848 1165 ut]
868 1095 928 1167 per
944 1077 1106 1148 llammam
1123 1077 1188 1148 de-

50 1177 188 1244 voravit.

119 1273 337 1344 bloelxrniii
365 1275 607 1362 Vigiliasaueti
624 1275 777 1346 silvestri
793 1275 909 1363 [1272
929 1273 1001 1344 deo.
1021 1273 1085 1361 30]
1109 1291 1189 1344 rus-

51 1373 133 1440 ticus
154 1372 310 1462 quidam,
338 1373 453 1463 Lupus
478 1376 612 1444 nomine
631 1381 666 1443 et
681 1393 735 1466 re,
752 1371 886 1444 tradidit
907 1378 1050 1442 nastrum
1070 1372 1189 1444 Werra

50 1471 161 1540 comiti
179 1469 343 1559 Rudoll03
369 1481 404 1542 et
425 1479 545 1562 eaptus
567 1471 628 1541 luit
652 1475 687 1542 in
709 1491 751 1542 eo
776 1472 929 1542 dominus
946 1469 989 1540 de
1004 1469 1188 1540 Rotellreim

52 1568 211 1659 olorinus,
230 1571 318 1640 lilius
333 1574 460 1642 sororis
474 1571 627 1662 episeopi
645 1572 841 1641 basiliensis
860 1577 894 1639 et
913 1570 968 1638 alii
985 1570 1086 1638 multi.
1112 1569 1188 1640 lla·

51 1668 156 1738 mines
176 1668 310 1738 abbatis
331 1671 439 1738 saneti
455 1670 540 1740 Gelli
565 1677 765 1759 aoeepemut
793 1671 946 1740 eomitem
964 1666 1139 1738 liudolfum
1154 1669 1187 1738 iu

52 1764 263 1838 annonarum.
290 1765 380 1837 Obiit
394 1767 765 1858 episeopuscnrieusis
784 1766 952 1856 quondam
969 1765 1071 1836 irater
1092 1765 1187 1836 ordi-

53 1865 103 1932 uis
120 1865 383 1937 Predioatomm.
422 1867 613 1956 Episcopus
634 1868 833 1938 Basilieusis
853 1865 1022 1936 ediieavit
1046 1871 1187 1936 eastmm

50 1963 488 2034 iuBrisesheimeteastrum
503 2015 621 2035 ......
630 1961 1071 2036 Marsolraleusiuterioitur.
1093 1962 1187 2032 Ciroa

50 2059 167 2130 testum
196 2065 306 2132 saneti
324 2065 484 2134 bomiuioi
507 2064 628 2133 tratres
644 2063 874 2134 Predioatores
895 2060 1107 2150 perleoerunt
1122 2079 1184 2132 su-

51 2177 100 2228 um
117 2162 318 2250 oampanile.
339 2161 632 2233 ComesRudoliirs
646 2161 689 2232 de
698 2163 874 2252 Habspnro
881 2159 1013 2230 obsedit
1021 2161 1185 2230 Basileam

49 2258 152 2328 tribus
166 2259 288 2330 diebus
306 2278 379 2330 oum
400 2263 550 2351 potentin
568 2279 690 2348 magua
709 2263 799 2332 eires
821 2261 941 2330 festum
957 2265 1075 2328 sanate
1089 2258 1182 2327 Mar-

49 2363 162 2442 garete
177 2357 254 2446 [iul.
274 2359 348 2448 13].
375 2361 479 2430 Vallis
496 2362 604 2430 saneti
617 2361 768 2447 Gregorii
786 2380 806 2430 a
823 2361 944 2430 oomite
962 2356 1106 2428 Rudollo
1119 2357 1185 2434 do-

50 2463 207 2526 restatur.
233 2457 272 2526 ln
293 2459 407 2546 vigilia
424 2461 532 2528 saneti
548 2457 718 2528 Laurentii
737 2459 833 2548 [aug.
851 2458 890 2546 9]
913 2455 1115 2546 depredatus
1134 2463 1187 2528 est

50 2570 162 2624 mures
183 2554 347 2626 Rudollus
368 2559 479 2628 villam
495 2557 628 2645 Clingin
648 2563 682 2626 et
701 2564 845 2626 rastrum
867 2573 954 2645 pene
975 2561 1126 2643 oeperat3
1153 2561 1187 2625 et

50 2654 210 2739 equitavit
221 2672 296 2724 oum
314 2659 462 2725 exercitu
481 2673 586 2746 prope
604 2655 789 2745 Basileam,
808 2664 842 2724 et
867 2660 957 2724 aives
980 2671 1048 2722 nou
1075 2650 1184 2723 sude-

50 2749 127 2822 baut
140 2753 320 2842 prohibere
340 2772 425 2824 eum.
450 2755 489 2824 lu
510 2754 598 2824 sesto
615 2753 878 2824 sanotilllauritii
898 2752 1001 2840 [sept.
1013 2749 1077 2838 22]
1097 2750 1183 2820 laete

51 2856 126 2920 suut
149 2858 268 2940 treuge
293 2853 463 2940 usquead
485 2853 605 2922 testum
627 2853 735 2922 sauoti
756 2852 839 2921 Galli
860 2853 947 2920 inter
964 2849 1184 2920 Basiliensem

51 2950 245 3039 episeopum
273 2958 305 3020 et
329 2953 484 3020 eomilem
501 2949 677 3022 Rudolium
702 2951 745 3020 de
762 2950 945 3040 Habspuro.
974 2946 1094 3016 Comes
1111 2945 1184 3018 Ru-

52 3044 159 3116 dolius
184 3048 227 3118 de
250 3049 426 3139 Habspuro
448 3052 482 3118 iu
501 3067 616 3137 regem
638 3047 1027 3136 eligiturRomnuorum.‘
1061 3045 1183 3116 Milites

51 3145 199 3216 stelliferi
227 3151 434 3218 intravemnt
461 3149 635 3218 Basileam.
681 3149 855 3218 Exercitus
886 3147 1017 3216 eomitis
1040 3141 1182 3234 Rudolli,

51 3259 113 3330 ouo
133 3245 301 3315 Basileam
317 3247 472 3316 obsidere
485 3247 601 3337 voluit,
617 3246 714 3318 rediit
736 3246 779 3315 ad
795 3265 873 3316 sua.
904 3243 1066 3314 Dominus
1084 3245 1182 3332 epis·

51 3357 152 3430 oopus
174 3344 376 3414 Basiliensis
403 3347 702 3432 congregationem
730 3361 842 3434 snam,
881 3362 947 3432 qna
972 3341 1182 3412 obsidionem

50 3441 224 3526 probibere
241 3442 356 3534 voluit,
377 3443 509 3513 dimisit.
537 3444 654 3533 Sopita
675 3451 730 3512 est
747 3443 976 3514 oontroversia
997 3441 1083 3508 iuter
1097 3439 1182 3508 Pre-

52 3535 214 3610 dioatores
232 3547 267 3612 et
282 3542 431 3612 Minores
451 3548 586 3634 propter
603 3542 745 3614 heresim
762 3560 829 3631 quo
847 3548 920 3612 orta
942 3538 1003 3608 luit
1019 3539 1052 3606 in
1065 3535 1183 3608 libetis

50 3653 149 3727 prope
168 3639 368 3726 Augustam.
466 3689 470 3700 .

119 3736 338 3808 mretrunu.
375 3737 537 3810 Rudollus
570 3759 628 3810 rex
651 3737 871 3810 Romauomm
901 3735 992 3804 venit
1015 3732 1180 3802 Basileam

53 3833 188 3908 sabbato
209 3836 254 3906 ad
272 3855 432 3927 resperas
453 3839 489 3906 in
507 3843 627 3908 antara
643 3837 829 3927 epiphanie,
849 3835 977 3906 soilieet
993 3831 1103 3902 idibus
1125 3834 1181 3902 ia-

53 3935 153 4002 nuarii
170 3935 254 4023 [ian.
272 3936 347 4025 13],
365 3937 392 4006 G
410 3937 518 4006 littera
535 3936 734 4006 dominicali.
759 3933 924 4023 Reoeptus
948 3937 1002 4000 est
1023 3931 1064 4000 ab
1084 3932 1180 4019 epis·

52 4046 132 4118 copo
144 4033 323 4104 Basilieasi
334 4035 501 4124 lleiarioo‚
515 4033 727 4123 presentibus
744 4033 898 4104 iratribus
912 4027 1179 4102 Predioatoribus

54 4129 353 4223 quadragiatnduo‚
388 4133 543 4204 iratribus
567 4132 752 4202 Minoribus
779 4133 992 4219 trigintaserr‚
1033 4129 1177 4198 saooatis

53 4223 220 4300 duodeoim
252 4237 285 4302 et
314 4231 467 4302 iratribus
493 4232 591 4302 beate
614 4231 722 4301 Marte
745 4231 884 4318 virginis
912 4235 1009 4317 oeta,
1041 4232 1176 4312 totaque
