2950 4836
276 235 344 302 566
625 264 787 310 canonicor
810 264 1053 310 osrunnovrrusn.

192 409 259 466 isto
277 407 409 470 ruerent
425 407 462 470 ut
486 402 639 470 omnibus
656 403 812 470 introitus
828 407 969 490 pateret,
987 409 1019 470 et
1038 402 1212 469 castellani
1229 401 1399 492 fugientes,

272 505 377 570 totum
395 500 487 588 quod
504 502 663 569 remansit
679 503 758 587 igne
776 519 835 588 per
853 500 992 570 eosdem
1011 507 1241 588 consumptum
1261 509 1318 570 est.
1333 502 1400 570 Rc-

272 607 433 688 ccperunt
457 605 567 668 aulem
593 617 631 668 se
655 602 689 668 in
707 601 848 668 castello
867 600 1072 668 Wernstain.
1098 601 1162 668 Ubi
1180 617 1238 688 por
1257 601 1400 668 clemen-

272 699 356 768 oiam
382 697 502 768 ducum
528 699 696 789 Barbarie,
722 698 865 767 diversis
889 699 1124 768 mediatoribus
1144 701 1314 766 cononicis
1333 701 1399 767 Pa-

139 791 142 797 ’
272 797 479 866 liviensibus
504 804 537 866 et
559 799 633 866 aliis
658 798 824 866 nobilibus
850 817 887 866 so
905 799 1211 887 interponentibus,
1236 798 1401 885 usquead

271 896 451 964 adventum
481 895 575 964 ducis
602 895 736 964 bustric
763 897 825 964 sub
854 896 1052 984 quibusdam
1083 897 1333 965 condicionibus
1365 903 1400 965 cl

272 997 398 1082 treugis
421 1003 670 1085 remanserunt,
697 1013 836 1082 quorum
860 998 1055 1084 capitaneus
1080 995 1188 1064 fuerat
1214 995 1333 1064 nobilis
1354 995 1397 1063 de

273 1090 458 1162 Lambercb
477 1100 510 1164 ct
526 1097 558 1161 in
579 1094 778 1162 Neunburob
798 1096 1012 1164 castellanus.

345 1192 472 1264 Eodem
497 1207 586 1262 anuo
616 1195 704 1262 cirea
729 1193 870 1261 mediam
902 1194 1189 1281 quadragesimam
1216 1192 1397 1260 Fridericus

273 1290 341 1360 dux
357 1291 511 1382 drrstrie,
537 1310 611 1361 cnm
635 1299 784 1360 maneret
807 1294 841 1360 in
866 1293 1014 1380 partibus
1031 1293 1113 1362 Reni
1132 1299 1165 1360 el
1184 1299 1281 1360 esset
1297 1291 1400 1360 inico·

273 1390 369 1460 datus
387 1411 408 1461 a
429 1409 509 1478 rege
527 1389 749 1460 Romanorum
768 1390 924 1460 Heinrico
945 1397 980 1460 et
999 1410 1072 1460 curn
1086 1393 1162 1479 ipso
1181 1390 1401 1459 concordatus

273 1490 335 1558 sub
354 1490 552 1577 quibusdam
570 1489 840 1580 condicionibus,
860 1489 1001 1558 audieus
1019 1498 1163 1558 castrum
1177 1509 1276 1558 suum
1292 1489 1402 1556 Noun-

272 1588 375 1656 burcb
393 1607 413 1656 a
431 1589 580 1658 Bawaris
599 1589 822 1675 destructum,
841 1607 901 1678 pro
921 1590 1046 1658 viribus
1071 1591 1210 1674 collegit
1227 1589 1404 1656 exereitum

270 1685 464 1756 Riuensium
489 1705 528 1756 ao
553 1688 753 1778 Sacrorum,
773 1687 985 1757 descendeus
1003 1707 1063 1776 per
1081 1688 1265 1756 districtum
1284 1704 1324 1754 uo
1342 1687 1405 1754 dc-

270 1787 404 1854 minium
419 1786 696 1874 Salezpurgensis
710 1787 955 1876 archiepiscopi
966 1787 1136 1855 adlerrcm
1150 1785 1297 1854 bustric.
1318 1786 1405 1854 Con-

269 1891 477 1974 grcgataque
501 1885 624 1954 ibidem
650 1887 770 1955 milicia
795 1886 836 1955 dc
861 1887 1009 1972 Ungaria
1030 1883 1165 1955 Austria
1188 1887 1288 1953 Stiria
1306 1891 1405 1971 utque

271 1985 441 2054 Karintbia
459 2003 533 2052 eum
551 1986 711 2054 machinis
730 2003 771 2054 ac
788 1985 929 2053 diversis
949 1987 1023 2052 aliis
1041 1986 1251 2062 armamentis
1270 1986 1335 2051 iter
1354 2003 1408 2050 ar-

272 2085 370 2172 ripuit
394 2102 513 2153 versus
531 2085 728 2174 Bawuriam,
750 2083 792 2153 ad
806 2083 1027 2153 invadendam
1046 2083 1187 2152 eundem
1207 2089 1342 2172 terram,
1360 2089 1408 2150 al-

272 2199 337 2270 que
357 2183 547 2272 specialiter
568 2183 611 2250 ad
636 2183 895 2252 destructionem
913 2185 1011 2252 castri
1035 2182 1260 2269 Sobacrding,
1286 2182 1408 2250 volens

271 2281 443 2350 vindicare
468 2300 562 2350 suam
588 2283 739 2350 iniuriam
765 2281 807 2350 de
835 2287 946 2350 oestro
974 2281 1190 2370 Ncunburcb,
1216 2281 1351 2350 babens
1378 2283 1409 2347 in

272 2381 429 2450 comitatu
457 2399 519 2450 suo
547 2381 757 2450 Chunradnm
782 2381 1068 2470 arehiepiscopum
1094 2381 1409 2468 Suiezpurgensem,

273 2496 412 2567 quorum
441 2481 606 2548 exereitus
632 2481 833 2566 equestrium
859 2487 893 2548 ct
917 2479 1118 2568 pedestrium
1149 2479 1192 2546 ad
1218 2479 1411 2566 quindecim

270 2579 360 2646 millu
386 2579 610 2648 estimabatur.
643 2579 685 2647 Et
708 2596 782 2646 oum
808 2580 959 2648 venissel
982 2579 1067 2647 ultra
1090 2572 1255 2666 Balsam¹,
1282 2577 1411 2646 ibidem

270 2677 442 2746 veniendo
465 2679 499 2746 in
524 2680 578 2746 uia
602 2677 737 2748 obsedit
762 2677 928 2765 quoddam
953 2679 1102 2764 ligneum
1125 2679 1290 2764 tugurium
1316 2676 1411 2764 quod

272 2775 389 2845 dicitur
414 2776 507 2846 Ricd.
532 2777 596 2845 Ubi
622 2795 681 2865 per
704 2776 778 2844 dies
797 2776 1046 2864 quatuordecim
1064 2777 1268 2866 morabatur,
1286 2779 1410 2843 terram

270 2875 421 2943 Bawarie
447 2877 482 2944 in
511 2877 586 2944 istis
615 2877 763 2964 partibus
788 2875 953 2944 incendiis
980 2881 1015 2944 et
1034 2877 1158 2963 rapinis
1184 2874 1409 2942 devastando.

271 2973 420 3042 Tandem
437 2991 496 3062 per
514 2976 783 3060 resignaoionem
800 2975 974 3042 castellani
990 2973 1070 3042 illud
1089 2974 1246 3063 obtinuit,
1269 2978 1305 3041 et
1321 2974 1410 3040 ultra

270 3089 344 3140 eum
363 3075 437 3140 suis
452 3073 663 3161 progreditur
680 3091 788 3160 usque
802 3074 1013 3142 Purobnsum.
1039 3073 1155 3160 Ibique
1171 3091 1212 3140 en
1230 3073 1295 3140 aiio
1313 3079 1409 3160 parte

270 3170 332 3238 Eni
359 3169 591 3260 descendens,
618 3178 892 3258 congregatoque
924 3173 1071 3240 exercitu
1094 3171 1229 3239 obsedit
1261 3176 1408 3238 castrum

270 3266 1408 3360 inSoberdiugueiroanssunpcionenvirginisgtomose[ungisi.

343 3365 494 3438 Audiens
513 3375 625 3438 nartem
643 3367 720 3438 Otto
735 3380 793 3438 r'err
811 3376 844 3437 et
858 3369 1049 3458 Stephanus
1067 3370 1136 3437 dux-
1154 3375 1301 3436 castrnm
1312 3387 1407 3436 sutum
1472 3449 1473 3472 Χ

270 3466 467 3556 obsessum,
487 3469 580 3537 cuius
600 3469 773 3538 castellani
791 3473 885 3536 erunt
901 3468 1059 3537 Albertus
1086 3475 1120 3536 cl
1142 3467 1329 3536 Abammus
1349 3485 1409 3535 cc·
1472 3481 1473 3558 t

270 3566 365 3633 mites
399 3565 442 3635 de
467 3565 549 3634 Hals
583 3568 733 3634 strennui
759 3568 896 3656 milites,
927 3568 1084 3655 paulatim
1114 3572 1409 3652 congregaverunt
1472 3561 1473 3612 t

271 3666 451 3734 exercitum
469 3665 696 3734 tantummodo
715 3664 756 3732 dc
775 3683 837 3733 sua
855 3671 957 3754 terra,
983 3667 1134 3753 exceptis
1151 3667 1269 3752 ponci-s
1288 3665 1407 3751 hospi·

270 3762 356 3831 libus
382 3765 510 3832 scilicet
535 3763 666 3834 duobus
698 3765 874 3832 conritibus
901 3765 946 3832 de
970 3765 1175 3850 Trubenting
1202 3771 1236 3832 et
1261 3763 1405 3831 Heben·

269 3860 345 3928 loob
355 3913 363 3950 ,
382 3863 470 3932 circa
488 3865 692 3932 nativitatem
709 3863 806 3930 beate
827 3863 973 3948 Virginis
994 3859 1097 3952 [sept.
1115 3861 1157 3954 8]
1178 3877 1221 3930 en
1237 3863 1294 3930 iila
1310 3866 1404 3949 parte
1472 3895 1473 3908 2

269 3959 331 4026 Eni
350 3977 423 4028 cum
442 3979 502 4030 sua
521 3962 642 4030 milicia
668 3980 706 4028 se
725 3962 863 4047 collegit
881 3962 922 4030 ad
944 3961 1190 4030 deiendendum
1210 3966 1356 4028 castrum
1374 3965 1404 4026 et
1472 3963 1473 4038 ξ

271 4075 366 4126 suum
393 4061 622 4148 principatum.
655 4061 692 4128 in
722 4073 792 4147 quo·
819 4062 966 4130 encrcitu
992 4066 1028 4128 ut
1053 4060 1172 4130 uiuitur
1198 4064 1292 4128 erant
1320 4059 1404 4125 mille

271 4201 335 4318 se‘ir)
354 4199 433 4319 ἷξὲἰε
457 4199 483 4252 in
511 4198 736 4255 OberOeslrcicb.
764 4201 854 4271 Vargl.
877 4201 1029 4260 dbcrbnnpl
1053 4201 1097 4254 dic
1120 4210 1184 4254 nolo
1211 4201 1311 4255 lorber
1329 4199 1403 4253 bd.l

303 4283 339 4319 re
412 4305 418 4319 .
1472 4279 1473 4288 ¹
