2950 4836
279 232 351 300 534
652 259 844 305 rusuurnous
867 257 1055 304 unrnunusrs.

195 405 258 460 raet
280 399 360 468 Post
383 398 470 466 bunc
494 401 605 466 autem
629 398 758 466 clectus
784 403 837 466 est
862 395 1071 464 concorditer
1094 396 1130 468 iu
1146 393 1296 464 abbatem
1314 393 1406 462 Alta·

278 498 416 566 inensem
443 496 598 566 dominus
628 496 744 585 Poppo
775 495 976 564 venerabilis
1001 494 1108 563 abbas
1137 492 1179 564 de
1205 491 1322 561 Altaclr
1347 512 1407 560 su-

277 597 398 685 periori
408 647 418 687 ,
440 597 488 664 vir
505 596 620 682 utique
638 600 705 662 tam
724 596 901 664 sanctitate
920 612 1019 681 quam
1036 593 1232 662 austeritate
1248 595 1315 662 vite
1332 610 1408 680 pre·

278 697 397 784 cipuns
415 694 542 762 zelator
559 692 685 762 ordinis
707 700 740 762 ct
764 693 958 783 religionis,
984 694 1040 780 qui
1064 693 1150 760 idem
1176 693 1408 760 monasterium

277 795 312 864 iu
330 793 451 863 Altcch
472 791 635 882 interiori,
660 811 720 882 per
744 792 926 881 predictam
949 791 1199 860 dissensionem
1226 810 1246 860 a
1270 809 1332 858 sua
1350 790 1408 858 bo·

278 899 411 962 nestatc
434 893 580 978 graviter
603 893 815 979 mennatum,
848 897 914 958 tam
943 891 977 958 in
1003 890 1231 980 spiritualibus
1256 909 1355 978 quam
1378 891 1409 956 in

278 991 514 1081 temporalibus
540 989 738 1060 reformavit.
779 990 906 1060 Eiectis
924 991 1011 1058 enim
1029 988 1228 1078 quibusdam
1246 988 1408 1078 tratribus,

278 1093 335 1179 qui
359 1109 494 1160 causam
520 1108 583 1158 seu
601 1091 814 1160 occasionem
837 1087 985 1179 predicte
1011 1089 1216 1157 dissensioni
1241 1087 1408 1178 dederant,

279 1191 364 1258 alios
383 1190 566 1277 assumpsit
582 1191 638 1276 qui
655 1190 830 1275 elegerunt
848 1187 1014 1257 ambulare
1029 1190 1063 1256 in
1077 1187 1177 1256 domo
1195 1186 1409 1256 dominicum

279 1306 460 1360 consensu.
486 1286 614 1370 Quibus
631 1289 665 1356 in
683 1287 894 1374 regularibus
914 1287 1135 1356 observantiis
1149 1287 1260 1354 taliter
1281 1284 1410 1375 proluit,

280 1387 373 1476 quod
394 1387 577 1476 predictum
600 1389 838 1458 monasterium
864 1385 975 1475 quoad
1001 1386 1197 1473 religionem
1214 1387 1337 1454 vicinis
1355 1403 1412 1453 ec-

280 1487 394 1556 clesiis
412 1487 585 1572 religionis
603 1485 765 1574 prebebat
782 1485 985 1575 exemplum,
1003 1491 1036 1554 et
1051 1487 1156 1554 eciam
1173 1483 1282 1570 longe
1299 1485 1412 1573 positis

279 1591 396 1654 sancte
413 1584 550 1654 vivendi
567 1587 717 1671 regulam
734 1584 944 1654 ostendebat.
961 1585 1043 1652 Item
1056 1585 1090 1652 in
1107 1583 1351 1672 temporalibus
1370 1587 1413 1651 sic

279 1682 419 1773 provide
437 1684 701 1773 amministravit,
726 1683 817 1771 quod
840 1685 875 1752 in
899 1683 998 1754 domo
1019 1701 1081 1752 sna
1106 1683 1238 1751 famosa
1263 1683 1413 1751 omnibns

237 1857 243 1868 ,
280 1789 350 1852 crat
362 1783 584 1873 hospitalitas,
594 1789 629 1851 et
640 1782 865 1872 undecunque
882 1783 1035 1853 venirent
1045 1801 1213 1871 pauperes
1232 1799 1414 1870 pasceren-

279 1889 340 1952 tur.
359 1880 528 1970 Capellam
545 1883 651 1950 eciam
669 1882 755 1950 beati
773 1881 904 1970 llyliani
922 1901 942 1950 a
959 1899 1022 1950 suo
1038 1887 1259 1950 antecessore
1273 1880 1413 1950 inchoa-

279 1988 345 2050 tam
376 1979 533 2070 perfecit,
563 1979 679 2070 predia
703 1980 798 2069 plura
829 1981 924 2071 emit,
954 1985 1022 2048 tres
1053 1999 1194 2066 magnus
1229 1982 1416 2048 construxit

278 2081 445 2170 piscinas,
464 2084 498 2148 ct
514 2081 548 2146 in
566 2079 720 2148 omnibus
737 2079 835 2148 lactis
854 2081 925 2148 suis
944 2079 1009 2148 deo
1028 2087 1062 2148 et
1078 2079 1270 2148 hominibus
1290 2080 1414 2147 amabi-

174 2185 176 2192 '
278 2181 345 2249 lem
371 2196 409 2248 se
436 2177 591 2248 ostendit.
633 2178 776 2248 Rexcrat
803 2179 890 2248 enim
907 2179 1139 2248 monasterium
1159 2179 1195 2246 in
1212 2175 1338 2246 Altuclr
1358 2197 1414 2248 sn-

278 2278 402 2368 pcriori
424 2278 459 2344 in
476 2277 616 2346 abbacia
632 2276 821 2363 vigintiduo
840 2279 956 2366 annis,
980 2285 1014 2346 et
1037 2285 1147 2366 preter
1171 2279 1282 2366 ipsam
1304 2279 1413 2347 eccle·

280 2379 363 2446 siam
391 2393 507 2444 omncs
531 2375 600 2444 lere
628 2395 740 2445 muros
767 2383 801 2445 ct
827 2376 956 2446 edificia
979 2377 1024 2444 ibi
1050 2377 1093 2445 de
1122 2394 1213 2446 novo
1243 2379 1415 2464 reparavit

280 2475 428 2544 Tandem
446 2492 535 2543 anno
554 2474 677 2544 domini
695 2476 920 2545 mcclxxxix.
938 2482 1036 2545 sexto
1060 2475 1125 2544 lral.
1149 2475 1309 2544 februarii
1327 2475 1414 2545 bono

281 2576 345 2644 bne
364 2573 527 2662 decessit,
553 2574 587 2640 in
613 2573 743 2663 capella
766 2574 856 2643 beati
872 2575 1003 2662 Kyllani
1028 2594 1126 2662 quum
1149 2573 1343 2663 perfecerat
1370 2582 1415 2643 est

280 2674 442 2762 sepultus.
474 2673 556 2740 Post
572 2673 662 2742 hunc
679 2674 807 2742 clectus
826 2679 879 2742 est
894 2676 929 2742 in
947 2674 1099 2742 abbatem
1116 2672 1338 2742 Altabenscm
1358 2675 1415 2743 do-

279 2775 387 2842 minus
406 2770 619 2840 chbardus
638 2771 787 2840 eiusdem
806 2775 997 2842 monasterii
1014 2773 1214 2862 monachus,
1241 2773 1300 2860 qui
1319 2781 1414 2842 antea

193 2951 195 2958 ¹
278 2875 313 2940 in
329 2874 495 2961 prioratu,
524 2889 622 2958 quem
639 2872 744 2958 longo
762 2876 911 2960 tcmpore
928 2873 1029 2962 rexit,
1055 2879 1089 2940 ct
1105 2874 1139 2940 in
1157 2872 1302 2940 abbacia
1320 2882 1413 2962 post-

278 2971 411 3039 modum
438 2970 592 3040 omnibus
618 2971 730 3038 onmia
755 2969 862 3040 lactus
889 2977 959 3061 cst,
983 2977 1020 3039 ut
1050 2989 1167 3040 omncs
1192 2971 1412 3059 lucrifaceret,

278 3075 364 3138 ctut
381 3071 544 3138 elimasse
562 3069 729 3137 videretur
750 3069 924 3140 munileste
943 3071 1030 3138 circa
1048 3069 1202 3139 subditos
1220 3073 1315 3141 iuste
1334 3089 1411 3142 con-

279 3167 394 3236 sulens
412 3167 637 3235 misericordia
657 3174 690 3236 et
706 3169 762 3256 pic
780 3170 915 3237 seviens
934 3167 1137 3260 disciplina]

351 3263 450 3335 Anno
474 3264 516 3334 ab
539 3267 767 3336 incarnatione
796 3267 921 3336 domini
951 3268 1167 3336 mcclxxxii.
1201 3267 1326 3338 Petrus
1359 3289 1412 3339 rer

277 3365 484 3455 Arrogonie,
510 3365 650 3454 expulso
677 3367 797 3434 llarolc
824 3384 924 3455 rege,
954 3385 1093 3452 regnum
1119 3366 1232 3436 Sicilie
1261 3376 1413 3458 potenter

278 3466 465 3552 occupavit.
499 3465 637 3553 Propter
662 3464 753 3552 quod
770 3483 859 3552 papa
876 3465 1039 3534 Martinus
1058 3470 1411 3538 excommunicationis

278 3566 475 3632 sententiam
493 3563 629 3650 protulit
645 3569 762 3632 contra
778 3565 904 3654 ipsum,
935 3565 1020 3634 sicut
1044 3565 1176 3654 plenius
1195 3573 1293 3654 patet
1310 3571 1346 3636 in
1362 3570 1411 3636 lit-

278 3669 347 3730 tera
364 3663 599 3749 subsequenti:
918 3679 919 3682 ’

350 3761 514 3829 Martinus
534 3761 716 3850 episcopus
736 3768 797 3830 cto.
836 3762 936 3847 Cogit
961 3779 1025 3831 nos
1044 3761 1410 3851 temporis—aposto-

276 3859 350 3926 licis
369 3861 543 3928 ccntrairc.
578 3860 621 3928 Ut
639 3866 748 3929 autem
768 3867 831 3928 etc.
865 3860 985 3929 Datum
1008 3859 1096 3948 apud
1114 3861 1237 3928 Urbem
1257 3861 1409 3930 Veterem

275 3958 308 4024 in
325 3958 437 4045 platea
461 3958 549 4026 dicte
573 3961 707 4028 maioris
726 3960 888 4049 ecclesie,
913 3961 946 4026 in
971 3959 1025 4028 die
1044 3959 1258 4027 ascensionis
1278 3959 1408 4048 domini,

275 4057 487 4145 pontificatus
505 4061 611 4126 nostri
630 4077 719 4127 anno
738 4057 889 4128 secundo
905 4056 1023 4149 [1282.
1039 4059 1105 4126 mai
1125 4055 1176 4148 l].

348 4154 453 4234 Quam
473 4159 846 4226 excommunicationem
868 4177 940 4225 cum
960 4157 1129 4246 predictus
1148 4175 1207 4224 rex
1225 4153 1410 4245 Arrogonic
1462 4225 1463 4228 ,

276 4259 535 4342 contempneret,
553 4274 639 4342 papa
655 4258 811 4338 excitavit
825 4262 940 4326 contra
959 4275 1033 4326 cum
1047 4257 1216 4326 dominum
1232 4256 1411 4348 Philippum
