2886 4834
384 269 546 317 uormrnus
568 269 604 316 un
625 269 790 316 susurnam.
874 339 877 344 Ι
1091 242 1159 311 125

41 405 177 476 videlieet
193 407 369 478 lohannes
392 409 604 479 Tusculanus
631 409 828 498 episeopus,
845 409 878 476 in
900 409 1050 498 partibus
1070 407 1155 480 Ale·
1176 421 1242 481 1286

40 509 131 575 uranie
149 525 168 575 o
185 507 322 577 domino
335 509 483 578 Honorio
497 527 585 598 papa
598 509 745 598 legatuS,
759 508 894 576 trahens
909 508 1049 577 caudam
1066 528 1160 578 suam

40 607 207 676 veneticam
233 627 294 697 per
318 613 420 677 totum
446 626 585 696 regnum
609 605 800 695 Alemanie,
828 615 862 676 et
876 608 998 677 multos
1017 627 1079 677 sun
1096 629 1160 697 sy-

40 708 174 775 moniaea
192 707 309 776 inleoit
328 709 499 796 pravitate.
535 707 725 795 statuitque
743 707 806 775 sibi
825 707 931 796 primo
952 710 1160 777 mansionem

38 807 204 874 incivitate
220 807 414 897 Basiliensi,
432 813 466 875 et
479 807 525 875 ibi
541 825 602 875 sue
618 808 798 894 legationis
815 806 948 875 iurrntns
964 807 1077 875 ollroio
1096 808 1160 876 sub

39 909 235 992 protectione
254 911 363 975 tamen
380 906 504 975 domini
520 905 650 974 liudolfi
667 905 886 975 Romanorum
902 908 1003 993 regis.
1030 908 1160 975 Eleum

38 1006 197 1091 aliquanto
218 1011 365 1094 tempore
377 1006 424 1073 ibi
443 1007 611 1094 stetisset,
642 1011 676 1073 et
694 1024 850 1092 magnum
868 1004 1058 1074 thesaurum
1077 1024 1160 1074 oon·

37 1111 210 1193 gregasset,
232 1105 274 1173 ab
289 1106 345 1173 illo
361 1106 438 1174 looo
452 1123 490 1172 se
510 1105 674 1173 transtulit
689 1104 730 1171 nd
749 1107 914 1172 ciuitatem
932 1101 1160 1190 argentinen-

37 1221 93 1269 sem
108 1202 224 1290 ibique
246 1207 427 1292 permansit
450 1205 554 1272 tribus
576 1202 696 1271 diebus
718 1203 905 1270 immediato
929 1203 1160 1293 sequentibus

38 1303 131 1388 aliqua
160 1302 205 1370 de
233 1304 415 1392 privilegiis
438 1305 544 1392 ipsius
577 1303 718 1370 oirilntis
745 1301 910 1370 mediante
940 1301 1074 1370 domina
1096 1303 1160 1371 Pe-

37 1402 117 1468 cunia
134 1401 376 1492 oonlrrmando,
394 1403 505 1490 aliquo
522 1403 618 1469 etiam
636 1401 778 1470 instituit
794 1409 828 1470 et
843 1400 993 1470 condidit
1006 1402 1048 1469 de
1059 1419 1160 1470 nouo.

38 1498 96 1578 Qum
112 1504 226 1569 omnin
240 1502 450 1590 postmodum
470 1521 512 1571 ex
525 1501 704 1569 insatiabili
720 1503 771 1569 sui
792 1501 902 1570 cordis
918 1503 1055 1570 avaritia
1070 1501 1159 1569 laeto

38 1607 64 1664 et
78 1601 144 1666 sine
166 1617 273 1669 eausa
290 1603 469 1670 revocavit.
493 1598 626 1668 Abbino
645 1601 700 1668 ille
715 1600 932 1689 insatiabilis,
956 1601 1073 1668 oeulos
1095 1601 1161 1668 ba-

37 1696 104 1765 bens
127 1697 234 1789 Argi,
263 1718 382 1768 versus
411 1701 559 1789 Spireom
589 1701 678 1788 oepit
703 1701 782 1790 iter,
814 1705 848 1767 et
880 1698 921 1766 ab
946 1699 1003 1766 illa
1027 1701 1159 1767 civitate

38 1796 241 1866 llormatiam
263 1801 369 1889 venit,
384 1801 516 1868 auxilio
539 1805 648 1866 tamen
672 1799 796 1867 domini
815 1793 946 1868 Rudolfi
971 1800 1062 1884 regis
1088 1797 1160 1867 llo-

39 1913 206 1964 nanorum.
236 1897 277 1966 Et
295 1911 367 1966 eum
394 1899 506 1987 aliquo
523 1905 672 1985 tempore
688 1897 809 1966 ibidem
828 1899 1089 1987 permansisset,
1106 1899 1159 1964 iu-

37 1994 104 2062 dinit
119 2003 151 2063 et
171 1999 377 2066 oonvoeavit
394 1999 570 2066 eoneilium
589 1997 762 2086 Herbipoli
784 1994 1019 2064 celebrandum
1044 1995 1098 2063 die
1115 1995 1158 2064 ad

38 2092 89 2160 loo
108 2103 199 2164 oerta
220 2103 354 2164 statuta.

96 2193 219 2282 inquo
239 2197 382 2264 eoneilio
402 2202 633 2264 convenerunt
650 2212 767 2264 omnes
786 2195 1027 2283 arolriopisoopi
1046 2193 1155 2261 ubba·
1174 2201 1240 2256 teor

38 2295 78 2357 tes
95 2299 125 2360 et
142 2295 200 2362 alii
221 2295 437 2364 ecelesiarum
455 2296 592 2384 prelati,
611 2301 645 2362 et
662 2293 752 2362 multi
767 2293 899 2364 nobiles
914 2291 1086 2362 lllemanie
1100 2311 1159 2382 per

40 2396 124 2459 totum
151 2391 327 2462 Alemanie
353 2413 510 2484 regnum,
535 2413 602 2462 una
625 2413 697 2462 oum
723 2393 857 2461 domino
875 2392 1017 2461 liudolfo
1035 2393 1158 2461 lloma-

38 2505 136 2558 norum
156 2511 259 2582 rege,
285 2493 347 2561 snb
374 2495 470 2562 ouius
496 2494 558 2562 ulis
582 2494 637 2561 illo
654 2493 852 2560 insatiabilis
874 2493 1005 2577 legatus
1025 2493 1158 2560 tutissi-

39 2606 97 2656 mus
118 2591 206 2682 ibat,
238 2599 414 2680 sperantes
442 2611 480 2661 se
505 2594 676 2662 seientiam
701 2591 953 2677 doctrinamque
979 2608 1090 2658 uerum
1116 2589 1158 2657 ab

38 2686 99 2772 ipso
122 2691 239 2776 legato
263 2699 477 2781 recepturos,
504 2694 582 2780 quia
607 2711 626 2759 a
650 2691 742 2759 lente
769 2707 870 2774 vero,
895 2687 928 2756 id
954 2695 1050 2756 esta
1075 2687 1158 2757 sede

39 2790 230 2878 apostoliea,
254 2791 380 2858 rivulus
399 2793 583 2881 emanavit,
601 2792 680 2859 lieet
704 2796 815 2857 tamen
839 2805 969 2857 omnem
994 2805 1087 2856 suurn
1104 2789 1159 2854 in·

39 2888 205 2956 tentionem
225 2889 412 2958 fundaverit
429 2908 529 2979 super
546 2908 630 2980 uno,
655 2888 748 2977 quod,
769 2887 887 2956 dieitur
904 2891 1039 2955 moneta
1056 2904 1159 2955 aurea

40 2995 254 3075 argenteaque
264 3041 273 3078 ,
297 2990 453 3078 illamque
471 2995 636 3058 monetam
661 2989 813 3057 statuerit
830 2993 907 3055 ante
926 2986 1045 3055 oeulos
1064 3003 1157 3075 suos

41 3081 67 3148 in
82 3101 117 3152 ea
135 3086 291 3155 dduoiam
303 3087 430 3157 habens
444 3088 587 3177 plenam,
607 3093 721 3176 utpote
735 3085 915 3157 vendendo
929 3086 1158 3174 patrimonium

42 3178 293 3255 Cruoilrxilronte
304 3188 400 3256 elata.
418 3187 549 3256 Deinde
560 3205 634 3256 oum
645 3191 768 3255 statuto
780 3185 908 3254 eoneilii
918 3186 1092 3274 peripsum
1103 3185 1158 3252 le-

43 3287 137 3362 gatum
150 3285 392 3375 edituiuerunt,
410 3286 726 3355 eteoramomnibus
742 3285 961 3374 promulgata,
975 3283 1159 3370 arehiepis—
1175 3297 1178 3304 ’

43 3393 129 3467 oopus
142 3390 255 3452 tumen
270 3385 494 3475 Coloniensis,
504 3385 686 3473 quiibidem
696 3385 890 3474 aderat,pro
905 3401 943 3450 se
958 3389 992 3450 et
1004 3382 1158 3449 omnibus

43 3476 94 3545 sibi
109 3481 345 3552 adherentibus
371 3485 412 3552 ab
424 3487 511 3572 ¹ipso
529 3485 643 3570 legato
662 3485 786 3552 eteius
805 3483 938 3550 statutis
957 3473 1017 3548 ad¹
1044 3479 1159 3546 sedem

43 3583 243 3661 apostolieum
263 3583 452 3671 appellavit.
479 3584 662 3652 insurrexit
679 3583 777 3650 etiam
795 3583 828 3650 in
846 3579 988 3649 medium
1004 3577 1158 3646 dominus

45 3671 199 3748 Corradus
218 3681 326 3750 dietus
344 3681 481 3774 Probus,
501 3681 543 3750 de
557 3681 673 3751 ordine
686 3681 863 3769 Minorum,
884 3679 1062 3767 episeopus
1077 3677 1159 3744 Tul-

45 3770 149 3868 lensis,
180 3797 289 3850 eoram
315 3782 467 3850 omnibus
495 3783 551 3869 qui
574 3780 695 3849 ibidem
714 3779 868 3868 aderant,
889 3777 931 3846 ad
950 3777 1159 3845 oollisionem

45 3874 165 3947 tendens
199 3879 377 3948 draohonis
405 3880 551 3968 desuper
576 3879 689 3948 divina
713 3879 887 3947 elementia
913 3875 1090 3966 inlluente,
1118 3875 1159 3943 ab

47 3977 252 4064 omnipotente
271 3979 428 4048 videlieet
446 3979 581 4048 domino
600 3978 682 4069 deo,
703 3980 758 4066 qui
781 3977 877 4046 sedet
894 3978 927 4045 in
947 3976 1033 4044 solio
1052 3976 1158 4063 regni,

45 4066 130 4142 idest
146 4095 249 4166 super
266 4078 481 4169 Sebenrbyn,
499 4080 645 4148 intuetur
662 4077 842 4168 abyssum,
874 4077 940 4144 hoo
958 4081 1009 4144 est
1027 4076 1061 4142 in
1078 4088 1159 4162 pro-

47 4163 160 4242 tondum
184 4175 295 4246 eordis
321 4179 427 4248 omnis
441 4175 595 4247 bominis
620 4177 699 4246 boni
718 4183 751 4244 et
769 4177 861 4266 mali,
888 4174 1006 4244 indoles
1024 4189 1106 4242 suos
1123 4173 1157 4238 in

72 4280 100 4343 tl
114 4283 145 4337 ad
161 4285 194 4338 ist
212 4301 267 4340 von
286 4287 337 4340 mir
355 4285 499 4358 eingelirgt.
1077 4290 1081 4300 ’
