2878 4834
256 224 327 293 276
610 253 745 300 crusnam
767 255 828 301 cnr.
849 253 913 301 nrr.
935 253 1034 302 conon.

253 397 413 483 peratore.
432 389 591 480 Sepultus
609 399 661 459 est
678 393 712 459 in
730 391 875 460 ecclesia
891 391 980 460 beati
998 391 1177 462 Clementis
1196 411 1290 481 quarn
1305 393 1370 480 ipse

255 491 438 659 gtrffirtrrrmt
453 497 486 557 ct
499 489 601 558 variis
617 491 819 558 ornamentis
833 491 1008 560 illustravit
1021 493 1055 560 in
1072 492 1148 561 loco
1167 493 1224 579 qui
1237 490 1372 585 Rindorp

327 689 382 756 xli.
408 687 591 755 Fridericus
621 687 811 774 prepositus
842 690 951 758 sancti
983 673 1137 780 Georgii,
1164 688 1250 756 tilius
1276 687 1372 756 iratris
1423 716 1424 770 l

253 787 437 877 Brunonis,
457 786 499 854 de
518 804 584 874 quo
603 803 702 873 supra
721 784 842 855 dietum
861 793 920 855 est.
945 787 1008 856 Hic
1026 806 1095 856 non
1113 789 1275 856 canonica
1291 787 1373 854 eicc—
1423 797 1424 806 ’

253 887 343 954 tione
351 939 360 976 ,
389 885 450 953 scd
478 886 736 974 propinquorum
761 883 907 954 factione
939 905 982 955 ex
1010 889 1167 955 iuvenum
1193 887 1373 954 clericorum

253 984 385 1074 lavore,
404 985 633 1072 episcopatum
650 982 793 1072 adeptus
812 991 872 1053 est.
904 985 1042 1054 Addunt
1065 985 1198 1072 quidam
1217 983 1305 1072 quod
1320 1001 1374 1071 pcr

254 1085 428 1152 simoniam
447 1084 647 1176 constitutus
666 1083 709 1149 sit
726 1082 768 1150 ab
785 1084 993 1173 imperatore.
1025 1084 1109 1152 Nam
1132 1084 1276 1153 omnium
1293 1084 1374 1171 prio-

253 1201 324 1251 rum
355 1183 475 1250 electio
500 1183 534 1248 in
566 1181 735 1249 Gerbardo
766 1183 938 1252 Bunnensi
964 1184 1137 1272 preposito
1164 1184 1292 1251 sancita
1316 1181 1375 1248 luit.

253 1282 369 1369 Itaque
387 1287 527 1368 utreque
545 1286 656 1369 partes
677 1279 719 1347 ad
738 1281 939 1350 audientiam
957 1281 1157 1370 imperialem
1176 1281 1264 1370 apud
1276 1279 1376 1349 Num-

253 1380 338 1466 berg
362 1381 573 1448 conveniunt.
599 1380 648 1447 Ibi
674 1379 800 1448 iniecto
825 1383 964 1468 negotio
990 1399 1103 1450 rursus
1120 1379 1303 1468 Ratispone
1320 1381 1377 1446 im·
1424 1377 1425 1454 i

252 1485 440 1567 peratorcm
472 1477 605 1546 adeunt.
644 1478 706 1546 Ubi
732 1485 868 1548 cassata
898 1479 1062 1549 electione
1086 1481 1247 1569 priorum,
1271 1477 1377 1546 sonoro

253 1579 437 1666 principum
462 1575 550 1644 idam
576 1576 761 1645 Fridericus
780 1577 822 1646 ab
839 1581 1039 1668 imperatore
1057 1580 1287 1667 episcopatum
1306 1595 1378 1644 sus·

255 1677 353 1765 cepit,
372 1693 515 1763 moxque
525 1693 598 1743 cum
610 1678 679 1743 suis
690 1675 874 1747 tautonibus
887 1678 1021 1746 Romam
1032 1675 1173 1746 tendens
1183 1677 1225 1745 ab
1239 1673 1377 1744 Adriano

253 1793 343 1864 papa
367 1781 591 1843 consecratur
618 1775 698 1843 Post
722 1776 890 1845 biennium
916 1795 989 1844 oum
1011 1778 1207 1864 imperatore
1225 1777 1260 1843 in
1278 1792 1376 1863 expe·

255 1874 413 1942 ditionem
442 1872 730 1942 Mediolanensem
756 1875 946 1965 proiectuS,
972 1875 1061 1964 apud
1085 1874 1236 1943 Ticinum
1263 1892 1328 1962 quc
1352 1877 1379 1940 ct

253 1973 355 2062 Papia
369 1973 487 2040 dicitur
504 1971 600 2062 obiit,
624 1973 680 2040 vix
698 1972 830 2042 duobus
849 1975 945 2042 annis
963 1975 1087 2062 potitus
1104 1973 1288 2062 pontificali
1306 1972 1377 2057 dig-

253 2073 365 2140 nitate
393 2069 482 2139 Ossa
508 2072 579 2140 cius
607 2071 762 2141 abitalia
785 2074 903 2142 illata
893 2091 927 2141 rn
945 2074 1146 2142 monasterio
1165 2071 1263 2140 beate
1281 2071 1426 2139 Mario

255 2169 346 2258 quod
369 2177 507 2260 patruus
534 2171 607 2238 eius
634 2168 848 2262 fundaverat,
875 2173 910 2240 in
932 2172 1010 2241 loco
1035 2165 1240 2260 quiBergc1
1259 2169 1426 2256 dicitur

255 2269 391 2338 condita
408 2275 492 2337 sunt.
543 2315 546 2320 -

328 2368 396 2436 xlii.
423 2366 603 2436 Reinoldus
628 2367 709 2435 nulli
735 2368 879 2436 omnium
914 2367 1146 2456 cpiscoporum
1173 2366 1378 2437 Coloniensis

256 2467 401 2535 ecclesie
426 2466 590 2555 probitate
616 2466 880 2556 postponendus.
907 2463 993 2533 Ante
1012 2468 1242 2556 episcopatum
1261 2483 1378 2556 prept-

256 2567 341 2634 situs
364 2564 460 2634 suit
451 2584 485 2632 rn
509 2563 756 2654 Hiidensbeim,
780 2566 838 2632 ubi
862 2566 944 2633 satis
962 2565 1050 2634 utilis
1070 2564 1176 2634 luisse
1194 2565 1379 2634 dinoscitur.

254 2664 338 2732 Nam
355 2665 399 2732 ibi
417 2671 552 2753 pontem
569 2663 669 2732 laude
688 2663 824 2750 dignum
843 2671 876 2733 et
893 2663 991 2732 valde
1003 2666 1231 2733 necessarium
1244 2666 1278 2731 in
1292 2665 1427 2754 plau·

257 2765 314 2831 stri
339 2766 478 2832 transitu
503 2766 690 2832 construxit
696 2765 862 2853 ,insuper
878 2763 1045 2851 hospitale
1062 2781 1122 2852 pro
1141 2765 1427 2833 sustentatione

254 2881 437 2952 pauperum
462 2863 583 2931 ibidem
609 2863 758 2930 instituit.
800 2862 928 2930 Deinde
955 2863 1173 2931 cancellarius
1200 2861 1310 2930 iactus
1335 2865 1379 2928 est

254 2962 460 3050 imperatoris
478 2961 644 3053 Friderici,
664 2969 698 3030 et
715 2979 788 3028 cum
807 2962 841 3028 in
856 2960 1031 3029 obsidione
1048 2961 1306 3029 Mediolanensi
1315 2977 1379 3027 cum

255 3060 454 3147 imperatore
474 3067 582 3150 essct,
600 3061 635 3128 in
652 3059 842 3150 pontificem
860 3079 880 3128 a
898 3061 987 3128 clero
1006 3063 1040 3127 et
1053 3059 1178 3148 populo
1193 3058 1379 3128 Coloniensi

257 3158 385 3226 electus
413 3163 473 3227 cst.
509 3159 589 3227 Post
613 3159 779 3227 devictum
796 3167 905 3227 autem
921 3157 1148 3226 Mediolanum
1166 3165 1234 3226 tres
1253 3157 1378 3244 Magos,

257 3257 312 3344 qui
328 3256 635 3326 infantiamDomini
648 3259 799 3346 mysticis
809 3257 1156 3326 muneribusvenerati
1169 3263 1257 3339 sunt,
1267 3271 1379 3341 magno

255 3355 370 3425 labore
389 3365 423 3425 et
439 3357 585 3444 periculo
602 3356 912 3425 Mediolanensibus
926 3357 1072 3446 abstulit,
1091 3361 1125 3424 et
1143 3356 1185 3424 ad
1195 3361 1377 3445 perpetuam

258 3454 430 3526 Germanic
455 3456 595 3542 gloriam
621 3454 793 3524 Coloniam
818 3457 897 3524 mira
921 3456 1079 3524 instantia
1095 3455 1291 3523 transvexit.
1318 3451 1377 3520 Nec

257 3553 320 3622 hoc
346 3557 379 3622 in
404 3555 536 3624 laudem
562 3556 633 3624 eius
650 3556 810 3623 immerito
828 3554 1007 3644 protertur,
1028 3553 1118 3641 qnod
1136 3571 1210 3621 cum
1228 3552 1334 3620 adhuc
1349 3551 1376 3615 iu

257 3651 352 3720 Italia
375 3674 449 3726 cum
473 3655 670 3741 imperatore
698 3659 808 3744 esset,
834 3660 868 3721 ct
884 3653 1050 3742 palatinus
1069 3669 1183 3720 comes
1203 3649 1374 3734 conradus,

257 3750 357 3818 irater
382 3754 589 3841 imperatoris
623 3751 792 3842 Midenoi,
821 3752 1058 3820 Coloniensem
1089 3753 1316 3839 episcopatum
1340 3743 1374 3812 ad

257 3849 383 3917 libitum
406 3871 501 3920 suum
526 3851 690 3919 violenter
712 3852 850 3919 transire
869 3869 909 3919 ac
925 3850 1056 3938 predari
1074 3851 1192 3939 vellet,
1218 3851 1292 3937 ipse
1308 3845 1373 3914 liei-

258 3947 380 4016 noldus
397 3950 461 4016 hoc
479 3967 538 4037 per
554 3951 689 4018 nuntios
708 3949 965 4018 Coloniensibus
988 3951 1163 4034 intimans,
1184 3953 1304 4015 tantam
1322 3959 1372 4011 suo

259 4048 392 4114 nomine
410 4047 650 4116 multitudinem
667 4048 756 4137 apud
773 4046 1021 4138 Andernacum,
1048 4053 1097 4115 tot
1120 4045 1223 4116 lortcs
1242 4052 1290 4114 tot
1306 4058 1373 4132 pre-

260 4145 369 4214 claros
396 4151 429 4213 ct
453 4147 584 4214 nobiles
610 4149 720 4236 viros,
745 4152 915 4235 postremo
934 4148 1032 4215 talem
1050 4147 1232 4215 exercitum
1250 4138 1373 4214 adunari

297 4255 325 4317 l]
344 4251 493 4320 Altenberg
512 4253 569 4306 vier
587 4253 700 4308 stunden
718 4254 885 4309 nordostlieh
903 4272 956 4311 von
974 4254 1050 4310 coin.
