2888 4824
280 223 352 291 tto
669 249 717 296 4ιι
738 248 867 297 ronanus
880 249 926 296 ur
947 249 1031 298 xxxa

280 391 380 459 nibus
398 394 431 458 et
447 389 549 473 largis
567 387 763 478 stipendiis,
781 394 826 456 ut
848 387 937 456 idem
962 404 1076 457 comes
1099 405 1172 456 oum
1190 390 1352 458 exercitu
1371 405 1425 456 co·

199 522 201 527 ·
279 491 380 580 pinso
397 488 528 557 demum
545 486 588 556 ad
605 484 815 556 Hannoniam
832 489 972 577 veniret,
990 487 1196 556 demandans
1213 489 1297 576 regi
1306 541 1319 577 ,
1339 487 1424 574 quod

281 591 390 678 ipsum
419 587 463 656 ad
496 585 766 655 committendum
783 587 936 674 prelium
965 587 1001 654 in
1032 585 1167 655 deserta
1204 588 1362 676 planicie
1388 585 1423 653 de

280 685 394 756 Ascba
411 691 567 776 potenter
584 690 803 774 exspectaret.
831 685 901 752 Nec
917 702 1026 774 mora,
1052 687 1131 773 quin
1155 687 1232 774 ipse
1264 703 1333 754 rex
1359 703 1424 751 cum

282 788 400 856 electis
426 784 644 854 bellatoribus
670 785 705 852 in
722 783 869 852 Ascbam
889 786 998 874 venit,
1024 791 1058 853 et
1084 787 1242 857 comitem
1268 785 1423 854 Carolun

281 885 324 954 ad
341 891 410 954 tres
428 885 500 952 dies
525 884 611 952 ultra
630 883 792 972 prefixum
816 884 988 952 terminum
1011 885 1230 972 exspectavit.
1269 884 1424 969 Denique

281 1003 340 1054 rex
358 984 484 1054 evulsis
510 983 631 1052 castris
654 983 834 1051 exercitum
861 1001 956 1052 suum
982 981 1100 1050 direxit
1124 982 1167 1051 ad
1193 981 1422 1070 Hannonian,

282 1083 467 1173 disponens
485 1082 730 1150 circumvallare
742 1080 895 1150 Carolum
912 1083 1064 1150 comitem
1081 1081 1167 1150 inira
1178 1081 1423 1150 Valoncouam.

273 1183 352 1252 ·Sed
383 1181 525 1250 Carolus
558 1181 860 1267 magnanimitatem
891 1182 984 1267 regis
1009 1183 1164 1271 intuens,
1201 1182 1362 1250 secessit
1388 1179 1424 1247 ad

280 1283 466 1370 branciam,
490 1287 525 1350 et
548 1287 672 1348 extunc
698 1279 857 1368 oppidani
875 1279 1009 1348 domino
1027 1281 1100 1366 regi
1118 1285 1238 1368 portas
1269 1281 1423 1369 aperian-

282 1387 334 1451 tos
343 1433 354 1472 ,
372 1381 496 1468 recepti
514 1385 591 1448 sunt
607 1378 650 1447 ad
666 1380 817 1464 gratiam.
868 1377 1006 1446 Demum
1023 1396 1084 1467 per
1100 1378 1307 1447 amicabiles
1327 1381 1423 1446 inter-

281 1481 425 1550 nuncios
451 1479 632 1564 Margarita
666 1479 838 1546 comitissa
862 1477 1090 1545 Flandn'ensis
1121 1479 1311 1546 amicitiam
1340 1479 1424 1562 regis

282 1579 405 1668 adepta
422 1583 491 1667 est,
515 1583 548 1646 et
565 1578 672 1646 omnis
691 1577 918 1646 controversie
937 1575 1104 1645 discordia
1124 1577 1158 1644 in
1176 1577 1275 1645 bunc
1294 1575 1422 1646 modun

280 1679 451 1747 terminata
470 1676 546 1765 luit,
565 1681 731 1763 quatenus
749 1675 916 1743 lohannes
942 1675 983 1744 de
1002 1673 1149 1744 Avennis
1172 1678 1424 1765 primogenitus

282 1775 432 1847 eiusdem
462 1775 661 1865 Margarita,
698 1776 845 1842 sororius
877 1777 986 1865 regis,
1021 1775 1213 1844 comitatum
1244 1774 1423 1844 Hannonis

281 1883 315 1946 et
339 1882 457 1944 terram
474 1871 690 1942 Alosteosem
714 1875 748 1941 in
773 1872 990 1942 hereditatem
1017 1875 1203 1963 acciperet,
1237 1880 1279 1942 et
1309 1872 1420 1959 Guido,

282 1977 338 2065 qui
355 1976 462 2042 minor
478 1980 559 2042 natu
576 1973 693 2063 iuerat,
712 1975 900 2041 comitatum
918 1971 1069 2041 Flandrie
1085 1972 1301 2060 possideret.

355 2071 455 2142 Anno
474 2071 598 2141 domini
615 2072 785 2140 montilii.
804 2071 957 2140 doninus
975 2091 1062 2160 papa
1086 2072 1267 2159 plurimum
1288 2073 1423 2158 gavisus

283 2173 326 2242 de
342 2175 565 2261 prosperitate
583 2173 685 2260 regis,
705 2170 906 2238 cardinalem
924 2172 1051 2256 legavit
1068 2170 1358 2262 adHollandiam‚
1377 2169 1423 2257 qui

283 2272 418 2342 durnino
437 2272 509 2356 regi
528 2269 789 2357 subsequentem
808 2269 988 2338 destinavit
1005 2271 1191 2358 epistolam.

357 2371 572 2438 Innocentius
587 2371 779 2457 episcopm,
798 2387 916 2437 servus
928 2368 1172 2438 servorurndei.
1189 2362 1422 2438 Excellentis-

284 2471 368 2538 simo
400 2467 467 2536 lrlio
500 2475 615 2536 nostro
643 2468 820 2536 Wilhelmc
851 2467 1072 2536 Romanorum
1105 2469 1177 2554 regi
1208 2469 1367 2538 salutem
1397 2473 1422 2533 el

283 2567 502 2657 apostolicam
523 2566 800 2636 benedictionem.
826 2567 1005 2654 Postquam
1024 2565 1136 2637 divina
1153 2569 1314 2654 potentia
1338 2585 1422 2636 suoru

284 2667 461 2736 ecclesiam
489 2665 663 2754 pacificare
694 2665 897 2756 disponens,
929 2665 1118 2734 celsitudini
1155 2673 1211 2734 tue
1242 2667 1423 2735 manifesta

283 2767 440 2836 bonitatis
459 2767 559 2851 signa
583 2764 789 2854 protenderit
813 2763 854 2832 dc
879 2765 933 2832 via
957 2783 1015 2853 per
1033 2783 1131 2852 quam
1153 2783 1329 2854 prospere
1351 2783 1421 2856 pro

284 2865 387 2934 cedas
406 2871 439 2932 et
454 2881 597 2954 regnes,
621 2867 667 2932 ita
692 2862 782 2951 quod
801 2862 954 2931 Conrado
977 2863 1140 2932 Frederici
1165 2864 1348 2953 quondam
1367 2867 1421 2931 im·

283 2965 446 3052 peratoris
474 2963 541 3030 srlio
566 2963 698 3032 sublato
726 2962 923 3052 demedio,
950 2963 1035 3030 alius
1060 2965 1127 3034 iarn
1150 2971 1335 3052 superstes
1364 2981 1419 3031 rrcr

285 3063 343 3151 sit,
362 3063 418 3150 rpri
436 3061 501 3128 deo
520 3063 576 3130 tibi
592 3063 735 3150 propitio
759 3063 824 3128 tuis
841 3062 952 3130 valeat
974 3062 1213 3149 progressibus
1237 3063 1421 3148 adversari,

284 3177 442 3247 rogamus
461 3161 559 3245 igitur
580 3168 614 3230 et
639 3161 832 3248 requirimus
856 3159 1119 3246 magnitudinem
1145 3169 1245 3251 tuam,
1272 3162 1421 3250 paternis

284 3260 419 3327 monitis
434 3257 636 3350 suadentes,
660 3260 771 3328 dilecti
791 3259 845 3328 filii
861 3261 967 3328 nostri
985 3259 1072 3328 Petri
1088 3263 1195 3328 sancti
1215 3261 1363 3348 Georgii
1386 3257 1420 3324 ad

284 3358 403 3428 Volum
426 3375 560 3425 aureum
579 3358 710 3428 diaconi
738 3357 914 3426 cardinalis
937 3365 972 3426 et
989 3359 1174 3447 apostolice
1199 3359 1300 3428 sedis
1320 3359 1420 3444 legati

286 3458 527 3527 communicato
544 3459 686 3525 consilio
703 3459 858 3526 auctoris
869 3456 1121 3529 difficultatibus
1129 3465 1163 3527 te
1179 3459 1374 3546 explicans,
1385 3455 1419 3522 ad

284 3555 485 3626 veniendum
498 3557 532 3623 in
543 3556 670 3624 ltaliam
684 3563 845 3645 apparatu
863 3557 959 3642 regio
979 3557 1202 3646 succingeris,
1214 3563 1249 3625 et
1263 3557 1418 3625 festinate

285 3655 328 3723 ad
337 3654 574 3744 Apostolorum
593 3655 705 3724 limina
723 3655 788 3726 deo
807 3654 891 3722 duce
909 3661 941 3722 te
960 3655 1176 3744 transiemus,
1190 3655 1319 3726 ibidem
1337 3657 1417 3722 cirea

285 3753 407 3822 festum
424 3755 605 3822 nativitatis
629 3754 794 3823 dominice
813 3755 962 3842 proxime
980 3761 1163 3845 venturus,
1179 3761 1214 3823 et
1226 3760 1417 3843 receptums

287 3853 478 3920 solemniter
502 3852 546 3920 de
571 3853 723 3922 manibus
749 3854 871 3921 nostris
895 3854 1021 3942 imperii
1036 3853 1203 3923 diadema.
1218 3853 1343 3924 Datum
1362 3859 1417 3920 etr.

359 3949 431 4018 Rex
453 3953 554 4036 igitur
572 3970 645 4019 curn
663 3951 838 4020 duodecim
858 3953 1028 4039 armigeris
1045 3958 1081 4020 ut
1096 3954 1302 4042 peregrinus
1319 3951 1416 4039 Alpes

281 4048 501 4138 transcendit,
519 4056 639 4117 statum
657 4050 750 4118 ltalie
769 4051 936 4137 sagaciter
953 4052 1151 4142 exploravit,
1166 4057 1200 4120 et
1217 4051 1262 4120 ad
1279 4069 1415 4140 presen-

286 4147 364 4213 tiam
382 4145 505 4214 domini
522 4165 608 4236 pape
626 4149 755 4216 demum
773 4151 807 4218 in
825 4151 957 4218 civitate
975 4146 1150 4220 leunensi¹
1161 4151 1247 4220 clam
1266 4150 1414 4220 accessit.

322 4256 353 4320 l)
370 4254 447 4322 iulg,
464 4253 507 4307 die
524 4256 756 4312 zusamorenlrunll
775 4273 833 4312 war
850 4259 878 4312 in
896 4258 982 4328 Lyon.
