2888 4824
394 243 556 292 cunorucorr
579 245 808 292 rnruonursusr.
1099 216 1172 286 bot

48 384 145 473 garis,
160 388 245 452 terre
263 382 391 452 scilicet
408 382 739 473 Septemoastrcrum
758 384 927 454 civitatem
945 382 1067 452 dietum
1084 381 1172 453 Her·
1192 395 1257 450 tem

49 482 287 552 manni-villam
312 484 357 550 in.
371 484 464 571 aprili
490 487 724 570 expugnantes
746 501 854 570 usque
880 481 923 550 ed
942 489 1073 552 centum
1092 501 1174 573 per-

51 588 211 672 emerunt,
231 582 473 650 Prodicutorum
493 582 667 650 cenobium
682 580 802 649 ibidem
820 575 1069 650 incendentes.¹

117 678 216 750 Anno
244 681 366 750 domini
384 681 567 750 mccxliii.
595 682 736 770 septimo
756 680 820 748 irai.
838 681 907 748 iulii
928 677 1014 771 [iuni
1033 678 1100 772 25]
1118 682 1175 748 ln-

49 781 221 848 nooentius
236 799 323 868 pope
339 780 466 848 electus
477 785 540 868 est,
557 798 630 848 cum
647 778 749 848 sedes
764 787 923 848 vocasset
940 787 1030 848 enno
1048 787 1082 848 et
1099 786 1178 850 octo

51 878 226 946 mensibus.
254 877 315 959 Qui
335 881 445 946 stetim
462 879 485 948 F
489 878 662 948 ridericum
682 879 911 965 imperatorem
929 877 1152 946 denunciavit.

116 976 194 1046 Hoc
216 994 304 1045 enno
328 979 394 1046 viii.
412 978 487 1046 idus
506 979 586 1045 iunii
611 977 772 1046 Rudoltus
790 977 1061 1064 Mersburgensis
1081 979 1177 1066 epis-

51 1094 151 1164 copus
178 1077 214 1144 in
241 1076 397 1164 Liptzigk
427 1076 562 1158 ordines
594 1077 783 1146 celebravit.
824 1075 953 1144 Eodem
978 1095 1067 1146 enno
1097 1077 1179 1146 obiit

51 1174 298 1244 marchionissa.

119 1271 222 1341 Anno
241 1274 365 1342 domini
389 1273 582 1342 mccxliiii.
601 1273 821 1360 Mcguotinus
831 1326 840 1363 ‚
858 1279 895 1343 ut
911 1273 1179 1362 Erpbordiensos

55 1371 157 1440 adbuc
189 1372 303 1442 durius
330 1379 469 1462 arceret,
495 1374 529 1440 in
553 1378 672 1441 octove
699 1372 875 1460 epiphanie
900 1391 1031 1441 omnem
1057 1374 1181 1442 elerum

53 1490 120 1538 cum
147 1471 317 1558 religiosis
339 1474 472 1540 civitate
497 1473 587 1539 exire
614 1472 799 1559 compulsit.
826 1470 889 1551 Qui
912 1471 1124 1559 postmodum
1145 1473 1179 1540 in

53 1572 198 1658 proxime
223 1573 377 1657 sequenti
404 1570 569 1640 dominico
591 1570 712 1640 Letere
740 1567 845 1661 [mim
866 1568 929 1661 13]
955 1573 989 1638 in
1007 1571 1086 1640 ville
1103 1570 1181 1640 Wi-

54 1671 148 1736 muriu
175 1669 256 1738 cleri
279 1687 318 1737 uc
342 1670 457 1758 popuii
483 1678 682 1738 conventum
709 1676 878 1759 statuens,
897 1669 1098 1740 Friderieum
1114 1671 1183 1738 im-

54 1775 237 1855 peratorem
262 1785 336 1836 eum
365 1768 667 1856 Erphordieosibus
694 1767 914 1838 denuntiavit.
946 1769 988 1836 Et
1014 1768 1183 1857 posthoc

54 1868 92 1934 iii.
109 1867 176 1936 kal.
194 1868 276 1934 iunii
303 1864 385 1958 [mei
406 1864 469 1958 30]
495 1869 529 1934 in
546 1867 704 1935 Vrizlorie
723 1867 898 1936 concilium
917 1867 1046 1938 tociens
1063 1866 1183 1936 eadem

57 1966 267 2034 confirmavit.

122 2063 198 2133 Hoc
223 2065 326 2132 coium
353 2081 441 2134 enno
466 2063 619 2134 dominus
644 2082 730 2152 popa
748 2063 964 2132 innocentius
982 2062 1185 2150 Lugdunum

58 2163 155 2231 Gallie
174 2164 291 2231 urbem
309 2165 462 2253 veniens,
481 2163 601 2232 ibidem
620 2170 748 2251 septem
768 2179 877 2230 annos
894 2163 1102 2232 continuavit
1118 2181 1185 2232 us-

59 2279 116 2348 quc
134 2261 178 2330 ud
197 2268 334 2330 mortem
351 2261 507 2330 Friderici
526 2261 694 2350 quondam
710 2261 926 2348 imperatoris,

124 2359 201 2430 Hoc
233 2378 321 2430 enno
349 2361 526 2448 capitulum
552 2361 757 2449 provinciale
785 2359 911 2428 ordinis
942 2357 1187 2430 Predieetorum

58 2459 87 2526 in
104 2457 335 2528 Hildensbeim
357 2459 559 2528 celebratum
587 2465 656 2548 cst,
683 2457 877 2546 presidente
899 2457 1006 2526 eidem
1023 2460 1187 2545 magistro

59 2557 190 2626 ordinis.
217 2557 343 2626 Eodem
362 2576 450 2626 enno
464 2560 497 2626 in
516 2559 595 2626 villa
613 2559 706 2643 regie
732 2557 935 2625 Mublbuscn
952 2575 1109 2644 magnum
1127 2556 1187 2627 suit

58 2657 261 2744 incendium,
287 2659 460 2724 munimem
487 2656 594 2726 eidem
621 2658 744 2724 civitati
768 2655 917 2724 inferens
943 2655 1081 2724 cladem.
1113 2654 1187 2724 Hoc

60 2773 143 2834 anno
167 2757 213 2824 iii.
236 2773 313 2824 non.
339 2755 536 2843 septembris
564 2751 667 2846 [sept.
696 2753 735 2846 3]
764 2754 843 2824 obiit
868 2753 994 2842 Sophia
1016 2756 1188 2824 comitisse

60 2860 158 2922 metor
176 2855 306 2922 comitis
323 2845 500 2922 Heinrici.²

128 2951 231 3021 Anno
256 2951 379 3022 domini
404 2953 572 3021 m.cc.rd.v.
596 2954 631 3022 in
653 2969 769 3020 mense
792 2952 873 3020 iulio
896 2948 1064 3036 Lugdunc
1083 2949 1188 3018 Gellio

62 3050 260 3120 celebratum
286 3057 338 3120 est
364 3052 555 3141 concilium,
581 3051 775 3139 presidente
795 3068 883 3138 pope
899 3049 1096 3118 innocentio
1115 3065 1190 3116 cum

63 3149 109 3216 ccl
131 3151 315 3238 episcopis.
342 3149 404 3219 Ubi
430 3169 490 3239 per
518 3153 716 3218 sententiam
743 3149 906 3218 Friderico
934 3146 1103 3235 quendem
1126 3149 1190 3216 im-

62 3249 204 3334 peratori
222 3266 320 3317 omne
337 3250 388 3318 ius
407 3251 501 3334 regni
519 3267 559 3317 ee
576 3247 740 3336 regnandi
753 3247 979 3316 ebiudicotum
997 3253 1058 3316 cst.
1076 3247 1116 3316 Et
1130 3264 1190 3314 eo·

65 3345 133 3414 dem
159 3349 329 3416 sententie
351 3346 616 3418 Predicetcribus
635 3356 734 3435 utque
752 3346 939 3416 Minoribus
958 3343 1191 3414 denunciando

64 3461 244 3514 comnnssu.
818 3504 828 3520 .

131 3543 207 3612 Hoc
232 3561 320 3614 anno
343 3544 376 3612 in
402 3543 548 3612 adventu
574 3541 698 3612 domini
717 3549 834 3631 coptus
856 3546 909 3612 cst
927 3541 1106 3629 episcopus
1124 3541 1192 3609 Be·
1255 3555 1259 3563 ·

66 3641 306 3729 benbergensis
325 3661 345 3710 a
363 3633 419 3711 G.³
436 3643 554 3711 comite
574 3641 615 3710 de
634 3641 853 3710 Kevcmbcrc.

134 3738 232 3810 Anno
257 3740 379 3810 domini
403 3741 583 3810 m.cc.xi.vi.
603 3740 670 3808 don
688 3739 820 3810 Austrie
838 3742 872 3808 in
890 3738 979 3806 bello
998 3735 1090 3826 quod
1107 3740 1193 3808 inter

67 3855 174 3924 regem
192 3839 350 3908 Bubemie
370 3846 403 3908 et
419 3841 651 3928 imperatorem
671 3839 776 3908 iuerat
796 3837 930 3907 occisus
949 3844 1008 3906 est.

135 3937 263 4006 Eodem
291 3955 379 4008 enno
404 3941 448 4006 xi.
474 3937 538 4006 bul.
564 3939 643 4006 iunii
670 3937 853 4027 Erphordie
879 3954 1034 4022 oregnum
1058 3934 1119 4004 iuit
1141 3937 1194 4003 in-

103 4111 131 4176 i)
149 4116 222 4191 terre
238 4141 273 4152 --
290 4110 464 4192 incendentes
475 4109 516 4192 'ist
533 4125 582 4164 eus
598 4109 660 4164 dem
678 4109 777 4165 ebron
796 4110 929 4181 Sumpetr.
947 4113 1067 4192 ergdozt.
1093 4111 1125 4175 2)
1143 4125 1196 4163 mo·

72 4177 455 4319 ffidgoffltrrgniigrarrglratkobe
473 4177 517 4232 rcb
534 4193 584 4234 nus
601 4178 662 4232 dem
681 4179 782 4234 Cbron.
800 4177 933 4251 Sempetr.
953 4186 1070 4246 eugenni.
1089 4177 1196 4249 3)Ber·

946 4327 1001 4384 26*
