2916 4834
414 283 540 330 annates
563 283 790 332 coturnrmsrs.
1121 257 1164 323 tt

49 421 149 512 perch,
186 426 218 489 et
238 419 395 490 clericum
421 421 545 491 domini
569 421 612 491 de
639 421 866 512 Nortgassen‚
893 429 926 490 et
951 429 1092 510 quatmr
1118 423 1160 492 de
1180 429 1246 485 taso

48 520 229 589 Sultrmatin.
277 519 439 589 Dominus
462 523 645 610 episcopus
675 520 870 589 Basiliensis
896 523 988 591 venit
1017 522 1059 591 dc
1082 539 1164 609 rega

49 619 210 708 teutonia,
240 624 274 686 et
292 619 386 687 venit
405 619 438 686 in
463 618 702 688 Columbariam
727 619 911 707 petivitque
937 637 957 688 e
979 621 1108 690 civibus
1129 629 1164 689 ut

47 717 182 784 clericum
208 734 304 785 suum
326 717 450 786 domini
467 716 510 786 de
534 717 743 804 Nortgassen
767 735 832 785 suc
856 715 1035 786 redderent
1057 719 1164 788 liber-

48 817 109 902 tati;
124 815 213 883 cives
232 820 342 884 antem
360 817 429 884 suis
445 817 600 903 precibus
616 817 830 903 acquiescere
846 816 1032 885 noluerunt.
1050 817 1163 886 luter-

48 913 118 981 dicta
133 914 232 998 igitur
246 921 325 982 sunt
342 913 453 982 divina
475 913 803 984 columbariensibns
826 920 963 1004 propter
982 917 1163 1004 eaptivita-

47 1019 97 1078 tem
123 1011 326 1080 clericorum.
364 1012 471 1081 Nonis
494 1014 607 1102 aprilis
634 1014 720 1102 [apr.
737 1013 776 1100 5]
801 1011 862 1080 luit
887 1015 1066 1102 episcopus
1094 1011 1163 1082 Ar-

47 1111 237 1194 gentinensis
267 1113 301 1180 iu
333 1109 479 1179 Rubiaea
508 1129 582 1180 curn
613 1118 746 1180 centurn
777 1111 958 1199 phaleratis
984 1113 1097 1202 equis,
1129 1119 1164 1180 et

48 1209 179 1276 ciuitates
201 1210 330 1296 imperii
345 1227 418 1276 oum
440 1227 501 1298 eo,
525 1218 559 1278 ut
580 1217 787 1298 expugnaret
810 1209 977 1279 dominmn
994 1210 1036 1278 de
1054 1210 1161 1279 Lobi·

47 1323 132 1390 gasse
151 1313 289 1395 propter
314 1309 464 1396 captivos
484 1305 762 1394 Argentioenses.
794 1305 859 1388 Qui
883 1309 1000 1378 timore
1025 1315 1162 1386 coactus

48 1421 76 1470 se
90 1407 250 1492 captiuum
268 1405 402 1474 tradidit
423 1413 457 1474 ct
476 1406 620 1475 reddidit
643 1409 839 1495 captivatos.
870 1406 1076 1476 Duodecimn
1096 1407 1162 1476 lral.

46 1504 106 1568 maii
131 1506 343 1572 consecravit
375 1503 529 1574 dominus
552 1505 729 1576 Heinricus
759 1506 941 1594 episeopus
965 1507 1161 1576 basiliensis

47 1599 152 1670 ordinis
172 1600 307 1670 fratrum
322 1601 485 1672 Minorum
511 1603 655 1674 chrisma
672 1606 707 1672 in
729 1604 821 1672 Paris
847 1603 935 1693 apud
954 1603 1161 1673 Cistercien·

47 1716 89 1765 ses
105 1705 135 1766 et
148 1701 292 1769 clericos
318 1701 500 1787 regulares.
534 1702 698 1771 Dominus
713 1702 756 1771 dc
772 1701 1001 1791 Rapoltzstein
1024 1701 1160 1791 predam

47 1813 178 1882 nagnam
201 1797 248 1866 de
268 1800 463 1888 episcopatu
486 1800 528 1868 de
547 1800 727 1889 pecoribus
745 1807 779 1869 et
798 1803 952 1870 iumentis
977 1803 1104 1890 aceepit
1127 1808 1162 1870 et

45 1895 135 1980 plures
161 1897 318 1966 homines
343 1898 517 1968 interiecit.
565 1899 647 1968 Item
676 1899 831 1969 dominus
861 1899 903 1968 de
933 1899 1160 1988 Rapoltzstcin

45 1991 183 2062 diffidavit
212 1993 524 2086 Columbariensm,
562 2005 596 2065 et
622 1998 810 2084 burgenses
835 2015 951 2066 eorum
975 1999 1160 2066 exteriores

45 2108 112 2176 quos
142 2099 278 2180 poterat
310 2095 498 2182 captivavit.
547 2095 636 2164 Intra
673 2103 824 2166 octavam
856 2097 964 2164 sancti
995 2095 1161 2165 lobannis

43 2187 163 2276 baptiste
175 2193 270 2280 cepit
284 2193 445 2262 scultetus
467 2193 749 2264 columbariensis
767 2193 954 2263 Rustarium
972 2194 1160 2263 iohannem

43 2285 75 2352 de
89 2288 295 2376 Nortgassen
313 2289 480 2360 dominum
504 2292 546 2361 de
567 2291 745 2362 llercivelt
778 2293 952 2362 Heinricus
978 2293 1160 2382 episcopus

42 2385 218 2456 Basiliensis
242 2391 320 2456 emit
337 2391 624 2479 propugnaculum
650 2391 740 2478 quod
766 2399 820 2460 est
847 2393 945 2462 situm
964 2409 1069 2481 prope
1087 2391 1161 2460 Ru·

44 2481 162 2552 biacum.
188 2485 414 2556 lndultasunt
430 2488 758 2560 columbariensibus
776 2489 899 2580 divina,
917 2497 951 2557 et
964 2491 1161 2578 inceperunt

43 2588 142 2652 octauo
167 2584 237 2654 bul.
254 2588 389 2672 augusti
403 2587 531 2656 seilicet
552 2590 585 2655 in
609 2586 697 2656 testo
717 2590 823 2656 sancti
839 2587 958 2656 Jacobi
981 2588 1161 2658 celebrare.

43 2677 183 2752 boninus
207 2685 405 2754 Basiliensis
430 2686 490 2753 ivit
512 2687 546 2754 in
564 2682 731 2754 Austriam
754 2684 797 2755 ad
820 2703 933 2772 regem
954 2703 1028 2754 cum
1048 2687 1160 2754 multis
1299 2711 1303 2718 ·

43 2779 188 2850 militibus.
229 2781 383 2852 cassavit
405 2801 591 2853 concursus
611 2786 646 2852 in
663 2784 820 2854 Lebertal
844 2783 887 2852 ad
911 2789 1061 2856 sanctum
1075 2785 1161 2871 Egi-

43 2873 129 2966 ban,
154 2886 189 2948 et
218 2880 328 2950 iactus
360 2888 412 2951 est
441 2884 475 2951 in
497 2881 730 2973 Argentinam‚
756 2899 798 2951 eo
818 2881 908 2970 quod
928 2887 966 2951 ut
988 2881 1161 2952 dicebatur

43 2972 122 3044 beato
142 2979 244 3065 virgo
264 2981 422 3050 miracula
445 2981 583 3070 plurima
596 2987 836 3070 perpetrasset
861 2980 1028 3049 iratribus
1042 2981 1160 3050 Prodi-

43 3075 186 3144 catoribus
207 3079 245 3144 in
268 3076 477 3148 Columbaria
492 3081 555 3149 tria
571 3079 687 3148 altaria
703 3087 781 3148 sunt
793 3085 1001 3169 consecrata.
1027 3079 1160 3148 Fratres

41 3170 120 3238 iidem
135 3174 228 3262 apud
243 3175 441 3247 Turicenses
456 3179 660 3266 provinciale
675 3179 853 3268 capitulum
869 3183 1056 3246 tenuerunt.
1073 3177 1160 3247 Fra-

41 3269 248 3342 tresblinores
258 3275 491 3346 laboraverunt
499 3283 536 3346 nt
544 3278 725 3346 eanonisse
741 3276 783 3347 de
796 3277 937 3345 senonis
956 3282 1161 3344 mutarentur

41 3365 212 3440 insereres
242 3381 356 3444 sancte
382 3373 496 3464 Clare,
530 3374 592 3444 scd
622 3375 772 3444 obtinere
805 3375 938 3444 minime
969 3380 1159 3462 potuerunt.

41 3461 150 3536 intres
165 3469 398 3541 Prodicatores
421 3474 630 3542 Parisiensos
651 3473 848 3562 recepemnt
863 3471 904 3541 ad
930 3471 1077 3540 ordinem
1097 3471 1160 3540 do-

42 3563 144 3633 minum
163 3569 414 3659 cancellarium,
434 3569 524 3659 quod
551 3569 613 3640 luit
633 3572 819 3659 exemplum
848 3585 1005 3655 magnum
1029 3569 1159 3638 clericis

43 3661 198 3734 universis.
233 3667 347 3736 Frater
367 3666 523 3738 Albertns
543 3669 670 3738 ordinis
693 3669 938 3738 Prodicatomm
958 3667 1065 3738 lector
1091 3685 1160 3754 ge-

44 3761 163 3851 roratis,
209 3765 376 3850 quondam
410 3769 590 3856 episcopus
620 3765 893 3856 llatisponensis,
925 3765 1158 3856 philosophus,

45 3853 117 3926 obiit
143 3859 264 3931 Comes
282 3863 496 3934 Tbeobaldus
512 3866 729 3934 l’hirrctensis
747 3867 837 3954 cepit
852 3864 951 3934 lilium
972 3862 1081 3932 iratris
1096 3866 1159 3934 sui.

12 4003 13 4010 ι
101 3955 310 4029 bteetxnxi.
344 3963 446 4032 Soror
469 3963 633 4050 llelwigls
661 3965 822 4052 priorissa
845 3977 997 4032 sororum
1025 3963 1058 4032 in
1087 3961 1158 4031 Co·-

45 4044 185 4123 lumbaria
202 4056 244 4124 de
259 4067 378 4128 sancto
392 4061 547 4130 lobanne
562 4061 643 4131 obiit
658 4062 691 4130 vi
708 4060 783 4130 idus
803 4061 967 4130 iebmarii.
996 4059 1158 4128 Dominus

12 4157 13 4170 ²
46 4143 77 4212 de
91 4146 318 4246 chsenstein‚
338 4157 426 4228 lilius
444 4162 570 4230 sororis
589 4157 718 4228 lludolli
734 4161 842 4250 regis,
861 4158 1046 4228 advocatus
1061 4164 1157 4246 terre,

12 4289 14 4352 p
47 4240 184 4332 deposuit
200 4255 376 4324 scultetum
394 4255 700 4328 columbariensem
717 4257 872 4326 Sitridum
893 4273 967 4326 cum
983 4255 1157 4324 multorum
