2888 4824
474 251 477 256 ,
610 181 772 226 cunonlcon'
795 179 1023 226 nnenoobtnnsn.

171 333 237 390 ¹2³4
255 319 320 390 lide
335 319 492 388 iuratoria
508 316 694 388 defendens
709 324 831 407 postea
845 319 1019 386 corrriotus
1036 333 1095 405 per
1099 315 1292 386 hereticum
1308 323 1386 386 ιιι-
1434 336 1435 382 ι

237 424 402 488 moretur.
429 413 640 506 Quapropter
652 425 731 506 post
745 418 920 487 concilium
939 435 1028 485 anno
1045 415 1385 504 preteritollloguutie
1425 435 1435 483 ,ι

252 517 463 607 celebratum,
483 535 543 586 rex
561 522 593 586 et
611 516 836 603 Mogentious
859 535 898 586 ao
917 515 1125 584 Trevirensis
1147 514 1386 604 archiepiscopi
1434 533 1435 581 ι

252 616 441 686 Cuuradum
455 616 691 684 scholasticum
702 615 894 704 spirensem
912 614 955 684 ad
971 615 1095 683 curiam
1108 613 1294 684 Romanam
1308 614 1385 684 des·
1434 647 1435 678 ι

251 719 407 805 timentes,
418 714 543 784 domini
555 733 642 804 pape
655 715 829 783 consilium
840 713 1138 804 superbuiusmodi
1153 713 1260 782 torma
1270 715 1385 782 scisci·
1434 731 1435 778 ι

252 817 310 884 tati
321 821 407 883 sunt.
423 814 531 902 Super
544 813 665 901 quibus
679 833 767 903 papa
789 813 891 884 valde
898 814 1048 882 turbatus
1065 819 1098 881 et
1116 831 1137 881 a
1154 812 1386 902 cardinalibus,
1434 835 1435 880 ι

253 915 376 1002 quibus
396 913 568 1000 negotium
584 915 728 1001 perium
740 912 860 982 dictum
864 913 1058 982 Cunradum
1077 911 1343 981 scholasticum
1334 931 1386 980 m·
1434 913 1435 978 l

252 1019 423 1101 notuerat,
458 1011 635 1102 inductus,
666 1013 826 1098 magistri
837 1011 982 1081 Cunradi
1005 1011 1047 1080 da
1073 1011 1232 1080 Morburc
1257 1010 1388 1080 sormam

252 1113 352 1180 novis
366 1113 616 1180 litterisirritam
631 1111 847 1180 iudicaverat.
866 1111 935 1180 Sed
948 1112 1282 1198 antequamnuncius
1301 1100 1429 1178 Con-¹
1425 1132 1435 1178 ι

153 1247 156 1253 -
253 1211 324 1280 radi
338 1209 500 1280 redeundi
515 1185 871 1299 licentramassumptis
883 1211 1001 1279 litteris
1013 1211 1214 1299 accepisset,
1225 1211 1435 1296 eccequi-r

254 1309 328 1378 dam
342 1309 468 1378 ordinis
483 1309 521 1378 Pr
523 1309 735 1400 educaturum,
752 1309 859 1378 'larse
878 1311 1068 1398 agnomine,
1084 1310 1238 1398 veniens,
1255 1316 1388 1376 mortem
1425 1326 1435 1379 ,ι

253 1411 402 1496 magistri
416 1407 617 1476 Conradnde
630 1407 787 1476 Marburc
799 1410 1071 1498 papenuntiavit.
1089 1405 1390 1495 Quoauditopapa
1434 1432 1435 1477 ι

253 1509 351 1576 uimis
384 1507 602 1576 conturbatus
623 1508 751 1576 litteras
781 1513 896 1576 contm
913 1507 1050 1577 sormam
1074 1507 1225 1592 magistri
1249 1506 1392 1576 Cuuradi
1425 1531 1435 1591 1ι

253 1613 363 1696 nuper
383 1607 524 1694 scriptas
548 1605 762 1698 discerpens,
788 1607 886 1693 ragis,
900 1608 1057 1675 nuncium
1080 1603 1256 1674 benefieiis
1283 1605 1391 1674 eccla·
1434 1631 1435 1675 ι

254 1705 401 1774 clasticis
423 1706 550 1793 privare
570 1704 779 1794 disponebat.
807 1705 876 1774 Sed
895 1724 955 1798 per
980 1705 1193 1774 cardinalium
1218 1709 1254 1773 et
1277 1703 1391 1772 Predi·
1434 1730 1435 1774 ι

255 1808 403 1874 catorum
426 1805 646 1872 interventum
658 1804 796 1873 adiutus
798 1806 972 1895 ,acceptis
989 1803 1285 1892 aliis'supradictis
1306 1803 1391 1871 litte·
1434 1830 1435 1875 ι

256 1905 301 1976 ris
324 1920 478 1972 reversus
498 1908 560 1971 est
586 1903 689 1975 Nuuo
695 1905 841 1992 itaque
827 1901 881 1972 ad
887 1902 1077 1993 supradicta
1093 1909 1311 1971 revertamur.
1425 1927 1435 2021 ,ι

330 2002 434 2089 lgitur
446 2003 546 2070 rexin
561 2011 731 2076 conventu
744 2003 925 2092 principum
936 2000 1288 2071 Hildensheimcnsem
1304 2001 1435 2131 epis-ir

256 2119 378 2190 copum
391 2119 553 2170 accusare
568 2103 666 2192 cepit,
687 2119 748 2191 pro
766 2107 807 2171 eo
826 2101 916 2194 quod
930 2120 1031 2200 supra
1044 2101 1215 2170 hereticos
1234 2062 1435 2190 populuml

257 2217 356 2268 cruce
379 2201 534 2286 signavit
561 2199 624 2280 Qui
648 2218 685 2270 se
709 2201 925 2315 probabiliter
952 2205 1138 2290 excusans,
1157 2199 1390 2268 exhortatione
1425 2125 1435 2283 ‘r

258 2300 460 2386 competenti
483 2299 570 2366 lacta
590 2317 651 2387 pro
672 2299 789 2368 crucis
805 2301 966 2390 negotio,
996 2253 1166 2368 omnibus.
1174 2290 1435 2407 poscentibusl

259 2415 297 2465 se
314 2393 430 2488 [cruce
448 2399 591 2487 signari,
609 2395 665 2490 se]
685 2389 878 2468 constanter
897 2397 1115 2486 exsolvebat,
1141 2415 1183 2466 ac
1205 2397 1390 2466 cumfratre
1427 2422 1435 2470 ι

259 2493 382 2565 Ottooe
410 2495 534 2566 ordinis
565 2490 822 2567 Predicatorum
838 2505 964 2587 partem
984 2499 1145 2585 magistri
1163 2496 1310 2566 Cuuradi
1336 2489 1435 2576 de-„l

258 2595 361 2664 suncti
385 2595 564 2682 diligenter
586 2597 749 2666 tuebatur.
784 2597 947 2665 ,Tandem
962 2597 1216 2684 absentarege
1244 2602 1281 2666 et
1303 2596 1389 2664 laicis
1434 2623 1435 2668 ι

256 2697 423 2786 personis,
438 2697 502 2764 scli
523 2696 673 2785 episcopi
687 2715 760 2765 cum
775 2695 903 2776 ceteris
912 2695 1389 2784 quibusdamiprelatisinlcco
1434 2719 1435 2768 ι

260 2795 398 2883 speciali
430 2794 471 2862 de
497 2794 573 2863 lidei
598 2797 744 2882 negotiis
770 2802 909 2865 tractare
932 2802 1110 2884 ceperuqt.
1123 2794 1280 2908 Cumque
1299 2793 1391 2862 ιιιιιιιι
1432 2819 1435 2870 ι

259 2900 376 2976 contra
400 2892 548 2962 defuncti
576 2893 720 2962 Cunrodi
737 2900 881 2984 partem,
901 2898 943 2962 ιι
952 2895 1076 2982 aliqua
1075 2911 1140 2984 pro
1157 2895 1236 2981 ipso
1256 2892 1391 2962 luissent
1432 2885 1435 2972 l

260 2991 416 3082 allegata,
431 3011 519 3061 unus
536 3011 577 3062 ex
591 2993 753 3082 prelatis
743 3012 777 3061 m
791 2993 854 3062 hec
869 2995 1018 3083 prompit
1035 2993 1149 3082 verba,
1168 2991 1305 3060 diceus:
1322 3009 1389 3058 mc-

259 3091 396 3176 gistrum
419 3091 609 3159 Cunrodcm
633 3093 674 3160 de
698 3091 858 3166 Mordere
883 3093 1016 3180 dignum
1029 3092 1109 3176 fore
1126 3090 1389 3159 commolendum

261 3199 304 3256 ac
320 3188 409 3256 cebet
427 3186 606 3258 hereticum
624 3193 906 3260 concremandum.
925 3191 1094 3260 Posthac
1118 3191 1390 3260 autemintervc·

263 3287 435 3356 aientibus
454 3289 519 3358 illis
536 3290 719 3379 infamatis,
739 3293 795 3378 qui
813 3309 901 3359 anno
919 3292 1103 3381 preterito,
1119 3295 1155 3358 ut
1170 3287 1392 3378 supradictum

262 3393 334 3478 est,
361 3405 399 3454 se
424 3387 569 3456 ecclesie
597 3391 738 3456 examini
758 3389 972 3479 dediderant,
992 3397 1093 3475 atque
1111 3394 1243 3456 crucem
1263 3395 1341 3455 ante
1358 3403 1390 3452 se

261 3485 444 3554 serentibus
455 3539 464 3576 ,
483 3489 620 3576 insuper
638 3487 680 3556 de
699 3488 845 3556 defuncti
864 3487 1140 3577 Carneadi-sactis,
1160 3488 1319 3555 clamosis
1334 3501 1389 3552 vc-

260 3585 354 3653 cibus
379 3586 610 3656 miserabiliter
640 3587 904 3677 querelantibus,
930 3594 1041 3656 tantus
1066 3587 1180 3655 subito
1207 3587 1297 3674 cepit
1323 3582 1389 3651 oriri

260 3684 417 3752 tumultus
443 3691 478 3752 et
504 3685 664 3775 turbatio,
689 3693 723 3754 ut
750 3687 783 3754 hi
808 3688 863 3774 qui
890 3705 932 3753 ex
955 3692 1049 3774 parte
1072 3685 1222 3772 magistri
1252 3681 1387 3752 Cunrudi

262 3783 459 3850 exstiterant
477 3802 515 3852 se
533 3803 649 3852 manus
668 3785 931 3854 adversariorum
952 3784 1169 3873 desperarent
1187 3783 1341 3852 evadere.

335 3880 464 3950 Deinde
489 3882 570 3952 teria
594 3883 744 3952 secunda
763 3880 845 3974 [lob.
865 3881 904 3975 6]
926 3902 984 3952 rex
1003 3903 1075 3952 oum
1095 3883 1250 3952 omnibus
1269 3881 1386 3971 princi-

261 3978 361 4066 pibus
379 3999 419 4048 ao
436 3981 572 4067 prelatis
591 3983 646 4068 qui
665 3981 803 4052 aderant
821 3984 987 4052 civitatem
1007 3982 1202 4072 egrediens,
1227 3983 1263 4048 iu
1281 3997 1387 4067 campo

259 4077 409 4165 presedit
430 4077 572 4170 iudicio,
599 4082 713 4168 ibique
739 4100 853 4151 comes
879 4082 920 4150 de
940 4081 1041 4150 Scine
1059 4099 1097 4150 se
1116 4099 1189 4150 cum
1209 4086 1286 4149 coto
1305 4080 1386 4168 apis·

261 4177 356 4265 eopis
383 4183 429 4245 et·
441 4175 616 4246 duodecim
643 4181 746 4266 grisei
774 4180 899 4250 ordinis
918 4181 1096 4250 abbatrbus
1114 4199 1154 4250 aa
1174 4179 1312 4252 totidem
1328 4177 1386 4248 lli-
