2884 4834
263 190 334 262 180
634 219 763 266 ruamus
785 219 1023 267 woaunrrmsrs

182 357 310 426 rarribi
327 359 467 426 maxima
481 357 624 448 dampna
639 365 672 428 et
685 356 833 427 inaudita
850 376 889 426 ao
907 353 1190 427 miserabilissima
1202 351 1224 449 ¹,
1240 359 1382 448 populum
1433 399 1434 446 p

260 457 472 525 christianum
496 457 692 547 occidendo,
715 459 866 525 civitates
886 459 986 546 opida
1008 464 1041 525 et
1057 459 1154 526 villas
1182 457 1379 528 destruendo.
1433 499 1434 544 2

259 557 300 624 Et
322 575 395 624 oum
411 557 475 624 iam
492 563 610 626 essent
628 559 663 624 in
685 559 819 626 introitu
835 563 922 624 terre
935 555 1067 626 Austrie
1085 557 1196 624 nullus
1209 557 1272 626 illis
1289 561 1380 646 potuit
1433 599 1434 642 p

259 657 427 724 resistere.
453 655 605 726 Audiens
619 656 682 724 heo
696 655 851 725 dominus
870 655 1011 724 Silridus
1025 655 1295 744 archiepiscopus
1309 657 1378 726 blo·

260 756 484 845 guntinensis,
510 755 631 823 volens
647 755 725 822 bulo
738 756 908 842 provincie
922 761 1005 822 terre
1021 760 1054 822 et
1071 756 1197 843 populo
1213 755 1377 824 obrisliano
1433 797 1434 840 ᾖ

141 846 143 851 ’
258 853 453 944 providere,
481 853 593 922 habito
620 855 760 922 oonsilio
789 871 892 943 sano,
917 853 1035 922 indixit
1058 871 1117 942 per
1136 860 1238 922 totam
1257 857 1378 943 provin·
1433 895 1434 941 p

260 954 343 1020 eiam
357 952 654 1038 bloguntinensern
674 953 836 1021 stationes
852 954 1090 1040 prooessiones
1105 971 1177 1022 oum
1196 953 1337 1041 reliquiis
1352 963 1379 1021 et
1433 995 1434 1026 t

260 1053 429 1120 orationes
452 1071 524 1119 eum
543 1053 653 1120 missis
675 1057 791 1120 eontra
807 1052 974 1120 Tattaios.
1006 1049 1077 1132 Quo
1101 1054 1211 1137 omnia
1228 1052 1377 1120 observa·
1433 1097 1434 1141 p

258 1151 377 1218 bantur
394 1151 471 1238 quia
487 1150 639 1218 homines
661 1149 792 1218 luerunt
808 1151 904 1238 quasi
921 1150 1099 1240 desperati.
1133 1151 1242 1220 Jussit
1258 1141 1378 1240 quoque
1433 1197 1434 1241 p

260 1256 292 1317 et
309 1249 427 1317 indixit
445 1267 505 1338 per
524 1255 625 1317 totam
649 1249 853 1336 provinciam
871 1257 1144 1337 prememoratam
1165 1268 1294 1318 oruoem
1311 1270 1380 1338 pre·
1433 1296 1434 1338 f

259 1348 379 1416 diotre.
407 1349 447 1416 Et
462 1350 511 1416 sio
524 1347 694 1436 predioata
710 1354 846 1416 estoum
859 1349 1001 1416 maxima
1018 1347 1191 1436 diligentia
1209 1352 1379 1438 peremnia
1433 1396 1434 1442 p

258 1447 334 1515 looa
354 1448 416 1515 sub
438 1448 494 1514 tali
517 1447 638 1537 torma,
664 1445 754 1534 quod
781 1448 837 1534 qui
859 1448 1072 1533 signarentur
1096 1453 1211 1516 eontra
1235 1449 1378 1516 Tartarus
1433 1505 1434 1508 ,

258 1547 485 1614 remissionem
509 1547 650 1614 omnium
669 1551 880 1634 peooatorum
902 1563 1035 1616 suorum
1052 1548 1254 1638 reciperent,
1280 1550 1381 1634 etqui
1433 1613 1434 1640 p

258 1646 390 1734 propria
413 1662 560 1733 persona
580 1647 627 1712 ire
653 1663 720 1714 non
743 1651 885 1733 possent
908 1663 972 1714 neo
998 1646 1122 1713 vellent
1144 1645 1186 1714 de
1204 1647 1302 1714 bonis
1319 1648 1379 1714 suis
1433 1711 1434 1720 ,

259 1743 443 1812 seeundum
469 1743 559 1831 qrrud
576 1739 1175 1835 dominusinspirasset=tribuerent²,
1205 1744 1296 1832 qnod
1315 1745 1380 1812 aliis

259 1843 415 1911 euntibus
431 1849 464 1910 et
484 1861 553 1910 non
569 1843 769 1910 habentibus
786 1842 1035 1910 distribueretur
1048 1834 1070 1910 ³.
1096 1843 1136 1911 Et
1153 1845 1203 1911 sio
1219 1844 1288 1912 lero
1301 1849 1381 1911 totus
1432 1896 1434 1908 ,

258 1943 403 2031 populus
419 1947 472 2010 est
490 1943 652 2028 signatus.
684 1942 726 2010 Et
743 1947 950 2028 congregata
966 1947 1019 2010 est
1036 1943 1179 2030 peounla
1194 1943 1315 2030 ubique
1333 1943 1380 2010 lo·
1433 1933 1434 2016 ζ

258 2059 372 2110 eorum
402 2041 538 2109 inlinita.
588 2041 860 2128 Supervenerunt
888 2042 1001 2127 itaque
1033 2041 1151 2110 iisdem
1183 2042 1378 2130 temporibus
1433 2035 1434 2039 ’

259 2141 324 2208 alia
346 2159 434 2209 nova
457 2139 548 2227 quod
564 2140 688 2207 Tartari
708 2139 752 2207 ad
774 2139 856 2209 alias
879 2146 992 2227 partes
1017 2141 1253 2209 secessissent.
1296 2141 1380 2208 Tune

259 2241 410 2328 episeopi
434 2245 468 2306 et
486 2238 608 2306 domini
625 2239 800 2326 peouniam
824 2245 1063 2324 congregatam
1091 2241 1236 2306 intense
1260 2238 1380 2307 diuise·
1433 2297 1434 2328 p

258 2344 342 2406 runt.
380 2337 448 2405 Sed
466 2337 618 2404 dominus
637 2335 820 2405 Landollus
843 2338 1024 2426 episeopus
1044 2338 1310 2406 Wormaoiensis
1327 2356 1381 2426 pe·
1433 2331 1434 2420 4

259 2437 388 2506 ouniam
406 2435 596 2504 Wormaoie
615 2441 855 2523 congregatam
888 2438 984 2506 etin
1015 2438 1215 2526 episcopatu
1245 2437 1379 2524 singulis

257 2535 351 2604 reddi
369 2537 478 2604 iussit.
1433 2605 1434 2616 ,

332 2632 430 2704 Anno
448 2633 606 2702 moexli.
631 2635 665 2702 in
691 2639 868 2704 auotumno
887 2630 1009 2704 offensi
1034 2641 1113 2702 sunt
1142 2633 1274 2722 quidam
1299 2635 1381 2702 oives
1433 2631 1434 2710 ς

258 2733 523 2803 Wormatienses
542 2753 562 2802 a
580 2733 777 2821 quibusdam
796 2733 837 2801 de
856 2730 1031 2802 Osthoien.
1077 2735 1193 2823 ltaque
1219 2735 1313 2802 nives
1329 2733 1380 2799 bas

257 2834 393 2902 iniurias
412 2851 621 2920 nequaquam
639 2838 794 2920 poterant
812 2833 952 2901 tolerare
976 2833 1049 2900 sine
1067 2831 1223 2900 vindiola.
1257 2831 1300 2900 Et
1318 2838 1380 2898 sta-

257 2933 314 3000 tim
331 2933 364 2998 in
384 2933 528 3000 erastino
547 2933 653 3002 saneti
673 2931 755 2998 Galli
774 2927 855 3022 [ool.
869 2929 931 3022 ll]
953 2933 1126 3000 exiverunt
1143 2933 1248 3020 aives
1268 2949 1308 2998 ao
1325 2930 1378 2997 du-

257 3031 365 3098 minus
389 3029 606 3118 Landolphus
637 3031 819 3117 episeopus
844 3030 1098 3098 Wormatiensis
1124 3049 1196 3097 oum
1222 3031 1290 3123 eis,
1310 3026 1379 3096 Ost-

257 3127 358 3196 bolen
377 3147 514 3218 versus,
541 3135 577 3196 ut
605 3129 727 3196 ibidem
753 3147 814 3197 sua
832 3131 1024 3215 gravamina
1048 3128 1279 3197 vendicarent.
1317 3125 1379 3207 Quo

257 3229 332 3295 viso
352 3233 416 3294 tam
434 3229 553 3296 milites
569 3246 666 3315 quam
679 3229 792 3296 rustici
807 3227 956 3296 eiusdem
970 3228 1047 3296 ville
1062 3228 1264 3296 oemiterium
1283 3243 1377 3311 suun,

257 3326 348 3415 quod
374 3326 471 3396 valde
497 3326 582 3395 bene
608 3327 765 3394 munitum
793 3333 881 3416 erut,
911 3327 1122 3396 intraverunt.
1160 3322 1374 3394 decesserunt

258 3427 356 3494 etlam
375 3427 466 3496 aives
485 3427 638 3494 volentes
665 3425 805 3494 eandem
831 3426 1045 3493 munitionem
1070 3425 1112 3493 ab
1140 3426 1188 3493 eis
1207 3425 1374 3512 inquirere,

258 3531 291 3592 et
308 3544 376 3594 non
394 3525 553 3594 valebant
570 3530 806 3612 attemptantes
825 3525 978 3592 omnibus
997 3524 1113 3593 modis.
1139 3523 1208 3613 lpsi
1223 3525 1309 3592 enim
1321 3528 1375 3589 tam

257 3642 316 3710 per
333 3625 475 3692 iacturas
495 3642 592 3711 quam
611 3641 669 3711 per
687 3627 829 3710 sagittas
848 3641 885 3690 se
907 3621 1134 3692 defendebant
1155 3623 1279 3712 taliter,
1298 3617 1375 3707 qnod

257 3740 317 3810 per
335 3740 394 3790 eos
414 3729 555 3811 quatuor
573 3740 613 3790 ex
628 3722 754 3790 oivibus
774 3725 871 3790 vitam
890 3721 1073 3790 finiverunt.
1105 3721 1185 3790 Erat
1203 3727 1310 3790 autem
1327 3736 1375 3786 oe-

258 3821 417 3888 miterium
437 3821 539 3890 lossis
565 3827 598 3889 et
614 3821 876 3910 propugnaculis
902 3821 989 3888 bene
1013 3822 1181 3888 munitum.
1209 3819 1306 3887 Cives
1324 3834 1374 3883 au-

257 3925 324 3984 tem
341 3919 476 3987 multum
495 3920 680 3988 oonturbati
697 3925 919 3988 reuessomnt.
944 3918 985 3986 Et
1010 3925 1084 3988 orta
1110 3925 1163 3988 est
1179 3936 1299 4004 magna
1315 3915 1375 3982 dis·

258 4017 373 4085 sensio
392 4018 476 4085 inter
500 4020 592 4088 oives
611 4025 644 4086 et
661 4019 780 4087 villam.
809 4017 877 4088 Sed
895 4017 1028 4086 tandem
1046 4019 1232 4108 eomposita
1248 4033 1306 4106 per
1322 4013 1375 4080 do-

292 4160 322 4222 l)
343 4156 476 4209 commisit
499 4158 566 4214 oder
588 4159 631 4214 ein
654 4157 794 4214 bhnlicbes
813 4165 883 4214 wort
901 4157 976 4213 iohlt.
1010 4161 1041 4228 2)
1059 4159 1189 4218 tribueret
1211 4158 1250 4214 bs.
1284 4158 1314 4224 3)
1331 4154 1376 4207 dis-

257 4225 441 4280 tribuerentur
459 4224 497 4280 bs.
