2950 4836
404 229 583 276 nunnnnxus
607 231 790 276 narmiensis.
1102 207 1172 274 515

43 365 114 444 dem
132 368 351 456 apostolicam
369 374 564 458 aecusatus,
595 385 668 436 enm
694 386 733 436 se
760 367 941 436 defendere
966 387 1033 438 nau
1052 378 1172 458 posset
1191 380 1258 436 1258

47 466 154 554 cessit,
182 467 278 553 eique
297 466 398 535 irater
415 465 573 536 Albertus
592 466 634 534 de
653 467 768 534 ordine
787 467 1031 536 Predieaturnm
1050 469 1176 538 subro-

47 569 148 646 gatur.
177 564 391 640 ltleinbardus
410 584 523 634 eomes
543 566 669 634 Gorieie
697 565 788 633 duxit
805 567 837 632 in
856 584 991 634 uxerem
1010 567 1175 636 dominam

46 662 224 748 lllysabeth
242 682 389 732 sorerem
405 664 556 732 lmduiei
575 671 608 734 et
625 664 770 733 Heinriei
789 663 907 732 dueum
924 665 1094 754 Bawarie,
1120 686 1175 734 ιιὸ

45 762 148 828 liatam
176 764 301 831 sortirer
321 763 486 832 Clrunradi
513 765 621 851 regis,
652 766 686 830 in
712 765 967 832 eatarasancti·
991 764 1176 851 llyehaelis

47 856 123 948 [net..
150 857 191 951 6]
220 862 490 950 apntltlunaeum
518 863 642 950 nuptiis
668 861 852 932 celebratis.
889 865 1026 930 Domina
1044 861 1176 949 Agnete

47 966 141 1026 rrrarre
161 959 383 1046 predictarum
402 968 480 1028 tune
498 969 576 1049 aput
596 961 691 1028 irliam
711 979 804 1030 suam
823 961 993 1049 sophyam
1012 965 1176 1030 remittis-

45 1075 110 1124 sam
130 1057 173 1126 de
192 1057 374 1147 Hirzpereh
397 1067 572 1149 manente,
604 1077 669 1148 que
695 1061 794 1148 priori
813 1058 893 1127 leria
913 1069 1029 1148 quarta
1048 1063 1179 1151 peperit

46 1154 137 1224 ilium
157 1159 292 1226 nornine
311 1158 523 1227 Gerhardum.

114 1255 257 1326 linoln.
283 1257 442 1326 Dominus
461 1256 641 1326 Ludwieus
666 1257 836 1324 Palatinus
856 1274 968 1326 onmes
986 1257 1092 1326 llelmi
1110 1257 1177 1326 dux

45 1351 194 1422 Bauarie
220 1355 310 1426 drrxit
334 1355 499 1424 dominam
523 1353 653 1425 Annam
681 1356 777 1422 tiliam
804 1355 969 1424 Chunradi
996 1356 1091 1424 ducis
1111 1357 1177 1424 Po·

45 1450 154 1519 lunie
144 1473 180 1520 ιιι
199 1472 345 1524 uxermem
366 1457 388 1522 F
392 1455 490 1524 edem
507 1473 596 1524 annm
614 1454 656 1522 ab
674 1453 866 1524 Alexandra
884 1473 972 1547 papa
989 1455 1178 1606 subscripta

47 1552 182 1638 epistola
204 1560 256 1622 est
273 1556 484 1626 transmissa:

113 1650 308 1720 Alexander
327 1655 519 1742 episeopus²
538 1669 656 1720 servus
676 1669 848 1720 serrorum
868 1651 933 1720 dei.
968 1651 1178 1721 Venerabili·

48 1746 104 1814 bns
123 1747 278 1820 iratribus
304 1751 557 1840 arcrrreprsrnpo
578 1751 816 1840 salzpurgensi
845 1753 984 1838 eiusque
1010 1751 1177 1838 suifraga-

47 1850 125 1936 neis‚
147 1867 212 1916 nec
231 1867 299 1920 nen
317 1857 349 1918 et
367 1850 498 1919 dilectis
517 1851 592 1918 liliis
609 1849 785 1917 abbatibus
804 1849 944 1936 aliisque
963 1851 1177 1918 eeclesiarum

47 1947 177 2032 prelatis
201 1954 269 2018 ‘eta
297 1949 332 2018 Si
351 1967 429 2017 vere
454 1949 544 2036 qued
564 1948 682 2016 dieitur
707 1954 859 2037 pastores
885 1948 1177 2016 avium-exacta

48 2045 216 2130 diligentia
234 2054 449 2134 exequantur.
476 2042 595 2114 Datum
614 2099 630 2116 .,
640 2098 753 2114 .....
773 2045 883 2114 idibus
902 2045 982 2114 iebr.
1000 2047 1178 2136 pentiiea-

50 2150 99 2211 tus
118 2148 222 2214 uestri
241 2165 329 2216 anne
349 2149 463 2234 quimo
484 2143 598 2236 [1259
618 2145 681 2214 leb.
703 2141 777 2236 ta].

117 2241 284 2314 Otalrarus
299 2264 355 2312 rex
374 2247 509 2314 Beemie
531 2244 599 2312 dux
618 2244 751 2314 dustria
770 2241 889 2311 dalens
916 2238 1006 2328 quud
1024 2239 1178 2326 aliquan·

51 2339 246 2411 deauratus
272 2351 363 2412 esset
384 2345 503 2427 aBela
522 2361 602 2429 rege
620 2343 766 2430 Ungarie
786 2341 973 2427 relinquere
992 2339 1055 2406 sibi
1074 2337 1178 2406 duea-

51 2447 110 2507 tnm
135 2441 265 2532 styrie,
301 2449 508 2528 congregato
529 2441 640 2510 valide
667 2443 816 2510 exereitu
839 2443 1093 2508 castrametatus
1128 2443 1180 2504 est

52 2539 123 2606 eitra
142 2541 275 2610 ilurium
295 2541 431 2611 Mariba.
459 2541 520 2610 Ubi
534 2559 606 2608 eum
623 2540 814 2627 Stephanus
832 2539 940 2606 iunior
958 2543 1017 2604 rex'
1033 2535 1179 2620 Ungarie

52 2639 210 2708 exaltem
228 2647 320 2728 parte
349 2641 491 2708 lluminis
518 2641 581 2706 sibi
607 2644 811 2726 oeeurreret,
839 2654 911 2704 curn
942 2635 1088 2702 exercitu
1116 2651 1178 2702 sua

53 2740 217 2806 transitum
244 2739 275 2805 ei
302 2738 443 2806 ssrrnrinis
468 2738 647 2826 impedivit.
689 2737 835 2804 Tarrdem
863 2740 940 2822 past
964 2733 1078 2820 plures
1106 2731 1178 2800 dies

53 2831 212 2904 Otalarus
238 2855 294 2905 rex
319 2837 454 2906 Boemie
479 2851 538 2925 pre
567 2835 742 2904 unarmedn
769 2851 927 2921 equorum
952 2839 985 2900 et.
1014 2831 1180 2900 huminum
1257 2879 1259 2892 r

52 2935 163 3004 rolens
180 2935 224 3004 ad
242 2938 432 3024 superiores
458 2943 570 3024 partes
594 2935 735 3002 lluminis
754 2952 791 3000 se
812 2930 1005 3017 transferre,
1033 2929 1180 3018 Stepha-

54 3049 109 3099 nus
134 3054 204 3122 rex,
223 3041 345 3122 putans
362 3037 468 3122 ipsum
487 3035 573 3104 velle
602 3033 732 3121 lugere,
752 3034 925 3100 inseeutus
953 3037 1003 3096 est
1027 3045 1116 3117 eum,
1148 3036 1182 3098 et

55 3135 292 3218 reingressinne
319 3133 403 3201 laeta
429 3139 508 3220 aput
533 3133 642 3201 uillam
662 3150 726 3218 que
746 3130 1033 3216 Chressinprunne
1053 3127 1181 3216 dieitur,

49 3229 124 3296 uicti
142 3239 221 3300 sunt
239 3233 371 3318 Ungari.
391 3231 451 3302 Ubi
469 3232 639 3318 Stephane
656 3247 736 3316 rege
751 3230 936 3316 vulnerate,
952 3226 994 3294 de
1010 3233 1102 3313 parte
1120 3246 1181 3294 sua

54 3327 171 3412 plurimi
193 3338 269 3398 sunt
287 3332 398 3419 occisi,
414 3331 526 3418 plures
545 3328 704 3416 fugiende
719 3330 752 3396 in
771 3329 903 3396 ilumine
918 3330 995 3392 sunt
1009 3325 1181 3392 submersi.

55 3425 97 3494 Ex
113 3435 206 3516 parte
226 3431 323 3497 etiam
343 3425 477 3498 Otalrari
497 3430 586 3514 regis
606 3427 699 3498 multi
715 3426 800 3494 ierm
820 3430 853 3494 et
872 3422 934 3490 snb
953 3423 1050 3490 armis
1070 3423 1180 3490 ualere

55 3526 146 3596 nimio
165 3529 342 3617 perierunt.
358 3529 491 3596 Factum
506 3536 558 3595 est
571 3528 655 3595 enim
671 3526 734 3593 bae
748 3523 869 3592 bellum
888 3521 967 3588 feria
982 3519 1132 3590 seunnda
1147 3521 1179 3588 in

55 3621 102 3690 die
114 3635 228 3696 sanate
239 3627 425 3712 Margarete
437 3627 575 3712 virginis
592 3623 665 3715 [iuli
676 3621 751 3714 12],
762 3629 835 3691 estu
851 3621 991 3688 maxiano
1007 3619 1181 3686 existente.

56 3720 160 3794 Fidem
170 3727 268 3794 etiam
279 3722 425 3794 Otaliare
440 3727 509 3812 regi
522 3727 655 3792 Buemie
666 3720 935 3810 pri11S‚uidelicet
950 3720 983 3784 in
998 3717 1083 3786 leste
1100 3736 1180 3786 san-

56 3825 171 3891 aturum
188 3824 352 3892 lobannis
372 3824 514 3892 et‘Pauli
536 3819 619 3913 [iun.
637 3819 701 3912 29]
724 3822 848 3888 tristem
871 3816 1037 3886 obtulerat
1054 3835 1091 3885 sa
1110 3816 1181 3884 iur-

57 3923 134 3990 tuua.
152 3921 233 3990 Nam
252 3941 324 3990 eum
344 3922 459 3990 danem
477 3923 528 3990 vel
544 3923 636 4010 plura
653 3921 740 3988 milia
756 3919 899 3988 bostium
915 3916 1070 3982 insultum
1089 3915 1192 3990 laea,

57 4023 145 4086 rem
136 4040 169 4088 m
191 4019 356 4090 Austriam
374 4023 457 4088 eirea
476 4028 618 4088 nastrum
638 4017 727 4105 quad
745 4018 858 4086 Steutz
876 4013 1009 4103 dietum,
1030 4015 1096 4084 due
1116 4013 1181 4082 lra-

58 4119 116 4183 tres
131 4122 293 4208 sanguine
289 4115 515 4208 nobilissimi,
529 4122 669 4186 iuvenes
685 4117 793 4206 electi,
810 4113 886 4183 Otto
896 4111 1051 4182 videlieet
1069 4129 1182 4181 eomes

58 4211 93 4280 de
110 4215 283 4287 Hardeurm
309 4225 343 4286 et
369 4217 572 4286 Clnmradus
593 4233 705 4284 eomes
729 4211 771 4283 de
799 4214 908 4301 Pluin,
900 4229 984 4371 ,3ἒῖ
1000 4231 1071 4280 eum
1098 4211 1181 4298 ipsis
