2950 4836
314 265 382 333 502
694 291 866 335 6666666666
887 290 1076 334 1666666666.

231 441 297 496 rato
314 450 391 500 num
422 429 512 498 obiit.
553 429 655 498 Cuius
680 447 801 518 corpus
832 429 866 495 in
890 435 1000 496 monte
1024 428 1166 496 Cassino
1188 427 1223 494 in
1244 428 1430 494 monasterio

311 531 416 599 sancti
433 529 608 598 Benedicti
627 548 645 596 a
664 527 886 596 cardinalibus
904 529 1075 617 sepelitur,
1091 535 1123 594 61
1140 545 1223 596 6666
1240 527 1349 615 166166
1362 527 1430 592 61616

310 632 344 698 16
360 629 414 698 116
437 631 544 696 666611
559 627 693 696 Δ161666
714 624 810 718 [nor.
831 624 894 718 30]
917 635 997 716 aput
1020 629 1259 696 monasterium
1275 625 1430 693 11666661-

311 724 384 819 16,1
409 728 499 816 quod
522 728 608 796 idem
632 727 698 795 dux
717 726 895 814 magnifico
925 745 1026 815 opere
1051 735 1087 794 61
1112 726 1213 794 16116
1237 725 1430 792 616661666-

311 834 485 916 struxerat,
504 827 546 894 ab
564 827 817 915 archiepiscopo
835 826 1051 914 sepeliuntur.
1065 827 1107 893 Et
1125 825 1245 894 eodem
1260 823 1318 892 die
1333 823 1430 891 dicton

311 929 546 996 monasterium
565 926 607 992 ab
626 926 745 994 eodem
764 933 988 994 consecratur.
1010 925 1086 992 'Rex
1103 925 1264 994 Bohemie
1285 923 1430 991 Austrian

311 1029 344 1096 in
358 1045 456 1094 manu
475 1025 585 1093 661116
602 1028 731 1093 1616666
751 1043 906 1110 magnam
924 1031 1051 1112 partem
1070 1031 1154 1092 16666
1174 1025 1335 1104 vastavit.
1352 1023 1430 1109 11616-

311 1144 416 1214 copus
448 1125 705 1213 Ratisponensis
741 1124 958 1193 cancellarius
989 1125 1170 1212 imperialis
1196 1124 1276 1191 6616
1306 1121 1430 1190 ellicitm.

312 1225 453 1294 Silridus
485 1225 705 1310 Mogontinus
730 1225 1001 1312 archiepiscopus
1033 1223 1122 1292 obiit.
1155 1221 1303 1291 llarolus
1332 1222 1430 1309 prinus

312 1325 495 1393 Secceusis
514 1325 693 1412 episcopus
713 1324 803 1392 obiit.
823 1324 974 1391 Castrum
991 1325 1024 1390 in
1038 1323 1234 1410 Flinsperch
1254 1322 1299 1389 ab
1315 1320 1429 1389 Albertc

312 1425 433 1492 comite
452 1423 494 1490 dc
512 1423 631 1508 Bogen
650 1425 794 1509 origitur.

386 1522 580 1590 Mocxxxi.
608 1522 771 1590 Geroldus
801 1524 981 1612 episcopus
999 1522 1227 1609 Frisingensis
1249 1521 1373 1609 cessit,
1393 1521 1429 1586 661

312 1621 462 1690 succedit
495 1621 690 1690 chunradus
724 1624 906 1691 canonicus
938 1622 1089 1691 eiusdem
1119 1621 1282 1690 ecclesie.
1325 1620 1428 1707 Rapoto

311 1721 479 1789 Palatinus
503 1721 654 1788 Bawarie
681 1721 770 1789 obiit.
811 1721 994 1790 Ludwicus
1020 1721 1088 1789 dux
1113 1723 1268 1790 bawarie
1296 1723 1456 1807 66666616

311 1819 436 1888 familia
456 1837 552 1887 6666
572 1819 715 1907 qrrcdam
735 1823 853 1907 ignoto
871 1839 1005 1910 pagano
1031 1822 1135 1890 cultro
1154 1836 1342 1910 percussus
1360 1819 1429 1904 obiit,

312 1926 345 1988 61
370 1920 435 1987 hoc
459 1925 538 2007 6661
565 1918 734 1987 Chelheim
758 1920 891 1988 insidiis
916 1921 1040 1989 domini
1065 1920 1221 1988 Fridcrici
1240 1918 1429 2006 imperatoris

311 2021 367 2086 nvi
385 2019 448 2088 161.
467 2019 611 2088 66161616
633 2015 735 2109 [6661.
757 2017 832 2110 16].
860 2020 1051 2108 Propositus
1071 2020 1357 2108 salzpurgensis,
1381 2016 1429 2082 ab·

312 2118 373 2187 bas
398 2119 503 2186 sancti
525 2118 610 2186 Petri
638 2125 671 2186 61
696 2119 801 2186 61166
829 2117 1067 2188 Admuntcnsis
1094 2117 1136 2186 16
1160 2120 1301 2186 licentia
1329 2115 1429 2184 domiui

311 2235 398 2306 6666
417 2217 459 2284 61
478 2218 731 2306 archiepiscopo
757 2221 791 2286 in
816 2218 869 2286 die
889 2225 1007 2286 sancto
1026 2219 1152 2307 pasche
1173 2213 1286 2309 [mar'z
1305 2214 1367 2306 23]
1384 2215 1428 2281 ni-

313 2319 369 2384 1616
388 2317 632 2404 pontificalibus
651 2323 729 2386 sunt
746 2319 895 2404 insigniti
914 2324 947 2386 61
964 2318 1174 2406 privilegiati.
1206 2315 1428 2386 Monosterlun

311 2415 501 2483 monialium
516 2416 760 2503 Cysteroiensis
775 2417 898 2486 ordinis
916 2417 1099 2509 aLudmila
1112 2417 1253 2485 ducissa
1268 2421 1303 2484 in
1324 2415 1428 2483 16616-

312 2516 370 2582 biit
388 2516 598 2583 construitur.

385 2614 590 2682 Mccmxrrii.
615 2615 797 2702 Imperator
819 2617 1025 2683 nativitatem
1050 2614 1174 2684 domini
1201 2620 1286 2703 aput
1312 2613 1427 2681 Raven-

312 2733 387 2781 nam
412 2714 612 2803 celebravit,
639 2721 672 2782 et
698 2733 757 2802 666
774 2714 941 2782 Veneoias
963 2717 1131 2782 transiens
1150 2731 1263 2800 usque
1283 2713 1325 2781 ad
1342 2711 1426 2796 1661-

313 2814 408 2881 161661
435 2821 469 2880 61
494 2813 610 2881 166666
638 2813 716 2880 lolii
741 2816 916 2900 processit.
943 2815 1005 2882 Ubi
1032 2833 1090 2882 rex
1107 2812 1196 2881 lilius
1215 2832 1302 2881 suus
1321 2819 1351 2879 61
1368 2810 1426 2896 qui·
1453 2889 1454 2902 χ

289 2912 387 2980 'dam
407 2913 460 2980 alii
478 2914 668 3001 principes,
692 2914 821 2981 scilieet
838 2913 1023 2981 Fridericus
1043 2913 1110 2981 dux
1128 2910 1285 3002 1661616,
1314 2910 1425 2998 6661166

313 3016 393 3098 aput
417 3012 593 3079 Wiennam
619 3013 732 3098 gladio
760 3013 887 3080 militari
912 3015 1081 3081 accinctus
1110 3020 1196 3101 erat,
1223 3030 1301 3078 cum
1328 3008 1423 3096 quibus

313 3109 355 3176 de
373 3127 457 3196 6666
475 3108 670 3179 1166666616
689 3111 891 3180 verbotenus
911 3111 1088 3201 ordinans,
1107 3113 1140 3178 in
1158 3109 1315 3198 Apuliam
1333 3126 1366 3176 sc
1382 3125 1423 3172 66-

313 3209 411 3294 66611.
451 3209 646 3277 Gebhardus
674 3211 879 3278 Pataviensis
905 3213 1085 3299 episcopus
1118 3215 1257 3298 propter
1284 3207 1423 3276 inlamiam

313 3307 493 3375 occisionis
520 3308 699 3377 Eberhardi
719 3312 871 3377 canonici
897 3310 1102 3377 Pataviensis
1127 3316 1160 3378 61
1178 3311 1321 3378 aliorum
1337 3305 1421 3374 66161-

314 3406 435 3474 nalium
466 3407 528 3474 sibi
561 3407 763 3476 obiectorum
795 3401 1260 3496 6616666616666661666611.2
1303 3408 1421 3475 Sanctus
1452 3491 1453 3500 ἵ

313 3502 478 3574 Antonius
505 3505 546 3572 de
574 3507 690 3575 ordine
717 3508 881 3576 minorum
907 3507 1039 3576 fratrum
1067 3508 1155 3596 apud
1174 3506 1322 3575 Paduam
1338 3503 1420 3588 signis
1452 3509 1453 3534 ¹

314 3623 496 3674 coruscans
523 3625 542 3672 a
566 3606 699 3676 domino
722 3625 809 3694 6666
835 3609 1049 3675 canonizatur
1075 3626 1146 3674 cum
1170 3607 1319 3675 noudum
1335 3616 1419 3670 annus

348 3767 378 3832 l)
397 3765 548 3818 Lilionseld.
597 3768 628 3832 2)
653 3765 812 3818 randzusotz
836 3767 889 3819 wie
917 3783 946 3820 66
975 3767 1081 3821 6616161
1109 3766 1157 3820 166
1182 3766 1345 3820 certassem:
1368 3759 1417 3812 ban

314 3832 376 3884 dum
394 3831 566 3887 Eberhardus
584 3843 611 3887 61
635 3835 741 3914 quidam
765 3833 811 3886 6111
836 3835 956 3888 66666161
975 3853 1029 3888 666
1045 3836 1232 3892 ,consentirent
1249 3835 1337 3906 pravis
1353 3827 1417 3899 operi·

314 3899 370 3978 bus¹
381 3901 498 3972 episcopi
518 3902 664 3968 Gebhardr‚
682 3905 765 3955 66616
780 3903 958 3956 sectatoribus
971 3905 999 3956 in
1012 3903 1124 3974 quadam
1136 3905 1233 3958 itinere
1249 3911 1289 3956 est
1306 3911 1417 3982 pervasus>

313 3967 424 4020 auribus
442 3969 551 4024 naribus
569 3971 657 4024 666116
675 3971 780 4024 6161116
798 3971 924 4025 membris
941 3971 1097 4024 deformiter
1110 3972 1248 4026 mutilatis.
1268 3971 1413 4033 (1666666661

313 4037 436 4088 canonici
460 4037 571 4090 Rornom
615 4047 733 4092 66166166
758 4039 954 4110 apostolicique
981 4041 1143 4110 presentiam
1169 4039 1305 4094 accessuri
1327 4031 1414 4088 66661-

314 4105 405 4156 6616ιί6
422 4105 574 4159 cantabant:
597 4057 696 4160 111666
714 4107 797 4160 ,16661
816 4116 844 4160 61
866 4110 1005 4162 venientes
1029 4109 1172 4162 adversum
1191 4125 1213 4162 s.
1234 4108 1294 4161 vide
1312 4101 1414 4175 silonita

313 4171 362 4226 titii
381 4173 418 4224 tol
437 4181 487 4226 etc.
506 4173 607 4226 nudum
626 4175 746 4228 deforme
765 4184 790 4228 et
802 4179 978 4244 sanguineum
992 4177 1176 4231 ostenderunt.
1196 4176 1249 4243 Qui
1261 4167 1413 4227 misericorde

314 4247 418 4303 motus,
436 4241 502 4292 istos
520 4239 673 4296 6666616166
693 4241 768 4295 illum
789 4245 895 4314 penitus
914 4243 1078 4313 degradavit,
1097 4243 1143 4298 Sic
1164 4261 1216 4314 ego
1235 4243 1319 4298 661616
1335 4232 1412 4292 donini

314 4307 391 4360 Wer.
410 4307 443 4360 16
462 4305 578 4360 Saecula
595 4309 695 4366 audiui.
