2950 4836
453 284 627 333 maurannus
648 285 836 332 nnunuuusrs.
1139 260 1207 329 509

67 443 134 511 que
162 425 224 493 luit
254 424 318 492 lua
349 424 437 492 illius
471 425 668 494 nobilissimi
696 426 862 512 quondam
890 427 984 495 ducis
1010 423 1144 495 Austrie
1172 435 1205 496 et
1224 439 1290 496 1253

69 525 183 612 Styrie
209 523 374 613 Liupoldi.
408 521 541 592 Auxilio
567 527 678 612 itaque
702 525 890 594 illeinbardi
922 527 1050 594 comitis
1078 527 1208 596 Gcricie

68 631 102 692 et
119 625 239 692 Ezilini
258 623 380 692 nobilis
399 621 441 690 de
461 625 629 713 Tarvisi0,
654 623 829 692 Heinrious
856 625 940 692 llius
960 623 1092 694 Oltom's
1112 625 1207 694 ducis

66 741 129 810 per
147 725 269 792 vallem
288 722 513 791 l‘rldentinam
531 725 622 792 vadit
639 725 673 793 in
688 725 864 811 Ungariam
884 724 925 792 ad
945 743 1096 794 socerum
1112 744 1207 793 snum

66 823 186 892 Belam
204 841 327 908 regem.
355 819 432 889 Otto
451 824 551 908 igitur
569 823 636 892 dux
653 825 686 890 in
705 825 867 912 principio
892 825 943 890 sui
962 825 1133 910 regiminis
1153 844 1207 893 se·

65 941 171 991 verus
189 921 291 989 iudex
309 927 341 988 et
357 923 513 1010 princeps
531 930 724 990 mansuetus
734 977 743 1013 ,
770 929 891 1012 postea
909 930 1043 1011 propter
1060 923 1208 992 levorem

66 1041 170 1108 quem
189 1020 372 1109 inpendere
396 1021 571 1090 videbatur
592 1022 757 1090 Fridericc
784 1021 950 1110 quondam
968 1025 1155 1112 imperatori
1175 1029 1208 1092 et

65 1119 250 1188 Cbunrado
271 1121 336 1188 lrlio
357 1121 429 1186 eius
448 1121 489 1188 ab
507 1121 703 1189 Innocentio
729 1139 815 1210 papa
833 1127 950 1208 quarto
977 1129 1010 1190 et
1035 1124 1207 1211 episcopis

66 1228 136 1288 tarn
158 1221 215 1288 diu
241 1227 273 1287 et
297 1237 378 1306 sepe
398 1223 704 1289 excommunicatus
723 1223 880 1308 persequi
900 1223 987 1310 cepit
1006 1223 1147 1310 clerum,
1176 1228 1209 1290 et

66 1321 157 1387 mala
182 1320 276 1386 malis
303 1317 432 1388 addens
455 1321 490 1386 in
512 1321 627 1406 vigilia
653 1321 761 1388 sancti
778 1318 912 1387 Andree
940 1321 1084 1410 apostoli
1113 1317 1207 1411 [nov.

66 1417 136 1509 29]
158 1437 230 1486 cum
257 1420 290 1484 in
312 1435 388 1486 sero
416 1437 489 1486 cum
514 1438 618 1488 uxore
647 1426 680 1488 et
706 1419 919 1488 familiaribus
946 1421 1016 1488 suis
1033 1419 1133 1488 valde
1151 1421 1208 1488 io·

64 1518 200 1585 nundus
220 1517 357 1606 luisset,
376 1525 566 1604 presentem
585 1521 685 1586 vitam
704 1519 881 1586 subitanea
899 1527 1003 1587 morte
1022 1519 1101 1586 irnit.
1134 1519 1207 1588 llo-

66 1618 145 1684 dem
162 1623 320 1706 ternpore,
339 1634 454 1684 manse
474 1621 601 1686 scilicet
614 1619 797 1708 novembri,
812 1618 961 1686 lamosus
980 1619 1034 1686 ille
1052 1618 1207 1707 predica-

66 1724 120 1784 tor
139 1716 239 1784 irater
252 1713 452 1784 Berbloldus
470 1721 502 1786 iu
516 1717 681 1786 Lantsbut
694 1716 929 1804 predicationis
945 1717 1088 1785 ollrcium
1108 1737 1207 1786 exer-

68 1816 183 1905 cebat,
203 1823 236 1882 et
253 1817 441 1884 morabatur
466 1821 500 1886 in
519 1825 630 1885 castro
657 1835 731 1884 oum
757 1815 842 1884 duce
869 1816 1035 1906 prediolo,
1067 1819 1207 1905 cupiens

66 1934 145 1982 curn
163 1913 321 1983 inducere
340 1914 382 1982 ad
401 1915 631 1986 obedienciam
651 1916 803 2005 ecclesie,
823 1923 855 1983 et
875 1933 968 1984 suum
992 1934 1073 2001 erga
1092 1917 1206 1984 ecole-

66 2017 139 2084 sias
169 2021 203 2082 et
226 2016 348 2082 olerum
373 2017 516 2084 animum
543 2018 701 2102 mitigare.
737 2015 829 2082 Trrnc
855 2016 1048 2102 supervenit
1074 2015 1206 2102 quidam

66 2131 199 2201 pauper
217 2113 416 2204 rusticellus,
436 2133 591 2184 asserens
612 2133 648 2182 se
667 2115 700 2180 in
719 2121 817 2182 nocte
836 2113 991 2202 preterita
1009 2113 1085 2182 sesti
1099 2117 1207 2182 sancti

65 2213 257 2299 Myobuelis
283 2221 411 2302 raptum
437 2223 470 2283 et
496 2215 628 2282 ductum
653 2213 694 2280 ad
723 2214 863 2281 tribunal
889 2213 1000 2280 iudicii
1023 2213 1206 2304 cuiusdam,

66 2313 128 2379 ubi
146 2311 334 2380 audivisset
359 2319 392 2379 et
416 2313 559 2382 vidisset
586 2313 676 2400 quod
702 2312 744 2380 ad
763 2314 999 2400 querimoniam
1018 2320 1208 2380 sanctorum

67 2414 239 2480 sententia
265 2413 379 2480 mortis
404 2411 482 2480 data
506 2420 599 2482 esset
624 2414 658 2479 in
684 2410 838 2480 Ottonem
867 2411 984 2480 ducem
1016 2418 1049 2480 et
1075 2419 1206 2480 ceteros

63 2513 239 2599 principes
258 2513 349 2599 pacis
369 2510 556 2580 turbatores
583 2518 615 2580 et
633 2512 848 2578 ecelesiarum
865 2529 904 2579 ac
922 2529 1101 2599 paupemm
1124 2528 1206 2578 vas·

68 2618 210 2679 latores.
244 2608 427 2680 Asserebat
451 2615 554 2680 eciam
583 2611 673 2698 quod
701 2611 763 2678 sub
789 2629 876 2698 pena
904 2613 1016 2678 mortis
1042 2601 1206 2678 asanctis

68 2729 114 2801 ep
132 2717 227 2797 parte
248 2709 301 2797 dei
318 2709 380 2777 sibi
400 2719 493 2779 esset
509 2713 689 2778 iniunctum
708 2717 743 2777 ut
760 2711 823 2777 bec
841 2709 916 2776 duci
936 2714 969 2775 et
987 2710 1059 2776 aliis
1078 2710 1207 2796 princi-

66 2809 169 2897 pibus
195 2811 344 2877 nuntiare
372 2808 510 2878 deberet
518 2833 527 2898 ;
559 2810 699 2897 quodsi
724 2827 792 2876 non
818 2808 1043 2876 admitteretur
1069 2807 1207 2876 deberet

67 2909 145 2975 aliis
165 2909 351 2996 propalare.
369 2909 401 2975 Is
419 2909 520 2997 igitur
536 2910 712 2998 homullus
732 2927 805 2975 cum
821 2925 889 2974 non
907 2906 1026 2974 suisset
1040 2905 1206 2976 admissus

68 3007 114 3074 ad
130 3009 334 3095 presentiam
354 3007 466 3098 ducis,
491 3009 642 3098 predicto
662 3007 752 3075 tratri
772 3005 952 3074 Berbtoldo
974 3012 1006 3073 et
1032 3007 1106 3073 aliis
1131 3007 1207 3094 qui-

68 3107 213 3174 busdam
232 3107 310 3174 talia
329 3110 523 3194 propalavit.
557 3108 624 3175 Sed
650 3114 683 3175 et
708 3113 803 3174 sexto
832 3105 884 3172 die
904 3111 980 3173 aute
998 3105 1121 3174 obitum
1140 3105 1207 3173 dvr-

69 3208 120 3274 cis
146 3205 234 3273 idem
261 3206 360 3274 homo
385 3209 476 3274 tremit
502 3207 544 3274 ad
571 3207 808 3275 monasterium
831 3204 1033 3293 Altabense,
1068 3211 1101 3272 et
1126 3204 1209 3272 dixit

69 3305 266 3373 Hermanno
281 3305 392 3374 abbati
408 3314 441 3373 et
461 3302 599 3374 Alberto
616 3306 726 3374 abbati
745 3305 786 3372 de
808 3304 931 3371 llletem
948 3323 990 3371 ex
1009 3310 1102 3391 parto
1119 3303 1207 3372 illius

69 3404 205 3494 ludicii,
230 3403 320 3490 quod
344 3406 505 3491 quianon
526 3405 752 3474 admitteretur
774 3404 850 3470 talia
873 3402 1101 3491 manifestare,
1131 3401 1208 3468 dicti

70 3503 215 3571 abbates
247 3521 318 3570 cum
347 3502 501 3573 Heinrico
529 3505 649 3572 abbate
675 3503 716 3571 dc
738 3501 946 3589 Eberspercb
967 3500 1129 3568 deberent
1151 3502 1207 3566 in-

69 3606 185 3671 timare
202 3601 279 3670 duci
296 3609 483 3693 prenotato,
502 3603 672 3691 quodnisi
696 3604 798 3670 cicius
823 3607 988 3667 monetam
1005 3615 1123 3667 novom
1142 3599 1208 3667 de-

70 3709 214 3770 strueret
237 3707 270 3768 et
292 3704 504 3790 resipisceret
528 3722 546 3770 a
569 3703 747 3771 vexatione
777 3717 957 3789 pauperum
981 3707 1014 3767 et
1040 3699 1208 3767 ecclcsia-

69 3821 160 3888 rum,
181 3803 293 3868 mortis
312 3809 406 3870 esset
422 3805 455 3870 in
477 3803 569 3870 brevi
593 3803 792 3869 sententiam
816 3799 993 3866 subiturus.
1029 3797 1130 3865 Cuius
1155 3799 1208 3866 vi-

71 3902 181 3968 sionis
200 3899 375 3990 efficatiam
400 3901 592 3989 sepedictus
610 3901 693 3990 dux,
717 3900 933 3967 Innocentius
957 3916 1044 3986 papa
1058 3951 1067 3987 ,
1093 3898 1209 3965 Chun-

70 3999 174 4066 radus
189 4018 246 4068 rex
263 4007 297 4066 et
313 4001 368 4066 alii
382 4001 558 4090 principes
576 4017 636 4088 per
654 4005 789 4068 mortem
808 4000 1010 4084 insperatam
1031 4003 1108 4064 tuno
1127 3997 1208 4084 prob

71 4099 170 4166 dolor
188 4104 265 4165 sunt
285 4101 420 4187 experti.
447 4100 670 4166 Wenzeslaus
689 4100 785 4164 oliam
811 4116 869 4164 rex
886 4097 1082 4164 Boemorum
1107 4097 1208 4164 mori-

72 4199 169 4264 turin
185 4216 299 4266 mense
319 4199 506 4286 septembri.
534 4197 656 4266 Ottoue
669 4197 752 4264 drrce
772 4195 928 4264 defuncto
950 4195 1101 4264 dominus
1117 4194 1208 4262 Lud-

70 4301 199 4386 wicuS,
230 4295 383 4367 Heinrioc
409 4297 497 4366 tratri
524 4315 586 4366 suo
610 4299 642 4363 in
665 4297 813 4384 Ungaria
843 4296 1025 4382 existente,
1050 4312 1122 4360 oum
1147 4289 1208 4359 Al·
