2950 4836
269 250 339 316 512
652 275 824 322 uunururrus
847 276 1033 322 rurnuurrsrs.

184 428 252 484 raso
270 422 417 505 spectem
436 414 564 483 babens
590 413 631 482 de
650 413 829 503 adulterio,
853 420 931 482 tunc
953 415 987 481 im
1007 413 1164 483 Swevioo
1181 413 1305 484 Wcrde
1322 433 1396 484 ¹mo-

266 522 392 584 rantem
416 535 460 583 xv
488 515 551 582 hal.
576 513 731 581 februarii
759 510 842 602 [ian.
865 512 928 605 18]
952 515 1100 602 precepit
1119 513 1286 582 decollari
1320 517 1396 602 Ipso

265 633 381 683 mense
405 613 618 682 Bernhardus
649 612 716 680 dux
747 612 914 680 llarimtbie
944 612 1039 698 obiit,
1074 615 1126 681 cui
1160 614 1293 682 Ulricus
1318 615 1396 682 lilius

266 717 338 784 eius
359 712 518 782 succedit.
546 712 743 780 Wllhelmus
766 731 825 779 rex
849 712 1108 780 eodcmmense
1131 713 1167 779 im
1191 712 1312 780 Fresia
1331 732 1397 780 cum

266 815 414 882 exercitu
435 814 608 900 existens,
636 811 878 879 aFresonlbus
907 817 960 879 est
983 813 1128 896 occisus.
1180 809 1246 892 Qui
1271 813 1399 880 eumad

265 912 432 1000 quamdam
449 913 615 978 civitatem
633 909 783 978 eiusdem
796 912 966 998 provincie
981 912 1141 999 venisset,
1159 909 1264 978 fertur
1283 911 1400 979 ibidem

264 1013 437 1080 invenisse
455 1009 665 1098 sepulchrum
681 1027 783 1098 opere
805 1010 940 1078 mirilico
959 1015 1194 1077 constructum.
1228 1011 1272 1078 Et
1290 1009 1399 1078 duma

265 1111 394 1179 civibus
422 1115 593 1198 quereret,
629 1110 722 1176 ouius
749 1115 842 1176 esset
871 1109 936 1177 hoc
966 1109 1174 1196 sepulchrum
1203 1126 1318 1196 opere
1343 1118 1400 1178 tam

265 1217 462 1298 sumptuoso
479 1208 686 1296 decoratum,
716 1207 873 1276 dicebant
889 1207 978 1295 quod
999 1208 1147 1276 nondum
1163 1210 1350 1296 quisquam
1364 1210 1400 1276 ibi

265 1310 416 1396 sepultus
435 1313 545 1396 esset,
565 1306 626 1376 sed
645 1308 772 1394 antiqui
786 1314 896 1394 patres
915 1325 1028 1375 eorum
1046 1311 1302 1376 construxerint
1319 1309 1400 1397 illud,

264 1427 323 1496 per
344 1408 445 1474 latum
464 1411 734 1496 cognoscenteS,
761 1406 850 1493 quod
869 1409 902 1473 in
927 1406 1046 1474 eodem
1071 1407 1147 1474 loco
1171 1405 1320 1476 deberet
1340 1408 1401 1477 llo-

264 1525 433 1574 manorum
458 1524 572 1591 regum
597 1506 718 1592 aliquis
738 1507 897 1574 tumulari.
927 1505 1067 1573 Devicta
1092 1507 1207 1592 itaque
1232 1514 1267 1574 ct
1291 1509 1402 1576 subiu-

265 1611 345 1691 gata
363 1611 433 1672 tota
452 1606 575 1692 Fresia,
593 1623 666 1671 cum
678 1606 744 1671 iam
763 1607 984 1692 victoripsom
1001 1611 1118 1672 terram
1135 1606 1263 1696 exiret,
1290 1626 1312 1674 a
1332 1611 1402 1694 ‹prl-

264 1703 404 1772 busdam
432 1703 580 1790 fugitivis
612 1721 711 1770 secus
749 1707 834 1771 viam
867 1707 900 1771 in
931 1703 1152 1772 harundineto
1184 1704 1402 1796 latitantibus,

264 1802 459 1890 cuspidibus
474 1802 651 1891 occiditur,
672 1809 704 1869 11
723 1805 756 1869 10
774 1803 932 1891 predicto.
945 1803 1069 1870 tumulo
1084 1802 1126 1870 ab
1149 1802 1332 1891 indigenis
1352 1824 1403 1874 se-

263 1903 406 1992 pelitur,
419 1921 507 1970 anno
522 1903 617 1988 regni
636 1903 687 1970 sui
705 1919 805 1970 mono.

338 2002 510 2070 hl.co.l.vii.
535 2001 704 2089 Principes
731 2002 825 2088 regni
851 2019 911 2089 pro
946 2001 1104 2088 eligendo
1134 2021 1215 2089 rege
1250 2005 1322 2070 ianr
1352 2003 1404 2071 diu

263 2100 385 2170 habitis
410 2100 552 2168 diversis
578 2099 810 2189 conventibus,
830 2099 963 2168 tandem
990 2101 1198 2170 diffinitivum
1225 2103 1404 2171 electionis

264 2199 350 2268 diem
369 2202 402 2266 in
425 2206 545 2268 octava
563 2199 742 2286 epiphanie
763 2195 845 2289 [lan.
866 2196 929 2289 13]
950 2206 1136 2268 statuerunt
1157 2203 1191 2268 in
1208 2202 1405 2270 Framohen-

263 2298 327 2366 lmt
341 2297 585 2367 celebrandum.
612 2298 674 2366 Ubi
693 2297 769 2365 dum
788 2297 919 2385 quidam
939 2301 1199 2389 convenissent,
1226 2300 1406 2387 Mogonti-

264 2417 327 2465 nus
346 2405 378 2464 et
397 2397 609 2465 Colorriensls
635 2397 878 2485 archiepiscopi
906 2405 939 2464 11
955 2397 1137 2466 Ludvvlous
1162 2417 1280 2467 comes
1305 2401 1405 2488 pala—

264 2498 352 2564 tinus
370 2496 476 2564 llelrni
493 2515 532 2564 ac
557 2495 657 2564 trater
682 2514 764 2564 suus
783 2495 936 2564 dominus
960 2496 999 2562 H.
1019 2497 1086 2565 dux
1105 2499 1260 2566 Bawarie
1278 2501 1314 2566 in
1332 2498 1406 2586 lly-

264 2595 421 2664 cbardum
446 2594 576 2664 fratrem
605 2597 694 2681 regis
713 2594 833 2682 Anglie
859 2603 1099 2664 convenerunt.
1137 2599 1179 2664 Et
1205 2599 1339 2666 electus
1368 2599 1406 2666 ab

263 2697 347 2784 ipsis
367 2695 612 2782 subsequenter
629 2696 662 2761 im
680 2694 734 2762 die
756 2697 967 2763 ascensionis
987 2696 1109 2764 domini
1129 2691 1211 2786 [mai
1233 2695 1299 2789 15]
1328 2705 1406 2785 aput

262 2793 465 2881 Aquisgreni
483 2795 517 2862 in
535 2812 648 2880 regem
666 2795 800 2879 ungitur
818 2801 851 2862 et
867 2801 1021 2882 potenter
1033 2797 1066 2862 in
1085 2797 1179 2881 regni
1197 2796 1408 2864 1011000110-

264 2900 365 2960 catur.
392 2893 553 2962 Dominus
572 2899 681 2960 autern
701 2894 917 2961 l'reverensis
937 2897 1120 2983 episeopus
1139 2913 1214 2962 cum
1233 2896 1310 2963 aliis
1332 2899 1404 2983 qui-

263 2991 403 3060 busdam
421 2993 624 3080 principibus
645 2995 835 3060 consentire
859 2993 979 3060 nolens
998 2995 1156 3062 electioni
1174 2994 1348 3084 predicte,
1375 2997 1403 3061 in

264 3090 373 3157 media
391 3091 647 3176 quadragesima
668 3087 772 3180 [mdiu
789 3088 851 3182 18]
880 3091 983 3159 lrelus
1008 3093 1127 3160 litteris
1153 3101 1187 3160 01
1205 3095 1404 3162 auctoritate

263 3191 354 3274 regis
373 3189 519 3279 Boemie,
539 3189 633 3258 ducis
653 3191 814 3278 Saxonie,
837 3191 1060 3260 marchionum
1079 3192 1121 3259 dc
1139 3191 1404 3260 Branderrburch

264 3295 298 3355 et
315 3289 488 3356 multorum
513 3290 712 3378 principum,
745 3291 848 3376 clegit
873 3289 1040 3358 domimum
1058 3290 1270 3378 Alphonsum
1291 3311 1403 3378 regern

263 3387 455 3477 Hyspanie,
475 3390 530 3475 qui
557 3389 712 3456 electioni
738 3388 780 3456 de
806 3407 844 3456 sc
869 3388 956 3456 lacte
982 3393 1155 3458 consensit
1178 3409 1403 3477 persuasusa

263 3488 399 3574 regibus
424 3494 458 3555 et
482 3487 687 3576 principibus
714 3495 746 3556 11
770 3489 894 3556 amicis.
940 3488 1403 3576 PhplippusSalzburgensis

264 3587 389 3654 electus
408 3588 470 3654 iam
490 3604 549 3674 per
565 3585 680 3654 decem
701 3605 807 3655 annos
816 3641 825 3676 ,
841 3588 961 3656 nolens
982 3587 1129 3655 ordinem
1143 3589 1349 3676 presbyterii
1365 3603 1402 3654 ac

264 3687 491 3772 episcopalem
510 3687 682 3772 suscipere
701 3688 995 3772 consecrationem,
1016 3707 1032 3754 a
1053 3688 1187 3754 domino
1207 3686 1401 3755 Alexandro

232 3831 235 3839 .
263 3802 351 3871 0101
369 3783 561 3874 deponitur,
582 3791 615 3851 et
633 3785 763 3852 Ulrious
784 3785 1000 3854 Seccvvcnsis
1020 3789 1204 3874 episcopus
1232 3789 1263 3854 ei
1288 3790 1324 3854 im
1350 3806 1401 3853 ar-

264 3881 512 3970 chiepiscopum
541 3882 689 3952 eiusdem
709 3885 851 3952 ecclesie
871 3885 1080 3970 subrogatur.
1119 3886 1170 3952 lle
1189 3888 1286 3954 euius
1305 3886 1399 3954 electi

264 3980 452 4048 abiectione
478 3984 578 4050 multa
612 3983 687 4050 hinc
713 3989 746 4048 ct
764 3982 849 4050 inde
881 3979 1058 4052 litterarum
1088 3987 1181 4072 paria
1213 3987 1398 4069 evolarunt,

264 4098 400 4166 quorum
419 4081 472 4146 hio
491 4081 630 4167 quedam
650 4089 785 4168 propter
809 4083 885 4150 illos
913 4101 998 4170 quos
1022 4084 1099 4150 talia
1123 4085 1239 4167 legere
1259 4083 1400 4152 delectat

263 4180 387 4266 placuit
405 4182 571 4246 annotari:

338 4275 527 4343 Venerabili
554 4279 637 4364 patri
664 4278 717 4346 dei
742 4281 847 4364 gratia
875 4281 1064 4350 Pataviensi
1091 4283 1272 4372 episcopo,
1304 4282 1401 4354 irater
