2884 4834
381 249 544 296 curramus
566 249 604 295 os
626 249 791 296 susurrem.
1087 223 1150 290 tbi

41 396 98 459 estu
114 388 239 456 coloris·
253 388 446 457 suffocatus.
481 390 529 458 Ex
554 396 646 477 parte
663 407 744 456 vero
760 385 869 456 Adolii
885 389 980 476 periit
997 389 1152 458 dorninus
1173 399 1239 455 rate

40 491 68 556 le
81 489 236 575 lsinburg
252 489 358 575 ipsius
377 489 540 556 vexillifer
558 495 662 556 morte
685 486 841 576 predicta.

97 588 174 655 Post
192 587 256 654 heo
274 605 390 655 omnes
408 589 559 656 civitates
575 586 655 655 Reni
671 597 704 655 et
718 588 760 654 W
764 588 915 655 ettreiue
930 603 994 655 suo
1012 586 1076 654 sub
1093 586 1157 656 dc-

40 689 120 756 ninio
139 685 299 775 compulit
316 704 405 777 esse,
426 688 568 754 instituit
587 691 685 754 etiarn
704 685 889 755 advocatos
907 687 1157 774 provinciarum.

39 789 63 854 ln
85 785 295 874 Spirganwia
324 784 461 854 instituit
488 785 655 855 dominum
683 785 881 855 bridericunr
911 785 953 853 de
978 785 1155 875 biningen,

37 889 61 953 in
75 883 199 952 Alsetia
220 884 387 953 dominum
405 885 593 954 iohannem
611 884 653 952 de
666 885 903 976 Liebtenburg,
923 892 1013 952 trans
1031 883 1157 953 Renum

38 982 173 1052 tutonem
203 984 305 1052 lilium
336 984 458 1052 domini
483 982 615 1052 Ottonis
641 983 683 1052 de
708 981 929 1074 Obsenstein,
974 988 1029 1070 qui
1060 986 1158 1072 periit

37 1087 60 1150 in
75 1083 248 1173 conilictu,
277 1082 309 1150 in
330 1083 463 1151 Sweuia
482 1085 634 1152 comitem
653 1083 695 1151 dc
715 1083 945 1171 Wirtenbera,
968 1083 1002 1149 in
1022 1083 1157 1152 Suewiu

38 1184 181 1270 superiori
199 1183 354 1251 comitem
380 1181 422 1251 dc
451 1182 691 1268 Werrlenberg.
732 1182 772 1250 Et
805 1185 855 1250 sic
880 1179 1024 1271 provitlit
1051 1199 1156 1268 regno

37 1282 67 1347 le
93 1281 267 1350 aduocatis
293 1283 554 1371 prouinciarum,
590 1281 758 1349 destitutis
789 1281 962 1350 advocatis
992 1280 1156 1369 omnibus,

38 1399 105 1467 quus
129 1384 322 1448 instituerat
340 1380 492 1450 dominus
509 1380 654 1449 Adolius
672 1387 786 1470 antea,
814 1388 847 1449 et
864 1383 999 1450 retraxit
1016 1398 1155 1467 regumn

36 1479 235 1548 lenonibus
260 1487 294 1548 et
318 1481 400 1568 iugo
425 1481 670 1568 persecutionis
694 1482 801 1568 ipsius
828 1479 951 1549 domini
969 1477 1098 1568 Adolii,
1124 1487 1157 1546 et

37 1578 118 1646 subiit
135 1578 318 1647 dominium
336 1579 459 1647 domini
477 1576 604 1646 Alberti
622 1597 736 1646 suave.

94 1676 235 1758 Quidem
251 1696 331 1746 uero
358 1680 413 1766 qui
431 1680 588 1766 captivati
606 1677 750 1767 luerent,
775 1685 809 1745 et
831 1677 927 1765 quasi
945 1680 1094 1767 potiores
1114 1697 1155 1745 err

38 1777 87 1865 cis,
108 1785 289 1865 postquam
313 1777 440 1845 detenti
467 1776 599 1844 luerunt
618 1780 651 1844 in
674 1779 865 1865 captivitate
893 1778 1074 1846 retulerunt
1098 1779 1155 1845 in-

36 1877 203 1944 victissimo
224 1878 294 1962 regi
313 1876 447 1945 domino
466 1875 622 1944 videlicet
639 1873 777 1945 Alberto
804 1875 1005 1944 detestabile
1033 1885 1067 1944 et
1092 1895 1155 1944 ne-

38 1974 150 2043 landum
167 1977 395 2064 propositum,
414 1975 504 2063 quod
523 1975 676 2043 dominus
694 1973 837 2044 Adultus
855 1975 1025 2062 predictus
1044 1993 1154 2062 quon·-

36 2073 94 2140 ian
110 2093 168 2143 rex
184 2075 410 2145 Romanorum
435 2082 511 2142 ante
530 2074 717 2142 conlliotum
736 2081 954 2163 conceperat,
979 2080 1014 2142 et
1030 2092 1155 2162 propo-

37 2180 129 2240 suerat
144 2175 179 2242 in
199 2180 311 2242 mente
330 2191 390 2241 suo
400 2226 409 2262 ,
429 2181 462 2240 et
480 2173 569 2261 quod
589 2172 785 2261 quibusdam
803 2173 845 2241 de
864 2175 934 2241 suis
952 2173 1061 2242 retulit
1078 2181 1155 2241 ante

36 2273 217 2341 conitictom.
251 2272 458 2362 Conceperat
476 2274 578 2361 enim,
603 2280 638 2340 ut
656 2271 792 2362 dicitur,
818 2271 909 2360 qurud
934 2274 962 2340 si
989 2272 1156 2341 dominum

37 2367 188 2440 libertum
209 2391 322 2459 regern
339 2371 560 2440 Romanorum
586 2379 663 2439 tunc
681 2371 813 2460 quidem
839 2373 979 2440 electum
998 2373 1158 2440 evicisset

36 2470 63 2536 in
76 2469 169 2561 bello,
191 2471 281 2559 quod
300 2473 408 2560 ipsum
426 2472 530 2559 primo
549 2477 582 2538 et
598 2472 834 2560 principaliter,
852 2469 973 2540 deinde
990 2471 1157 2539 dominum

38 2568 209 2639 Conradum
224 2577 257 2639 et
272 2569 438 2638 dominum
452 2569 641 2637 Heinricum
657 2567 949 2638 constantiensem
964 2572 1157 2658 episcopum

38 2669 125 2736 uoluit
140 2677 177 2737 ot
196 2671 277 2756 igne
296 2676 528 2757 cremarentur,
547 2667 652 2737 duces
670 2686 751 2737 vero
770 2676 804 2736 et
822 2670 978 2757 comites,
1011 2670 1158 2756 quicum

38 2767 97 2853 ipso
114 2769 249 2837 domino
267 2765 404 2836 Alberto
423 2767 572 2858 ederant,
590 2768 697 2836 voluit
714 2767 878 2856 capitibus
898 2766 1060 2855 trucidari,
1079 2767 1158 2834 reli·

38 2883 107 2949 quus
124 2885 243 2936 omnes
262 2868 380 2935 milites
399 2873 433 2934 et
445 2867 576 2935 nobiles
593 2869 626 2934 in
646 2866 761 2934 caudis
777 2885 935 2954 equorum
952 2866 1048 2955 trabi,
1067 2865 1158 2954 quod

40 2969 129 3034 tanen
144 2967 302 3035 dominus
321 2965 635 3054 deusomnipotens
654 2983 696 3034 ne
715 2966 780 3034 hoc
795 2965 888 3034 lieret
905 2982 1003 3032 secus
1023 2964 1158 3033 ordina-

40 3064 83 3150 vit,
100 3069 222 3155 quippe
241 3067 318 3152 qrria
337 3067 392 3152 qui
417 3067 560 3136 vincere.
571 3073 604 3132 et
621 3067 766 3153 pessima
789 3068 822 3132 in
842 3067 932 3132 viros
952 3064 1157 3132 reverendos

41 3164 278 3252 nautrinaverat,
298 3165 404 3231 victus
423 3162 609 3252 succubuit,
627 3171 664 3231 ut
681 3166 845 3232 veraciter
862 3163 1059 3252 probaretur
1076 3181 1159 3232 ver-

41 3257 100 3328 bun
118 3264 308 3332 Salomonis
327 3262 484 3332 dicentis:
502 3267 579 3329 oute
595 3265 728 3331 ruinam
742 3263 946 3330 ecoltobttur
963 3281 1023 3330 eor
1035 3269 1068 3331 et
1083 3267 1160 3329 oute
1187 3327 1192 3338 ,

41 3357 164 3440 plurium
181 3361 382 3430 humiliatur.
486 3348 490 3362 “
669 3417 673 3424 .

100 3460 225 3530 Dicitur
242 3461 402 3529 relatione
425 3461 521 3548 quasi
539 3459 703 3549 ueridica,
735 3459 824 3548 quod
844 3460 997 3528 dominus
1016 3459 1159 3527 Gerbar-

43 3553 90 3624 lus
107 3567 220 3628 sancto
239 3559 512 3645 llloguntinensis
530 3557 621 3628 sedis
639 3559 910 3647 archiepiscopus
920 3611 929 3647 ,
957 3558 999 3626 de
1020 3558 1159 3646 Eppen-

44 3658 111 3724 stein
130 3657 303 3746 oriundus,
323 3656 365 3725 arl
376 3659 691 3727 cuiusvccationem
706 3659 829 3745 pariter
845 3657 1160 3744 ‹er-procurationem

45 3750 178 3826 doninus
197 3756 354 3826 ⁴ilbertus
373 3757 593 3824 Romanorum
619 3773 676 3824 rex
703 3757 764 3824 luit
783 3764 960 3845 evocatus,
988 3773 1055 3822 non
1074 3755 1160 3823 bene

45 3867 72 3917 se
88 3859 222 3924 tenuerit
241 3861 306 3922 tam
324 3857 412 3924 circa
429 3856 649 3944 promotionis
668 3855 877 3946 electionem,
897 3873 993 3942 quarn
1012 3855 1110 3922 etiarn
1127 3855 1161 3922 in

46 3955 192 4044 conilictu,
212 3961 245 4022 et
263 3961 372 4022 tanuen
391 3953 521 4022 demum
536 3953 614 4022 iecit
627 3953 669 4022 de
684 3955 888 4024 necessitate
903 3957 1063 4022 virtutem.
1092 3955 1162 4022 llo·

45 4051 133 4120 ninus
151 4071 231 4122 vero
251 4051 425 4122 Conrados
443 4050 700 4138 argentinensis
720 4055 899 4142 episcopos
918 4071 986 4121 non
1006 4055 1055 4121 sio
1073 4052 1161 4141 lecit,

47 4148 93 4216 sed
109 4153 261 4240 exposuit
278 4169 400 4239 corpus
420 4159 454 4220 et
476 4169 547 4242 res,
567 4169 664 4240 quarn
694 4159 875 4240 prepotens
900 4169 974 4220 oum
1004 4159 1074 4221 tota
1100 4169 1161 4221 sua

47 4243 166 4331 dyocesi
185 4257 219 4319 et
236 4251 369 4318 civitate
388 4249 625 4336 Argentinensi
645 4249 865 4340 subrogabat,
885 4256 918 4320 et
934 4249 1162 4340 perseveravit
