2890 4832
385 279 423 322 rr
445 275 612 323 conrnune
633 275 815 322 coloniensi.
1097 248 1163 318 351

112 413 196 482 ltem
214 417 289 504 ipso
307 431 395 482 anno
414 411 493 482 Otto
510 413 785 483 lllonasteriensis
804 411 1165 502 episcopusColoniam
1184 425 1249 480 rara

43 515 182 581 veniens
202 533 220 582 a
238 513 436 601 quibusdam
453 513 639 581 fautoribus
651 514 855 600 imperatoris
871 514 997 601 capitur
1014 521 1047 582 et
1064 515 1169 582 Wer-

43 611 127 680 dene
156 615 279 681 missus
303 615 399 682 iussu
424 614 531 700 ipsius
556 613 698 681 vinculis
721 613 936 700 mancipatur.
962 610 1170 702 Quapropter

43 712 161 778 civitas
180 731 200 778 a
218 711 338 780 Sitrido
363 710 455 779 sedis
473 711 620 780 Romane
639 712 755 797 legato
774 713 1091 802 excommunicatur,
1115 712 1169 780 di-

44 812 190 897 vinaquc
213 810 323 878 cilicia
338 812 371 877 in
394 811 547 879 ecclesiis
564 809 723 878 celebrari
741 809 964 898 prohibentur.

113 907 216 977 Anno
243 909 366 978 domini
391 910 573 976 mccxliii.
598 908 739 977 domnus
762 927 849 997 papa
874 909 994 978 dolens
1019 916 1169 978 sanctam

43 1012 163 1076 terram
193 1013 284 1076 lanto
319 1016 467 1097 temporo
498 1008 560 1075 sub
591 1014 760 1094 potestate
789 1014 823 1076 et
844 1006 984 1076 ludibrio
1011 1026 1169 1096 pagano-

42 1125 109 1172 rum
133 1109 363 1196 constitutam,
393 1108 503 1175 missis
527 1108 646 1174 litteris
671 1109 742 1175 suis
760 1124 820 1194 per
837 1124 952 1175 omnes
971 1105 1054 1174 lines
1074 1107 1169 1176 Cbrl-

43 1207 226 1274 stianorum
259 1205 427 1292 quoslibet
456 1205 600 1274 idoneos
631 1207 808 1291 magistros
833 1204 1006 1293 predicare
1038 1224 1170 1274 crucem

41 1306 191 1392 precipit.
217 1304 313 1373 Unde
336 1323 396 1392 per
417 1305 570 1372 diversas
593 1305 782 1393 provincias
807 1303 1054 1372 innumerabilis
1084 1307 1169 1373 mul-

42 1403 146 1470 titudo
170 1421 230 1492 pro
257 1421 368 1472 amore
394 1403 516 1472 Christi
540 1409 574 1471 ct
597 1403 793 1470 liberatione
820 1409 937 1470 sancte
962 1408 1047 1472 terre
1072 1421 1169 1473 cruce

40 1520 73 1568 se
93 1504 221 1587 signat.

113 1601 245 1668 Eodem
271 1618 360 1670 anno
385 1599 463 1670 Otto
490 1602 667 1690 imperator
691 1607 810 1668 terram
838 1602 966 1669 comitis
996 1600 1038 1670 de
1060 1601 1169 1670 Gelrin

41 1701 119 1784 igne
148 1707 182 1767 et
209 1700 294 1768 ferro
319 1705 439 1768 vastat.
466 1700 560 1768 Circa
577 1701 689 1768 iulium
708 1701 811 1768 eclam
830 1718 981 1768 mensem
998 1699 1086 1768 idem
1103 1703 1169 1768 im-

42 1805 176 1885 perator
199 1817 270 1867 cum
296 1801 415 1868 comite
433 1798 584 1867 Flandrie
601 1798 769 1866 Ferrando
788 1804 821 1864 et
838 1797 922 1866 duee
940 1800 1117 1867 Brabantie
1137 1805 1170 1868 et

42 1897 181 1982 plurimo
208 1899 356 1965 exercitu
379 1904 494 1966 contra
515 1916 629 1984 regem
651 1897 754 1965 Gallie
781 1895 823 1963 ad
842 1897 966 1965 bellum
984 1898 1169 1986 proficisci·

42 2001 101 2063 tur.
128 1997 194 2064 Ubi
211 1998 301 2064 iuxta
327 1996 513 2066 Tornacum
532 1997 635 2084 prelio
658 1997 835 2064 commisso
856 2014 914 2063 rex
936 1997 1039 2064 Gallie
1057 1998 1169 2065 victo-

42 2096 120 2160 riam
146 2095 297 2162 obtinuit.
324 2095 511 2164 Ferrandus
530 2114 604 2162 cum
625 2095 773 2184 pluribus
794 2095 960 2162 nobilibus
984 2101 1048 2162 tam
1065 2095 1167 2164 Flan-

42 2191 109 2260 drie
130 2212 229 2280 quam
247 2194 461 2282 lotharingie
479 2195 601 2262 ibidem
619 2195 756 2283 capitur,
776 2197 809 2258 et
823 2193 968 2261 Parisios
987 2196 1080 2262 missi
1093 2197 1168 2263 vin-

40 2293 121 2360 culis
141 2294 378 2381 mancipantur.

114 2391 197 2478 lpso
225 2394 327 2459 eciam
352 2397 499 2479 tempore
524 2391 709 2459 Friderlcus
727 2407 787 2458 rex
805 2391 916 2458 Sicilie
935 2409 1008 2459 cum
1026 2392 1168 2460 validis·

43 2489 126 2557 simo
154 2493 300 2558 exercitu
325 2490 501 2559 Mosellam
527 2491 677 2558 transivit
685 2541 695 2578 ,
721 2494 755 2557 et
775 2495 901 2557 terrore
921 2509 982 2558 suo
1002 2491 1170 2577 quoslibet

42 2587 175 2656 nobiles
194 2595 277 2657 terre
294 2590 380 2658 illius
398 2588 440 2657 ad
459 2589 608 2657 savorem
631 2601 726 2656 suum
745 2589 926 2656 inclinavit.
953 2588 1082 2656 Deinde
1092 2589 1169 2656 Mo-

44 2703 114 2754 sam
141 2689 306 2756 transiens
337 2689 454 2756 ducem
475 2688 652 2756 Brabantie
675 2688 783 2775 peciit.
815 2685 877 2767 Qui
901 2688 1001 2755 celeri
1023 2685 1168 2755 adventu

44 2787 116 2852 eius
136 2787 267 2854 territus
287 2789 428 2875 supplex
446 2787 488 2855 ad
507 2806 582 2855 eum
599 2788 706 2875 verrit,
730 2784 920 2853 fidelitatem
937 2787 1097 2875 promisit,
1115 2787 1169 2854 in-

45 2901 147 2973 super
165 2885 264 2953 lilium
283 2904 376 2954 suum
396 2892 429 2954 et
446 2886 531 2953 alios
550 2886 681 2955 nobiles
699 2885 789 2952 viros
814 2883 952 2954 obsides
971 2883 1071 2952 dedit.

119 2983 202 3051 llem
225 2986 301 3072 ipso
323 3002 411 3052 anno
428 2986 458 3051 ii.
477 3003 554 3052 non.
568 2987 674 3053 martii
691 2988 821 3051 cometa
838 2983 935 3051 stella
952 2985 1119 3074 apparuit,
1139 2990 1172 3052 ct

44 3083 99 3149 xvi
116 3082 183 3150 kal.
202 3085 314 3171 aprilis
333 3084 467 3170 eclipsis
485 3083 563 3151 lune
581 3083 651 3152 luit.

119 3179 218 3250 Anno
237 3181 359 3250 domini
379 3200 529 3250 m.cc.x.v.
548 3181 733 3253 Fridorious
756 3202 815 3253 rex
832 3183 920 3273 apud
937 3180 1170 3252 Andemacum

47 3279 247 3366 colloquium
275 3281 338 3348 kal.
366 3282 442 3348 maii
467 3301 538 3349 cum
560 3281 728 3352 nobilibus
751 3289 835 3351 terre
859 3283 947 3351 illius
965 3282 1096 3372 babuit,
1115 3281 1171 3348 ubi

49 3375 114 3444 dux
127 3379 278 3447 Baioarie
298 3385 331 3446 et
348 3381 477 3468 plurimi
495 3379 625 3448 nobiles
650 3399 746 3450 cruce
765 3383 947 3467 signantur.

122 3475 199 3546 Otto
219 3479 330 3566 itaque
353 3479 530 3566 imperator
555 3477 693 3548 Colonia
717 3480 773 3548 diu
799 3498 873 3547 oum
894 3495 999 3547 uxore
1018 3490 1170 3545 commo-

48 3580 138 3641 ratus
158 3583 190 3644 et
208 3577 249 3644 ab
277 3577 429 3645 omnibus
452 3577 647 3668 derelictus,
671 3597 742 3647 cum
765 3579 872 3646 nullas
888 3594 1006 3666 preces
1023 3594 1083 3663 pro
1105 3576 1169 3643 ab·

50 3672 214 3742 solutione
235 3677 384 3764 episcopi
407 3693 504 3764 quem
522 3677 692 3745 Werdene
716 3684 846 3765 captum
865 3676 999 3744 tenebat
1015 3673 1170 3742 admitte-

50 3776 116 3859 ret,
133 3772 274 3842 Adollus
294 3793 406 3843 comes
424 3775 465 3843 de
483 3775 600 3843 Monte
618 3777 725 3864 ipsum
748 3781 890 3843 castrum
910 3791 976 3862 quo
995 3773 1171 3842 tenebatur

50 3869 187 3939 obsedit.
216 3871 313 3954 Quod
337 3873 414 3941 dum
436 3891 495 3962 per
514 3876 672 3963 plurimos
695 3874 767 3943 dies
781 3876 990 3962 impugnaret
1008 3878 1041 3940 et
1057 3892 1168 3961 parum

51 3969 230 4061 proiceret,
249 3971 383 4040 tandem
400 3971 621 4061 perfossores
634 3975 791 4041 maximas
808 3974 1001 4040 cavationes
1020 3991 1080 4060 per
1094 3971 1170 4040 lun·

54 4065 233 4139 dementum
251 4071 348 4140 turris
362 4071 501 4162 iaciens,
519 4073 613 4160 ipsos
628 4071 825 4140 delensores
845 4073 941 4139 castri
958 4073 990 4137 in
1010 4070 1170 4158 despera-

56 4165 169 4234 tionem
196 4169 335 4238 induxit.
369 4167 431 4250 Qui
456 4173 657 4238 necessitate
681 4172 844 4258 compulsi
876 4173 1069 4259 episcopum
1097 4188 1168 4236 cum

52 4262 122 4348 ipso
141 4275 247 4337 rastro
266 4267 478 4359 tradiderunt,
497 4269 633 4337 liberum
652 4287 821 4338 recessum
838 4287 910 4337 curn
927 4271 997 4338 suis
1017 4267 1169 4335 omnibus
