2886 4834
287 185 335 254 st
654 214 817 262 canonicor
839 197 1055 262 concinnam

203 360 271 414 ress
362 350 512 421 Audiens
530 353 593 420 lrec
611 371 725 421 comes
742 354 976 443 Phirretarum‚
1007 352 1133 441 imperii
1157 351 1310 418 civitates
1335 364 1412 414 con-

285 453 429 543 vocavit,
449 458 482 520 ct
500 453 597 519 villas
616 471 689 521 cum
709 453 851 521 vallibus
882 451 1140 540 Argentinensis
1167 448 1319 537 episcopi
1346 463 1410 512 cum
1430 517 1431 534 ἶ

285 552 394 618 multis
414 551 556 620 millibus
576 551 775 619 devastavit.
814 551 942 620 Vallem
962 551 1170 620 Sultzmattin
1188 547 1260 634 igni
1278 544 1410 612 tradidit.
1430 547 1431 602 l

285 647 322 718 ln
341 650 429 718 testo
448 651 614 718 Valentini
641 651 737 718 etiam
762 651 983 738 burggrarius
1010 657 1153 720 castrum
1181 647 1329 715 suumin
1347 647 1409 711 eius
1430 655 1431 700 l

285 748 418 818 tradidit
435 755 647 839 potestatem.
688 749 895 819 cemiterium
919 751 952 818 in
972 749 1180 818 Gebiliswire
1206 745 1368 814 destruxit
1384 749 1431 810 etr

285 851 397 916 vinum
416 868 458 917 ex
474 850 567 916 uasis
593 847 726 940 elladii,
755 856 790 918 ct
817 851 1017 917 cemiterium
1036 848 1211 916 Morsvilrc
1237 851 1272 912 et
1297 843 1431 910 Chiis-r

286 947 388 1016 bolen
406 948 578 1018 destruxit.
615 947 714 1016 Cives
741 966 822 1016 vero
848 950 881 1014 in
900 949 1094 1033 Eginsheim
1113 945 1308 1015 suburbium
1327 959 1409 1008 suum
1430 955 1431 998 r

285 1048 453 1136 proprium
472 1053 684 1115 exusserunt.
722 1047 921 1115 Suburbium
939 1048 1075 1115 rubeum
1094 1045 1309 1114 Rubiacense
1327 1041 1409 1109 dele·
1430 1055 1431 1098 r

284 1148 342 1237 uit,
361 1154 394 1214 ct
412 1147 521 1214 villam
537 1147 708 1214 Suntheim
727 1153 760 1214 ct
777 1145 909 1215 domum
928 1145 1134 1214 dominorum
1149 1144 1190 1212 de
1210 1143 1313 1210 domo
1330 1141 1407 1208 Peu—
1430 1153 1431 1199 t

286 1247 413 1335 tonica,
437 1246 563 1314 scilicet
580 1245 757 1334 hospitium
777 1244 929 1315 advocati
955 1247 1101 1335 imperii,
1124 1243 1282 1312 bubones
1299 1241 1407 1308 inccn-
1430 1253 1431 1298 r

287 1344 405 1414 derunt
438 1351 472 1412 ct
501 1363 521 1412 a
553 1347 622 1414 suis
656 1343 837 1413 defendere
864 1363 932 1414 non
967 1343 1132 1412 valebant.
1176 1342 1260 1410 Post
1288 1339 1348 1408 hcc
1374 1339 1431 1406 adr

286 1453 436 1514 sanctam
455 1443 591 1512 Crucem
609 1449 834 1535 perrexerunt,
853 1444 979 1531 sylvam
997 1442 1208 1532 prociderunt
1227 1445 1263 1508 et
1280 1445 1408 1508 castmm
1430 1481 1431 1496 i

288 1561 361 1610 cum
380 1542 587 1612 multitudine
614 1543 780 1611 bominum
799 1541 1001 1612 obsiderunt.
1037 1543 1118 1610 Post
1135 1539 1322 1608 Triburium
1347 1545 1407 1605 tur·
1430 1552 1431 1596 r

288 1644 345 1709 rim
371 1643 515 1730 ligneam
541 1643 639 1710 altam
664 1643 814 1711 lecerunt
840 1649 873 1709 et
903 1639 945 1710 ad
968 1640 1130 1709 fossatum
1161 1657 1235 1708 cum
1262 1638 1407 1706 violentia
1430 1653 1431 1696 r

286 1747 527 1832 pertraxerunt.
570 1740 733 1810 Videntes
758 1743 932 1832 interiores
960 1739 1050 1828 quod
1076 1747 1220 1808 castrum
1240 1735 1406 1805 defendere

287 1841 534 1930 convalerent,
554 1848 695 1909 castrum
716 1858 789 1908 cum
812 1837 1009 1928 quibusdam
1028 1837 1279 1908 conditionibus
1297 1836 1406 1905 volun-

288 1943 369 2008 tarie
388 1938 604 2008 tradiderunt.
647 1939 727 2008 Post
753 1940 816 2008 lrec
841 1940 1021 2027 episcopus
1039 1935 1300 2025 Argentinensis
1318 1935 1406 2002 intel·
1430 1965 1431 1996 1

286 2039 367 2110 lexit
383 2042 417 2107 in
435 2037 626 2108 Rodisbeim
645 2045 748 2122 ortam
773 2037 986 2126 seditionem,
1018 2039 1111 2105 venit
1134 2055 1206 2104 cum
1231 2033 1405 2102 bominibus
1430 2050 1431 2092 r

287 2139 330 2207 ad
347 2157 446 2207 unam
462 2145 601 2230 portam,
621 2144 654 2206 ct
671 2157 738 2207 una
751 2139 895 2227 partium
914 2134 1046 2204 tradidit
1063 2136 1125 2204 sibi
1144 2137 1321 2205 civitatem.
1430 2151 1431 2180 r

288 2371 339 2439 De
361 2367 594 2456 reprobatione
617 2367 724 2450 Adolfi
746 2369 835 2455 repis
860 2373 893 2435 et
925 2369 965 2436 de
989 2367 1146 2436 electione
1172 2369 1268 2435 ducis
1292 2367 1404 2435 Austris

385 2472 547 2555 inrepere
564 2465 796 2535 Romanorum.
865 2547 866 2550 Ἴ
1430 2551 1431 2590 1

328 2613 330 2618 ’
363 2615 503 2698 Quidam
520 2635 562 2708 ex
579 2618 783 2706 principibus
807 2618 986 2686 electorum
1000 2619 1102 2708 regis,
1120 2617 1252 2685 scilicet
1266 2615 1402 2684 dominus

288 2716 506 2802 Maguntinus
524 2723 558 2784 et
579 2715 646 2784 dux
663 2715 809 2785 Saxonis
826 2723 859 2784 et
881 2716 948 2785 dux
963 2716 1005 2784 de
1021 2716 1278 2805 Brcndcnburo,
1300 2715 1402 2784 viden·
1430 2743 1431 2760 r

289 2821 340 2884 tes
362 2816 453 2902 quod
468 2814 609 2883 Adolius
630 2833 688 2883 rcx
702 2814 923 2884 Romanorum
947 2815 1052 2884 nollet
1075 2833 1213 2902 regnum
1235 2813 1401 2882 secundum
1430 2839 1431 2908 p

289 2930 403 2982 eorum
427 2931 545 3000 regere
569 2913 792 3004 voluntatem,
817 2916 926 2983 taliter
948 2915 1012 2981 sibi
1041 2921 1153 2982 mutuo
1177 2914 1401 3000 loquebantur
1430 2925 1431 2994 r

288 3011 429 3095 Adclsus
445 3029 508 3079 reu
516 3029 649 3098 pauper
666 3017 717 3080 est
731 3015 765 3080 in
781 3013 880 3081 rebus
892 3015 1024 3099 puriter
1040 3019 1073 3080 et
1085 3013 1208 3096 umus,
1222 3013 1340 3081 stultus
1355 3013 1401 3090 ert,

164 3171 168 3176 .
288 3127 426 3196 repnnnr
448 3110 508 3178 sud
530 3129 569 3178 eo
593 3110 733 3178 beuiter
752 3111 880 3193 deiciet
900 3115 934 3180 in
951 3113 1070 3180 diuitiis
1093 3117 1126 3179 et
1149 3111 1283 3178 tencre.
1325 3111 1401 3177 lunc

288 3227 376 3276 unus
395 3227 506 3277 eorum
521 3211 616 3278 dixit:
634 3211 778 3278 Necesse
793 3217 845 3278 est
864 3213 933 3278 eius
950 3212 1070 3279 solutio
1085 3215 1295 3296 procuretur.
1325 3209 1400 3277 Alter

289 3307 385 3376 dixit:
417 3308 585 3376 Mittomus
604 3309 678 3376 duci
695 3309 826 3378 Austrie
842 3310 989 3394 desectus
1005 3312 1118 3396 repis„
1133 3315 1293 3396 repentes
1313 3313 1347 3386 ut
1366 3303 1402 3372 ud

289 3411 416 3476 curtem
438 3410 569 3475 nuntios
592 3411 713 3490 mittut,
737 3409 853 3476 literas
877 3412 1013 3476 nostros
1033 3427 1107 3476 cum
1129 3408 1309 3493 defectibus
1327 3405 1400 3490 repit

289 3525 400 3575 secum
416 3507 562 3591 deserat,
595 3509 664 3574 nus
680 3505 916 3576 absolutionem
935 3511 1131 3593 memorent
1146 3508 1336 3594 dilipenter;
1357 3504 1398 3568 di-

279 3609 386 3673 'cutur
400 3607 504 3672 cuiun
519 3605 612 3688 duci,
637 3606 726 3689 quod
738 3610 775 3672 ut
787 3625 851 3674 rec
867 3610 980 3674 noster
995 3607 1161 3690 sinuntur
1174 3623 1287 3674 ornum
1297 3607 1328 3672 in
1341 3618 1399 3670 cum

284 3707 416 3788 puriter
450 3705 676 3772 consentimus.
716 3706 844 3774 'l'ertius
879 3705 973 3774 dixit:
1005 3705 1129 3773 Sanum
1157 3705 1220 3776 troc
1236 3703 1397 3772 cominu

288 3801 394 3870 subito
426 3803 639 3888 conspicetur.
670 3803 837 3892 Principes
868 3804 913 3872 bii
948 3804 1025 3872 duci
1051 3802 1184 3872 Austris
1215 3805 1396 3872 voluntatem

289 3917 383 3967 suam
403 3901 513 3968 subito
532 3903 788 3970 transmiserunt.
813 3903 889 3971 Dux
906 3901 1038 3972 Austris
1056 3903 1158 3970 literis
1183 3903 1235 3970 bis
1261 3919 1299 3970 ao
1323 3917 1395 3968 nun-

289 3999 343 4065 tiis
361 3999 442 4066 visis
461 4001 599 4085 gavisus
619 4006 670 4068 est
687 4001 794 4069 valde.

153 4095 157 4106 “
364 4097 444 4166 Post
466 4099 529 4166 hec
550 4100 637 4166 misit
663 4099 729 4168 dux
744 4097 876 4169 bustric
900 4107 1047 4186 cognato
1071 4118 1133 4170 suo
1151 4099 1284 4170 domino
1306 4092 1395 4162 comiti

291 4195 332 4263 de
351 4195 533 4282 Hegirlocb
558 4197 670 4266 literas
692 4215 732 4266 ac
756 4201 909 4289 nuntios,
926 4200 1089 4268 mandans
1108 4201 1172 4268 sibi
1191 4204 1347 4286 nucleum
1364 4188 1395 4258 ad
