2878 4834
412 231 605 286 musenius
625 233 819 286 uoauumuus.
1106 213 1177 284 263

57 375 119 444 aius
139 373 350 464 peremtione,
377 389 536 444 muerane
563 373 605 444 ab
632 391 711 444 aura
732 391 841 462 usque
866 374 910 446 ud
931 394 1045 448 aurem
1067 397 1172 468 supe-

57 474 163 544 riorem
185 478 314 562 partem
338 473 455 560 eapitis
480 471 524 544 ad
547 472 685 543 inferius
704 472 825 544 divisit.
852 472 974 562 sieque
989 485 1097 548 aetum
1114 487 1176 570 est,

55 579 84 642 ut
102 571 156 642 alii
178 573 307 662 euntis,
326 572 381 644 ulit
402 570 563 662 insonus,
581 573 637 644 aiii
662 571 803 663 gladiis,
822 573 878 642 alii
895 573 1061 664 lapidibus
1084 596 1178 646 mae-

54 678 171 763 tmtes‚
189 673 266 742 solo
285 677 382 742 teuus
401 672 646 760 precipitaront
670 671 837 742 laoeotem
854 672 904 742 sie
927 682 961 742 et
981 675 1175 746 uulneribus

55 778 80 838 at
102 773 269 858 sanguine
288 769 520 860 deformatum,
539 770 663 856 uulgus
682 776 879 858 sequemet
900 789 1094 860 perversum
1112 794 1175 845 ve-

54 871 148 940 stihus
166 870 371 960 spoliarunt,
390 868 526 957 quidam
540 869 661 940 anulos
677 868 719 938 de
735 868 848 955 digitis
868 871 1090 942 abstulerunt.
1108 873 1176 942 Re·

53 968 140 1058 liquie
162 969 309 1058 quedam
333 986 416 1056 quas
437 969 526 1040 oolla
550 967 739 1058 pendentes
759 967 879 1038 solitus
907 978 978 1041 erat
1007 972 1107 1063 terre,
1133 974 1176 1042 ah

52 1069 113 1137 diis
129 1075 210 1138 suot
228 1069 348 1140 ahiate.
363 1066 438 1139 Heo
453 1074 563 1138 autem
577 1069 665 1138 eirea
679 1066 793 1138 horam
808 1085 948 1160 nonam,
968 1089 1083 1160 parum
1098 1080 1175 1140 anto

15 1177 17 1234 J
52 1186 221 1258 vesperas,
243 1174 323 1238 suut
344 1174 488 1256 peraeta.
515 1166 585 1258 Neo
601 1172 758 1256 poterant
775 1166 885 1238 olorioi
903 1170 945 1240 ah
963 1172 1047 1258 ipsis
1066 1171 1176 1240 male-

51 1267 223 1338 laetorihus
248 1268 460 1354 mipaatenas
485 1266 652 1354 obtinere,
678 1271 715 1334 ut
739 1264 857 1334 saltem
883 1271 1019 1337 oeeisus
1043 1270 1078 1338 io
1096 1271 1174 1339 looo

51 1367 226 1435 traderetur
243 1365 355 1436 dehito
373 1367 556 1454 sepulture.
574 1364 634 1436 Sie
645 1381 728 1451 ergo
741 1363 874 1434 iaeehat
888 1366 923 1436 io
937 1386 1054 1456 eampo
1073 1388 1175 1458 super

50 1465 166 1536 iussam
190 1467 351 1554 eivitatis,
369 1465 426 1536 uhi
443 1483 561 1536 aunum
580 1471 614 1532 et
629 1464 781 1554 luporum
799 1469 960 1536 transitus
977 1467 1173 1558 habebatur,

50 1564 275 1636 desiderantes
299 1583 375 1636 eum
400 1571 436 1634 at
460 1563 503 1634 ab
520 1562 708 1634 huiusmodi
730 1563 849 1633 hestiis
867 1561 1028 1635 deuorari
1055 1567 1173 1636 Tribus

49 1665 157 1734 diehos
178 1667 228 1733 sie
244 1664 354 1734 nudus
374 1669 444 1734 toto
462 1680 602 1752 corpore
617 1679 767 1751 muneras,
787 1661 926 1736 veniunt
940 1665 1050 1752 alique
1068 1667 1175 1735 mala-

49 1764 125 1834 diete
142 1765 278 1854 lemine,
296 1781 470 1834 esseorum
488 1767 522 1832 ot
538 1779 679 1832 ovorum
696 1767 796 1848 atoue
815 1760 941 1834 olerum
958 1763 1173 1855 venditriees‚

49 1867 271 1953 ueraauioes,
294 1863 501 1952 meretriees,
528 1863 687 1946 saxisque
714 1859 835 1930 dentes
859 1863 1028 1948 pontilicis
1051 1871 1173 1932 eontu-

49 1963 166 2034 derunt
190 1963 269 2032 Alie
286 1979 368 2030 uero
386 1962 515 2050 stipites
534 1960 690 2030 ardentes
709 1964 744 2028 et
759 1960 896 2032 titiones
915 1963 1080 2032 fumantes
1100 1965 1172 2034 eius

48 2065 162 2149 gutturi
191 2061 388 2151 ratramne,
415 2059 611 2130 adiiaientes
640 2059 765 2145 linguis
796 2065 830 2128 et
858 2059 957 2132 lahiis
987 2063 1172 2132 maledieta.

34 2162 118 2246 ¹Post
133 2161 222 2230 dam
240 2163 369 2230 tertium
387 2161 538 2230 eauooiei
561 2163 679 2230 sauata
702 2157 806 2228 llario
825 2157 868 2228 ad
886 2160 1011 2249 gradus
1029 2162 1092 2230 iam
1112 2163 1169 2230 in-

46 2261 300 2348 oognoseihilem
331 2266 365 2328 et
396 2259 554 2328 letantem
563 2311 573 2349 ,
606 2256 715 2328 lurtim
747 2257 930 2352 sublatum,
960 2259 1113 2331 deiemnt
1137 2264 1172 2330 in

47 2361 143 2449 ipsam
162 2360 339 2433 eoelesiam
356 2358 577 2447 lachrymosis
597 2357 748 2447 suspiriis
771 2358 978 2446 sepeliendo.

110 2456 264 2528 Oloriam
278 2457 520 2547 Magnanimum,
535 2457 743 2526 omalediata
753 2474 851 2546 gens,
866 2459 1069 2550 duraoorde,
1083 2475 1169 2546 gens
1279 2545 1283 2552 Ι

45 2559 178 2648 immitis,
196 2575 282 2645 gans
296 2558 527 2646 intransibilis,
541 2574 627 2643 pens
641 2553 864 2650 indomabilis,
876 2559 1096 2648 gensiuiqua,
1113 2559 1169 2626 in-

2 2707 3 2744 r
45 2659 112 2726 uisa
128 2659 203 2727 eelo
217 2663 250 2726 et
263 2664 360 2744 terro3
370 2658 471 2745 impia
485 2658 519 2724 in
535 2655 653 2744 Dauni,
667 2654 830 2724 seditiosa
844 2655 878 2726 io
892 2657 1044 2746 invioem,
1063 2663 1170 2724 tame·-

2 2749 3 2752 ’
45 2758 120 2824 raria
136 2758 171 2825 in
188 2762 306 2826 saneta
321 2774 421 2844 paea3
447 2773 548 2842 quam
569 2773 668 2825 nemo
687 2755 852 2823 nemiuem
869 2757 1088 2824 honorantem
1106 2755 1170 2824 ha-

44 2863 149 2946 noret,
167 2873 266 2924 nemo
283 2857 448 2924 nemiuem
466 2859 630 2924 amantem
648 2859 753 2943 amet,
772 2871 871 2924 nemo
889 2863 952 2924 ete.
969 2853 1020 2923 Va
1040 2854 1097 2922 tihi
1114 2856 1168 2922 in-

43 2953 115 3022 lelix
136 2955 328 3044 hlagrmtia,
356 2973 421 3041 que
447 2952 614 3042 proprium
632 2959 758 3044 patrem
777 2960 923 3045 mosim,
947 2959 984 3022 ut
1002 2960 1033 3024 te
1051 2955 1086 3021 in
1104 2971 1169 3021 ana

43 3052 179 3140 perhiam
195 3070 317 3142 ponas,
336 3055 496 3142 otpertus
514 3054 683 3138 genimina
700 3053 896 3141 viperarum.
909 3053 994 3123 elota
1012 3060 1089 3122 sunt
1106 3052 1169 3120 hee

44 3169 123 3221 auno
146 3153 319 3222 millesimo
337 3153 521 3220 contesimo
540 3150 766 3240 sexagesimo.
791 3148 822 3220 0
847 3152 1045 3237 cardinales,
1072 3153 1168 3220 huius

45 3252 87 3318 rei
110 3269 170 3320 voe
195 3253 278 3320 estis
302 3251 439 3320 initium.
466 3249 586 3318 Venite
605 3267 687 3336 ergo
705 3253 835 3342 venite,
853 3252 983 3320 haurite
1001 3270 1109 3340 nune,
1135 3257 1168 3317 et
1265 3293 1275 3312 .

43 3349 116 3418 ierte
132 3351 353 3423 arehitrielioo
372 3355 486 3418 vestro
505 3347 651 3439 diaholo,
670 3351 768 3437 eiquo
787 3350 905 3422 ollerte
922 3368 996 3419 eum
1010 3369 1051 3418 ea
1066 3369 1166 3438 quam

46 3445 225 3535 deglutistis
241 3451 384 3538 peeuria
402 3450 500 3516 etiam
516 3452 764 3538 vosmetipsost

107 3549 297 3637 l’erpetruto
315 3547 380 3616 hoe
397 3547 525 3616 seelera
535 3599 545 3637 ,
563 3547 652 3618 aliud
670 3549 734 3618 sihi
756 3565 872 3620 aurare
891 3551 1068 3636 satagunt,
1087 3545 1164 3614 nul-

42 3644 98 3713 lam
120 3649 251 3716 elerieis
279 3665 421 3734 quorum
444 3648 601 3714 intererat
632 3647 780 3734 eligendi
802 3652 971 3737 potestas,
998 3646 1164 3715 lieentiam

44 3746 269 3818 aeneadeutes.
302 3743 553 3834 Assumptoque
578 3747 722 3834 quodam
746 3745 939 3836 liudolpho,
964 3746 1164 3830 cognomine

45 3841 252 3934 Clohelaueh,
271 3845 372 3914 iretre
390 3843 545 3914 Friderioi
564 3844 660 3914 duels
677 3846 852 3936 Zeringie,
870 3847 903 3914 in
922 3843 1038 3912 sedam
1056 3845 1164 3912 eollo-

45 3949 129 4032 eaut,
156 3943 267 4013 adhue
290 3944 394 4013 oeeisi
411 3944 555 4032 presulis
574 3947 739 4032 sanguine
758 3946 981 4031 fumigantem.
1007 3943 1081 4014 Hae
1098 3963 1164 4010 uu-

43 4044 99 4108 tem
115 4041 234 4111 laetum
250 4048 316 4132 est,
333 4047 369 4110 ut
385 4049 528 4130 possent
540 4043 699 4112 ultionem
716 4043 959 4134 imperatoriam
978 4061 1075 4130 quam
1092 4059 1164 4110 mo·

45 4147 165 4215 rueram
182 4143 319 4217 euitare.
343 4142 423 4229 Euat
439 4143 526 4215 euin
545 4141 632 4216 idem
650 4141 846 4232 liudolphus
864 4143 913 4212 uir
930 4149 1063 4231 potens,
1079 4141 1163 4215 ami·

48 4253 97 4307 eus
114 4240 217 4330 ipsius
234 4241 461 4332 imperatoris,
481 4243 754 4330 consanguineus
763 4295 773 4332 ‚
791 4242 1008 4332 propinquus.
1025 4237 1087 4307 llio
1103 4255 1162 4328 pro
