2890 4832
170 213 172 218 ’
267 205 339 276 tlt
592 233 730 284 cansnnn
751 233 821 282 nrt
841 235 865 282 s.
887 233 1080 282 maroneam.

265 372 387 460 quibus
401 372 534 442 occisus
548 379 640 442 esset
651 375 912 464 episcopus,spe
928 372 1275 462 consequendevenie
1288 376 1401 445 mani-

264 471 410 561 festavit,
425 471 522 540 deum
540 477 657 541 testem
673 471 847 563 adhibens,
867 491 904 542 se
917 491 996 541 vera
1014 473 1157 561 dixisse,
1175 481 1274 562 prout
1289 476 1398 562 ipsius

265 571 394 639 comitis
421 573 454 638 in
480 589 592 656 agone
625 579 657 639 et
683 573 820 640 aliorum
846 571 1065 640 nefandorum
1088 572 1193 640 Rome
1225 573 1398 641 confessio

263 669 431 757 patefecit.
448 670 492 738 Ut
510 689 591 757 ergo
609 671 733 739 'lobias
748 671 803 738 ille
823 672 971 761 scripsit,
991 689 1064 739 cum
1083 669 1240 739 dominns
1260 673 1398 760 cpisco-

263 785 327 856 pns
353 769 387 836 in
411 769 465 836 via
491 787 643 837 concava
665 769 797 858 positus
824 769 934 838 adbuc
963 775 1071 856 osset,
1100 771 1267 838 satellites
1292 772 1398 858 preire

262 867 347 934 inssi
366 873 457 934 tanta
482 870 515 936 vi
532 875 664 957 arrepto
690 867 783 936 freno
812 867 1010 936 dextrarium
1039 870 1112 938 eins
1138 875 1333 958 verterunt,
1364 875 1399 936 nt

262 965 391 1033 lienum
412 967 444 1034 ci
462 985 480 1034 e
498 968 649 1035 manibus
668 968 894 1056 extraherent,
930 985 1069 1056 cumque
1088 985 1130 1036 ex
1146 975 1292 1054 utraque
1309 973 1399 1056 parte

264 1064 329 1132 alio
352 1063 514 1134 divertere
539 1083 608 1134 non
626 1073 760 1156 posset,
781 1066 869 1153 quod
888 1068 943 1134 via
961 1075 1051 1134 arcta
1069 1073 1103 1135 ct
1121 1084 1277 1135 concava
1297 1072 1396 1156 esset,

262 1181 322 1252 per
339 1163 478 1232 mediam
497 1165 584 1232 illam
600 1164 716 1251 fugere
734 1166 832 1253 cepit.
857 1165 901 1232 lis
916 1172 1024 1233 autem
1040 1184 1114 1234 eum
1129 1165 1398 1255 insequentibus,

264 1261 414 1331 Joachim
441 1262 640 1332 dextrarium
666 1265 739 1332 cius
765 1266 799 1331 in
826 1263 950 1332 femore
969 1265 1172 1354 vulneravit,
1201 1271 1236 1331 et
1262 1282 1337 1332 cnm
1358 1282 1397 1332 ex

263 1368 380 1430 neutra
404 1367 498 1450 parte
525 1364 559 1430 in
583 1365 638 1430 via
656 1381 731 1431 cnm
762 1355 962 1431 antecedere
996 1370 1155 1452 possent,
1201 1361 1397 1430 Heribertns

264 1462 460 1528 extrariam
478 1479 551 1528 cnm
570 1479 657 1549 equo
683 1462 822 1529 exiliens
832 1514 842 1552 ,
867 1463 902 1528 in
921 1455 1142 1530 acutissima1
1167 1463 1291 1530 semita
1316 1464 1398 1530 sicot

262 1558 337 1646 ipse
356 1557 534 1627 confessus
553 1566 605 1628 cst
626 1579 701 1628 cnm
717 1561 933 1650 prevenienS,
952 1579 1011 1650 per
1028 1562 1195 1649 caputium
1212 1578 1324 1649 cappe
1342 1579 1398 1629 ar-

264 1659 379 1747 ripuit,
411 1662 445 1725 et
470 1675 544 1726 eum
569 1677 611 1726 ex
637 1660 738 1727 latere
762 1659 805 1727 ad
833 1677 871 1727 se
895 1661 1059 1728 inclinans
1085 1677 1198 1727 secum
1226 1660 1396 1727 interram
1440 1701 1441 1704 =

264 1758 369 1824 traxit.
410 1755 478 1824 Sed
504 1775 582 1824 mox
607 1758 772 1826 violenter
797 1765 955 1844 surgente
981 1759 1081 1827 beato
1109 1760 1296 1848 episcope,
1323 1759 1398 1846 qnia
1440 1793 1441 1828 3

263 1853 379 1923 fortior
394 1855 452 1923 illo
471 1861 557 1945 erat,
590 1858 785 1926 extrariam
805 1859 838 1924 in
858 1857 973 1924 rubum
995 1857 1097 1946 fugit,
1126 1858 1200 1925 solo
1221 1856 1396 1924 Heriberto
1440 1855 1443 1944 p

263 1973 323 2044 per
341 1954 498 2022 fimbriam
517 1972 622 2044 cappe
636 1956 681 2022 illi
696 1956 879 2024 inherente.
906 1956 1054 2043 Cumque
1072 1957 1247 2023 clamorem
1262 1957 1299 2022 in
1318 1956 1397 2024 rubo
1442 1995 1443 2040 r

264 2071 377 2122 comes
396 2053 564 2144 audisset,
583 2056 719 2142 propius
734 2053 900 2122 accedens
923 2056 1088 2122 clamasse
1107 2054 1241 2122 dieitur:
1265 2053 1395 2140 Appre-
1442 2113 1443 2118 ,

261 2151 391 2220 laodite
406 2157 439 2219 et
451 2157 554 2220 tenete
566 2170 647 2239 cunr,
665 2156 745 2239 patio
757 2154 881 2237 fortior
893 2153 986 2220 nodis
1001 2153 1144 2237 efficitur
1158 2155 1218 2220 cir.
1247 2152 1396 2240 Cumque
1442 2195 1443 2239 ἕ

262 2251 365 2319 verba
396 2253 648 2339 supplicationis
669 2253 785 2320 ederet
816 2253 996 2340 episcopus
1032 2259 1065 2320 et
1092 2251 1237 2320 diceret:
1276 2251 1396 2319 Sancte
1442 2307 1443 2318 ,

262 2349 377 2430 Petro,
392 2350 472 2434 qnid
486 2349 563 2418 midi
581 2353 744 2436 imputent
761 2350 906 2418 domines
925 2353 1005 2420 isti?
1031 2350 1189 2420 frendens
1208 2349 1395 2418 Fridericns
1442 2397 1443 2434 r

263 2450 324 2515 ait:
346 2449 456 2516 dedite
476 2449 654 2532 latronem,
670 2450 792 2528 cedite,
817 2452 872 2534 pati
889 2453 923 2516 ef
938 2449 1064 2517 nobiles
1081 2448 1266 2516 ealeredut
1286 2453 1320 2515 et
1338 2466 1394 2516 ne·
1442 2505 1443 2534 ,

261 2549 339 2614 mini
356 2549 490 2633 parcit!
513 2549 607 2616 Tunc
633 2549 835 2616 Giselbertus
859 2548 979 2616 videns
1000 2547 1207 2616 Heribertnm
1231 2547 1394 2635 chlamydi
1442 2573 1443 2600 r

263 2647 336 2714 eius
350 2647 555 2714 inbcrentem
570 2663 677 2735 ocyus
694 2647 879 2737 descendit,
898 2653 932 2714 et
947 2647 1120 2716 furibunde
1139 2648 1393 2734 accrrrrenspri-
1442 2721 1443 2724 Ἴ

262 2765 348 2813 mum
369 2745 492 2814 vulnus
511 2747 609 2834 capiti
624 2747 696 2814 eins
711 2745 845 2835 inflixit,
869 2746 1019 2814 secundo
1038 2747 1105 2814 ictu
1124 2746 1260 2812 vibrans
1278 2743 1392 2813 ferrum
1442 2801 1443 2830 ,

263 2862 395 2912 manum
413 2847 485 2912 eius
500 2852 537 2912 ut
555 2851 635 2932 puto
651 2847 848 2933 amputavit,
864 2862 1052 2933 corpusque
1070 2846 1140 2912 eius
1157 2843 1272 2930 gladio
1286 2851 1393 2911 trans·
1442 2895 1443 2914 r

263 2943 341 3010 fixit.
369 2943 473 3011 'lobie
488 2948 566 3012 sunt
580 2943 652 3010 hec.
678 2943 803 3011 Eadem
820 2943 903 3012 hora
918 2943 1096 3033 londanus,
1115 2944 1171 3030 qni
1191 2942 1234 3010 ab
1255 2961 1297 3011 eo
1311 2959 1390 3031 pro·
1442 3015 1443 3028 ,

263 3043 404 3128 scriptus
432 3041 556 3130 fuerat,
573 3043 832 3132 superveniens,
857 3046 1033 3110 maximum
1050 3041 1173 3110 vulnus
1200 3042 1301 3130 capiti
1321 3042 1389 3108 eius
1442 3103 1443 3108 ,

261 3137 436 3226 imposuit,
463 3140 739 3226 quemadmodum
761 3143 793 3210 in
807 3141 970 3228 lscnbnrg
985 3142 1139 3231 iactavit,
1168 3140 1275 3209 semel
1296 3147 1389 3226 atque
1442 3197 1443 3230 ,

262 3238 379 3305 iterum
404 3237 536 3305 dicente
556 3241 736 3328 episcopo:
769 3239 874 3320 Eleo,
899 3239 1003 3306 eben!
1024 3239 1118 3306 'func
1143 3238 1295 3307 seorsum
1319 3255 1387 3305 eum

261 3337 479 3426 inclinantes,
499 3337 692 3406 Heribertns
711 3339 815 3426 primo
834 3338 969 3406 cultello
989 3356 1062 3406 enm
1079 3336 1241 3426 perfodit,
1267 3337 1387 3422 cornito,

261 3441 298 3503 nt
325 3438 435 3526 aiunt,
462 3437 605 3504 eiulantc
630 3443 663 3504 et
686 3438 863 3505 clamante:
897 3437 972 3504 Hert
992 3454 1043 3504 me
1066 3439 1240 3519 miserum,
1266 3436 1388 3502 mnrium

261 3536 333 3601 est!
369 3535 450 3602 Cum
474 3541 583 3603 antem
611 3535 818 3604 Gisclbertus
845 3543 945 3624 caput
976 3537 1006 3603 ci
1032 3535 1206 3622 precidere
1231 3534 1344 3622 vellet,
1369 3549 1386 3598 a

262 3633 452 3722 Godefridc,
479 3653 578 3721 quem
603 3651 716 3702 comcs
740 3634 781 3700 ad
798 3633 1039 3722 prohibendum
1063 3635 1215 3722 miserat,
1251 3649 1309 3721 per
1332 3648 1384 3698 ea·

260 3733 359 3818 pillos
378 3731 568 3800 abstractus
587 3737 648 3800 cst.
681 3731 712 3800 A
730 3750 855 3820 quercu
873 3739 983 3800 autern
1000 3733 1058 3800 nbi
1075 3734 1179 3820 primo
1200 3731 1275 3799 cedi
1292 3747 1384 3817 cepe-

261 3836 312 3896 rat
318 3847 453 3918 ,nsqne
470 3831 515 3899 ad
532 3832 642 3900 locum
659 3831 714 3898 ubi
733 3830 901 3900 detractus
921 3836 974 3899 ost
992 3837 1025 3898 et
1042 3836 1230 3920 extractus,
1256 3830 1311 3897 nbi
1326 3829 1382 3894 bo-

262 3926 315 3994 die
333 3945 434 4014 snper
451 3933 639 4018 martyrium
662 3931 734 3998 eins
760 3931 918 3998 sacellum
943 3929 1138 3997 fabricatum
1163 3936 1234 4018 est,
1259 3929 1313 3996 vin
1328 3924 1381 3992 de·

262 4043 333 4092 cem
350 4043 472 4112 passus
492 4027 624 4096 distant.
659 4028 722 4096 Ubi
750 4047 949 4116 supereum
977 4029 1067 4096 velut
1093 4045 1195 4095 canes
1220 4024 1320 4092 rabidi
1346 4039 1381 4088 ac

261 4121 403 4192 famelici
429 4125 485 4192 lilii
503 4125 697 4214 perditionis
722 4129 936 4219 congregati,
965 4127 1107 4196 cultellis
1132 4125 1328 4196 acutissimis
1344 4117 1381 4188 ad

296 4233 328 4298 l)
347 4233 513 4286 arctissima?
