2950 4836
290 209 361 277 tot
664 235 834 280 nunnrnnus
856 234 1039 280 xrurrurrnsrs.

206 387 273 444 taso
291 381 399 443 ratoro
417 373 630 462 proscribitur
647 373 736 461 apud
754 371 962 459 Augustam}
982 373 1105 441 Sancta
1122 371 1311 460 Elysabetb
1325 372 1423 438 mira-

288 475 372 544 culis
399 475 530 542 clarens
555 479 635 561 aput
658 472 879 541 Marohburch
904 473 946 541 de
970 473 1095 540 tumulo
1115 471 1328 562 transfertur,
1346 488 1424 559 pra·

323 637 353 702 l)
372 633 432 686 hier
459 633 492 686 ist
515 631 566 684 aul
582 633 671 686 elnam
700 631 871 686 besonderen
896 633 962 686 blatt
987 635 1034 686 mit
1056 633 1156 686 andern
1175 631 1362 699 schristzrigen
1379 629 1424 682 des

288 702 462 756 dreizehnten
481 699 670 754 iahrhunderts
687 701 815 768 lclgende
833 701 910 769 lange
928 701 1009 756 stelle
1027 701 1175 770 eingeli'rgt,
1193 699 1302 754 welche
1318 701 1371 752 wie
1386 698 1425 751 ich

287 771 385 840 glaube
404 769 472 824 trech
491 786 554 822 vom
573 777 663 823 ersten
682 771 817 823 versasser
834 769 973 822 herrirhrt:
1002 781 1003 784 ’
1138 809 1140 812 ψ

341 839 395 894 lste
412 837 567 891 Fridericus
586 848 734 892 comesset
753 854 865 892 severus
884 838 976 904 home,
996 839 1023 890 in
1041 835 1142 890 iudicio
1162 836 1307 890 districtus
1325 844 1350 888 ct
1369 852 1426 887 cru-

288 907 366 971 delis,
392 907 575 975 magnanimus
599 907 625 958 in
648 906 760 976 preliiS‚
778 907 804 958 in
824 906 959 959 thesauris
978 904 1175 974 congregandis
1193 905 1329 976 cupidus,
1346 911 1427 956 terro·

289 992 345 1028 rem
363 993 440 1028 suum
460 975 498 1026 sic
517 974 584 1026 ludit
602 991 683 1044 super
701 976 841 1042 indigenas
860 983 887 1027 et
905 977 1010 1028 vicinos
1027 982 1057 1028 ut
1083 991 1135 1027 non
1153 973 1245 1028 solum
1262 989 1322 1026 nou
1339 971 1427 1040 dilige·

288 1053 364 1096 retur
388 1043 435 1096 sed
458 1043 491 1096 ab
517 1042 641 1095 onnribus
666 1045 813 1106 timeretur.
846 1042 903 1096 lbat
926 1045 998 1096 enim
1020 1050 1144 1113 potenter
1168 1058 1231 1094 curn
1255 1042 1376 1094 exercitu
1401 1041 1426 1092 iu

288 1111 438 1165 Morariam
457 1117 551 1162 contra
569 1111 748 1164 Wenczlaum
766 1127 856 1178 regem
875 1111 1048 1165 Boemorum.
1072 1109 1246 1180 Quandoque
1270 1111 1358 1162 eciam
1376 1109 1427 1162 Uu=

289 1183 392 1248 gariam
411 1179 525 1232 intrabat
543 1179 610 1231 fines
629 1181 770 1250 utriusque
789 1180 863 1247 regui
882 1179 954 1233 ferro
973 1189 1000 1233 et
1018 1181 1081 1247 igne
1105 1177 1259 1232 devastans.
1287 1175 1428 1244 Satagebat

289 1251 369 1302 etiam
399 1247 505 1300 nobiles
530 1255 556 1300 et
580 1247 708 1301 meliores
736 1256 808 1302 terre
836 1264 885 1300 sue
909 1250 1061 1318 opprimere
1084 1255 1111 1300 et
1137 1246 1274 1316 ignobiles
1305 1246 1426 1298 exaltare.

288 1318 421 1384 Agrretem
441 1331 551 1369 risorem
570 1331 655 1381 suam,
673 1316 755 1368 liliam
768 1316 876 1370 Ottonis
894 1315 969 1370 ducis
982 1315 1112 1380 Mer-anie,
1131 1324 1269 1385 tamquam
1290 1323 1426 1382 cognatam

289 1385 456 1456 repudiavit,
479 1399 558 1454 quam
582 1393 677 1454 postea
702 1384 807 1439 Ulricus
829 1383 887 1436 dux
903 1383 1045 1438 Kerinthie
1062 1382 1168 1453 accepit
1186 1399 1313 1436 uxorem.
1338 1382 1428 1436 Edicta

289 1453 420 1508 Friderici
442 1454 626 1524 imperatoris,
654 1453 810 1506 inimicitias
833 1453 981 1523 principum
1012 1453 1184 1523 contempsit,
1203 1451 1298 1504 donec
1316 1450 1350 1503 ab
1375 1452 1427 1519 ipso

289 1521 427 1575 Friderico
451 1538 499 1590 pier
522 1521 669 1574 sententias
692 1521 775 1591 princi
796 1537 840 1572 um
864 1521 891 1573 in
916 1522 990 1574 curia
1012 1521 1137 1588 Auguste
1155 1519 1296 1573 celebrata
1315 1519 1428 1589 proscri-

289 1590 363 1643 bitur
380 1597 406 1641 et
424 1590 620 1660 principatuum
644 1605 753 1642 suorum
779 1537 883 1642 [onore
901 1591 1022 1659 privatur
1039 1605 1110 1642 auno
1129 1587 1233 1641 domini
1252 1588 1427 1641 m.cc.rrxx.vi.

290 1658 421 1728 Sequenti
445 1658 527 1725 igitur
549 1673 619 1710 anuo
643 1657 797 1712 Fridericus
819 1659 967 1728 imperator
985 1665 1078 1710 contra
1095 1657 1265 1710 Fridericum
1286 1655 1386 1708 ducem
1404 1657 1428 1706 in

289 1727 426 1780 Austriam
451 1723 532 1788 vadit,
549 1742 565 1778 a
584 1725 687 1778 civibus
703 1725 898 1779 Winnensibus
923 1734 949 1778 et
970 1725 1128 1796 quibusdam
1147 1723 1376 1778 ministerialibus
1394 1723 1429 1774 in-

291 1795 397 1847 uitatus.
420 1793 453 1846 Et
481 1793 618 1862 hyemavit
640 1793 750 1859 ibidem,
769 1793 869 1847 babens
894 1810 984 1846 sectum
1002 1795 1137 1865 principes
1155 1794 1283 1863 imperii,
1304 1791 1429 1844 videlieet

290 1861 485 1916 Wencezlaum
505 1867 576 1926 (erst
594 1861 671 1915 stand
681 1862 868 1927 Weneslaum‚
885 1857 1019 1916 was'von
1039 1861 1182 1916 darselben
1199 1861 1270 1914 hand
1291 1860 1431 1929 gebessert

290 1933 334 1996 ist,
358 1930 463 1983 welche
487 1930 556 1984 auch
580 1931 606 1984 iu
631 1929 690 1983 dem
718 1931 832 2000 iubrigeu
857 1939 912 1983 text
935 1931 1085 1996 erscheint3
1108 1929 1152 1982 ich
1175 1929 1263 1982 deulre
1283 1945 1316 1982 es
1335 1930 1373 1981 ist
1391 1928 1430 1980 die

290 1998 361 2052 haud
381 1999 429 2052 des
447 1997 533 2066 ueri.)
551 2015 642 2066 regern
665 1999 830 2052 Boemorum
853 1997 1029 2052 Berhtoldum
1047 1997 1225 2070 patriarcham
1245 1997 1430 2067 Aquilegieu-

291 2083 364 2133 sem,
390 2065 518 2120 Silridum
542 2067 741 2135 Magoutinum,
759 2066 943 2120 Ebeabardum
962 2065 1204 2136 Salzpurgensem,
1229 2065 1431 2118 Theodericum

289 2135 478 2189 'l'revirensem
496 2134 662 2206 archiepisco
683 2153 728 2202 0s;
746 2135 931 2190 Eklrebcrturn
948 2135 1216 2202 Babenbergensem,
1235 2133 1372 2188 Sisridurn
1384 2133 1431 2185 lla-

291 2205 483 2276 tisponensem,
502 2202 656 2272 [ludgerum
693 2205 857 2256 ataviensem
873 2205 1029 2274 episcopos;
1049 2205 1178 2258 Ottorrem
1196 2203 1336 2267 Bawarie,
1348 2202 1431 2254 Beru-

290 2273 401 2326 bardum
420 2271 563 2326 Karirrthie
581 2272 673 2337 duces,
690 2272 848 2326 Heinricurn
868 2271 1053 2339 landgravium
1063 2271 1202 2340 Turingie,
1220 2278 1249 2323 et
1265 2271 1338 2324 alios
1352 2287 1431 2340 quam

309 2341 381 2394 lures
400 2341 511 2392 comites
529 2348 557 2392 et
574 2340 687 2393 nobiles.
715 2341 790 2394 Tunc
809 2341 896 2394 dictus
916 2340 1068 2394 Fridericus
1088 2340 1160 2396 dux.
1180 2347 1285 2392 terrore
1305 2339 1431 2408 imperia·

290 2359 325 2462 fis
344 2407 508 2460 fortitudinis
533 2425 585 2460 non
613 2421 771 2473 concussus,
798 2427 857 2462 curn
876 2410 970 2480 paucis
988 2412 1033 2479 qui
1051 2409 1103 2462 sibi
1121 2409 1284 2462 adheserant
1302 2409 1331 2460 in
1349 2413 1430 2487 oppi-

290 2477 353 2529 dum
380 2477 451 2546 qucd
477 2477 575 2529 dicitur
599 2477 676 2529 Nova
700 2475 802 2530 Civitas
825 2491 855 2530 se
878 2479 998 2548 recepit,
1018 2477 1114 2530 exinde
1133 2493 1181 2548 pro
1199 2491 1249 2528 sua
1267 2475 1430 2528 delensmnc

290 2562 344 2616 quc
368 2553 472 2614 poterat
498 2545 660 2598 exercendo.
687 2545 836 2617 imperator
859 2546 951 2616 itaque
975 2545 1180 2616 cernens'quod
1198 2543 1355 2597 Fridericus
1376 2545 1430 2596 dur

292 2613 501 2684 parvipenderet
524 2613 608 2676 illata,
635 2630 684 2666 nec
708 2623 816 2666 curaret
839 2617 954 2682 graciam
981 2614 1087 2684 imperii
1112 2629 1244 2686 querere,
1263 2613 1382 2665 resessit
1400 2615 1429 2664 ab

290 2682 410 2747 dursti-ia,
430 2681 584 2751 relinquens
606 2681 643 2733 ihi
669 2683 823 2751 capitaneos
845 2681 1030 2736 Ekkebertum
1049 2681 1306 2749 babenbergensem
1325 2681 1431 2751 episcc-

291 2767 352 2820 pum
372 2758 399 2802 et
416 2749 450 2801 de
467 2750 646 2803 Henneberch
665 2758 693 2802 et
710 2751 743 2802 dc
760 2751 900 2804 Eberstain
924 2759 950 2804 et
976 2751 1009 2803 de
1027 2750 1187 2803 Nurnberch
1206 2750 1340 2815 comites,
1360 2749 1431 2802 cele·

291 2819 393 2872 brando
412 2817 508 2870 lustum
527 2820 732 2872 resurrectionis
750 2819 883 2870 dominice
902 2817 981 2940 {1237
999 2835 1054 2890 apr.
1076 2821 1121 2885 19]
1140 2818 1301 2887 Ratispone.

341 2885 513 2939 Elrkebertus
536 2896 625 2938 autem
648 2889 790 2957 episcopus
807 2887 900 2940 Baben
920 2891 1039 2956 argensis
1058 2898 1116 2940 erat
1133 2886 1285 2940 avunculus
1303 2885 1374 2940 Bele
1390 2905 1430 2940 re-

290 2957 331 3022 gis
350 2955 466 3021 Ungarie
484 2963 511 3006 et
529 2954 611 3007 irater
630 2955 769 3008 Berhtoldi
787 2955 938 3025 patriarche
952 2955 1164 3026 Aquilegiensis,
1183 2956 1431 3023 vir-magnanimus

291 3033 319 3075 et
338 3022 493 3086 bellicosus,
517 3031 543 3074 et
570 3023 603 3076 ob
628 3023 680 3076 hoc
706 3024 842 3094 predictus
865 3025 1011 3094 imperator
1035 3026 1085 3076 sibi
1109 3023 1236 3076 tuendam
1256 3031 1355 3076 terram
1373 3023 1429 3076 Arr-

291 3090 399 3143 stralem
426 3091 580 3160 specialiter
604 3091 809 3144 cournrendavit.
833 3091 966 3146 Defuncto
989 3101 1077 3146 autem
1095 3092 1190 3146 eodem
1210 3107 1281 3144 anuo
1300 3094 1428 3161 episcopo

292 3167 449 3222 memorato,
468 3167 495 3210 et
514 3160 672 3229 imperatore
691 3177 720 3212 se
738 3159 770 3212 ad
791 3159 915 3228 Apuliam
934 3161 1123 3226 transferente,
1141 3159 1282 3230 predictus
1300 3159 1355 3213 dux
1373 3160 1428 3212 Fri·

291 3226 399 3280 dericus
424 3229 571 3280 animosior
596 3229 726 3293 effectus,
752 3227 895 3282 Albertum
918 3231 1040 3282 comitem
1068 3229 1101 3282 de
1125 3230 1220 3297 Bogeu
1244 3231 1272 3280 in
1299 3228 1428 3280 auxilium

291 3310 369 3346 suum
387 3303 473 3346 vocat.
501 3293 600 3365 Sicque
619 3314 678 3349 eum
698 3299 756 3366 ipso
775 3297 872 3348 cernite
891 3314 1019 3364 egressus
1039 3314 1128 3350 muros
1145 3297 1224 3349 Neue
1244 3297 1387 3362 Civitatis,
1405 3299 1429 3348 in

292 3379 385 3432 campo
409 3365 456 3431 qui
480 3363 577 3416 dicitur
601 3365 740 3420 Stainvcld
763 3381 878 3435 pugnarn
902 3367 962 3418 iniit
985 3383 1044 3419 eum
1072 3365 1290 3420 Wiennensibus
1315 3373 1345 3418 et
1362 3367 1428 3436 capi-

292 3433 377 3484 taneis
394 3447 505 3495 eorum,
533 3441 673 3502 reportans
692 3435 831 3486 victoriam
852 3432 1006 3500 gloriosam.
1025 3435 1101 3502 Capti
1119 3449 1235 3504 namque
1255 3435 1365 3488 suntin
1384 3451 1427 3486 eo-

292 3500 352 3552 dem
379 3499 449 3552 bello
473 3499 615 3567 Rudgerus
640 3503 806 3555 Patauieusis
830 3510 858 3553 et
881 3501 1038 3556 Churrradus
1062 3503 1241 3570 Frisingeusis
1262 3503 1386 3572 episcopi
1403 3513 1426 3554 et

292 3567 370 3620 multi
388 3584 421 3620 ex
445 3569 581 3620 nobilibus
605 3587 672 3640 quos
690 3569 723 3622 ad
749 3571 887 3622 tuitionem
907 3579 975 3624 terre
994 3571 1130 3642 predictos
1147 3570 1301 3640 reliquerat
1320 3572 1426 3640 impera·

293 3643 349 3700 tor;
368 3645 456 3688 actum
475 3653 545 3690 anno
565 3637 667 3691 domini
686 3639 883 3692 m.cc.xux.viii.
901 3637 963 3692 Dux
981 3642 1072 3710 itaque
1087 3639 1239 3692 Fridericus
1258 3637 1425 3692 successibus

279 3713 471 3774 prosperatus.
490 3705 632 3758 recedente
650 3723 665 3758 a
684 3705 803 3776 partibus
827 3705 882 3759 illis
909 3709 1009 3761 cesaris
1034 3707 1127 3771 milite,
1152 3709 1180 3760 iu
1205 3707 1283 3759 brevi
1308 3715 1425 3778 tempore

292 3780 373 3822 totam
393 3771 550 3826 hereditatis
568 3791 616 3827 sue
635 3782 733 3826 terram
751 3773 992 3842 rehabuit‚regcns
1010 3793 1068 3830 eam
1085 3777 1214 3844 deinceps
1234 3776 1271 3826 ita
1291 3782 1424 3839 strennue,

292 3839 364 3908 quod
383 3841 409 3892 in
429 3841 486 3910 ipsa
504 3859 612 3913 quoque
631 3843 736 3896 iusticia
754 3851 783 3894 ut
802 3842 891 3895 inultis
910 3844 1051 3898 videbatur
1074 3860 1138 3914 sepe
1161 3843 1335 3912 tyrannidem
1354 3860 1424 3895 exer-

292 3907 375 3961 cebat.
400 3907 519 3962 Audacia
543 3911 633 3980 itaque
657 3911 747 3962 cordis
774 3910 824 3962 sibi
849 3913 941 3964 innata
965 3915 1051 3982 ipsum
1076 3914 1219 3983 quiescere
1243 3929 1299 3964 non
1325 3911 1422 3964 sinebat

292 3974 378 4026 dcrrec
404 3985 498 4028 octauo
527 3990 586 4047 post
610 3979 659 4031 hee
682 3995 751 4030 anno
778 3977 845 4030 Bele
869 3981 924 4045 regi
950 3981 1115 4048 Ungarorum
1140 3979 1243 4032 bellum
1268 3979 1373 4034 indixit.
1396 3980 1420 4030 ln

292 4043 369 4096 cuius
387 4050 485 4096 terram
505 4063 565 4097 com
585 4048 703 4110 intraret,
722 4049 868 4098 exercitum
889 4048 1082 4102 validissimum
1105 4049 1217 4110 ducens,
1237 4050 1421 4116 congressione

293 4127 353 4164 curm
371 4112 485 4178 Ungaris
502 4113 573 4165 lacta
591 4124 618 4166 et
637 4116 771 4176 Crrmanis,
790 4114 903 4166 adversa
921 4133 982 4186 pars
1001 4119 1120 4170 vincitur
1138 4124 1165 4169 et
1182 4115 1303 4183 sugatur.
1330 4119 1359 4170 ln
1376 4133 1421 4185 quo

292 4180 416 4241 victoria,
435 4179 543 4231 drrbiom
559 4189 647 4234 utrrrm
663 4183 695 4234 ab
710 4184 803 4234 atuicis
816 4181 858 4234 vel
873 4183 997 4250 inimicis,
1011 4188 1082 4238 circa
1093 4187 1200 4238 oculum
1211 4185 1325 4254 cuspide
1336 4185 1422 4237 ruine-

293 4253 376 4307 ratus,
394 4246 519 4300 occubuit
528 4258 603 4302 senta
614 4250 679 4302 l'oria
693 4250 761 4304 l'esto
773 4253 859 4304 sancti
868 4250 922 4307 Viti
936 4253 1004 4326 [iuni
1017 4256 1061 4322 15]
1074 4270 1143 4308 anno
1157 4253 1262 4306 domini
1277 4253 1423 4308 mccxlii.
