2950 4836
431 265 605 314 warnaeus
626 266 664 313 nr
684 267 850 313 ceraunus.
1136 236 1182 302 ti
1188 235 1208 304 9

71 407 227 474 Bawarie
245 406 278 473 in
298 423 410 492 regern
427 406 610 492 elegerunt.
637 403 766 492 Reliqui
787 412 853 473 tres
877 404 1043 472 domiuum
1060 403 1207 472 Frlderi-

71 524 150 572 curn
167 505 285 573 ducent
301 504 435 574 Austrie
452 506 634 591 elegerunt.
653 503 797 586 Qucrurn
815 523 930 592 regurn
947 504 1112 572 exercitus
1124 522 1209 591 qua·
1308 553 1310 560 >

69 605 151 672 liter
168 604 209 671 ab
226 605 368 672 invicem
384 606 585 674 recesserint
600 609 632 671 et
648 613 802 692 qrrarrtant
821 605 992 694 penuriam
1008 620 1047 670 ac
1064 603 1208 691 inopiam

69 703 163 771 laute
180 709 213 771 et
237 703 361 789 lrigcre
383 705 591 792 pertulerint,
612 703 780 790 qucrncdc
804 704 859 772 ubl
878 710 910 770 ct
929 701 1063 789 quando
1088 719 1127 770 ac
1149 720 1209 790 per

69 820 164 889 quos
186 801 325 890 predicti
351 803 449 871 electi
464 803 646 872 ccnlurrnatl
665 809 698 870 et
718 803 867 870 ccrcnati
888 802 1023 889 luerint,
1042 807 1099 870 aut
1119 819 1208 888 qua-

66 901 150 969 liter
174 907 292 990 pcstea
316 921 402 970 unus
427 903 563 970 alterurn
592 902 662 970 lere
688 901 865 970 duodecim
888 901 985 968 annis
1008 906 1207 988 persecutus

68 999 195 1090 luerit,
223 1007 256 1068 et
281 1000 449 1090 qucrncdc
477 1002 591 1069 ultimo
618 1003 707 1070 circa
734 1001 856 1069 testum
881 1001 988 1067 sancti
1010 999 1207 1068 Michahelis

67 1099 295 1168 conflixerint.
322 1100 358 1167 ln
377 1119 443 1187 quc
470 1101 627 1169 ccrrllictu
654 1100 806 1168 dontinus
829 1099 1015 1166 Fridcricus
1039 1097 1208 1188 predictus

65 1205 192 1287 captus
208 1197 267 1266 luit
282 1217 342 1288 per
359 1199 526 1267 dominum
545 1199 762 1268 Ludeuicurn
781 1201 866 1268 acin
882 1199 1015 1266 vinnula
1035 1199 1206 1268 coniectus

64 1299 101 1364 in
131 1305 244 1366 castro
269 1298 357 1367 dicto
374 1299 564 1366 Truucsnit
580 1299 712 1367 duobus
733 1300 830 1366 anuis
848 1305 881 1367 ct
899 1298 1040 1386 amplius
1058 1298 1207 1365 securis-

68 1398 159 1464 sirne
178 1406 233 1465 est
247 1398 445 1466 custoditus.
472 1397 576 1479 Quam
594 1400 816 1486 captivitatem
837 1397 953 1465 iratres
972 1398 1034 1486 sui,
1054 1395 1208 1464 videlicet

64 1496 229 1564 dcrnirrus
246 1496 419 1585 Lupnldus
443 1496 509 1565 dux
530 1497 663 1565 Suevle
684 1497 838 1565 dcrninus
856 1495 1029 1564 Heinricus
1051 1495 1205 1564 deminus

63 1594 232 1663 Albertus
254 1603 286 1664 et
308 1596 461 1664 deminus
484 1593 561 1664 Ottc
584 1595 688 1666 duces
705 1593 836 1664 Austrie
860 1601 892 1664 ct
910 1595 1007 1664 Stirie
1023 1597 1207 1686 parvipen-

63 1694 205 1784 denies,
225 1703 259 1763 et
272 1697 368 1782 quasi
383 1695 641 1785 vilipendentes
661 1703 709 1764 tct
727 1704 759 1766 et
772 1701 864 1765 tanta
880 1695 964 1764 rnala
979 1712 1039 1782 per
1050 1693 1207 1781 incendia

62 1793 233 1884 villarum,
253 1801 386 1880 strages
395 1795 573 1884 hominurn,
587 1795 778 1864 sediciones
789 1796 955 1862 ciuitatum
971 1799 1204 1883 claustrorum,

62 1892 136 1960 lere
152 1895 217 1961 toti
233 1890 404 1962 Alenrcnie
422 1893 611 1982 intulerunt,
629 1894 718 1982 quud
737 1894 875 1962 arbitror
888 1909 1124 1984 pergamenum
1139 1890 1204 1959 de-

63 1991 168 2060 licere
194 1991 236 2060 ad
256 1993 468 2083 capiendum,
487 2011 617 2081 pennas
642 2001 673 2062 ct
691 1995 877 2062 incaustum
900 2011 967 2060 nun
987 1990 1142 2060 sulficere
1161 1989 1204 2058 ad

63 2092 298 2159 scribendum.
325 2092 420 2160 Unde
445 2091 527 2182 hiis,
555 2103 589 2162 et
612 2093 754 2184 qualiter
770 2091 938 2181 predictus
961 2089 1114 2159 dcrnlrrus
1137 2089 1208 2157 Fri-

62 2190 206 2258 dericus
225 2210 246 2260 a
263 2192 404 2259 vinculis
420 2192 549 2260 solutus
565 2191 661 2260 luerit
671 2245 680 2281 ‚
700 2200 733 2262 et
749 2193 858 2279 qualis
877 2191 1027 2259 amicicia
1045 2207 1107 2256 seu
1123 2205 1207 2254 curr-

62 2288 253 2358 ccnccrdia
287 2292 508 2378 interipsum
535 2310 574 2358 ac
604 2291 814 2377 magnificum
846 2309 959 2378 regern
990 2287 1207 2357 Ludewicurn

63 2391 200 2456 exstitit
220 2389 390 2480 ordinata,
409 2390 550 2480 relicua,
571 2389 791 2478 regredior..
811 2443 817 2458 .
837 2444 843 2459 .

61 3003 274 3076 HlRZELIN
309 3007 448 3078 UEBER
481 3009 554 3078 DIE
591 3006 819 3078 SCHLACHT
846 3007 917 3077 BEI
944 3003 1207 3076 GOELLHEIM.

587 3125 692 3194 1298.

512 3325 761 3334 Ἣ

263 3447 359 3556 Mau
381 3498 449 3568 sagt
471 3492 519 3554 trle
541 3490 658 3568 enplcr
679 3487 799 3552 chunclr
820 3489 978 3554 Terramer

216 3575 444 3640 Gerraltichllclr
466 3575 518 3636 lur
539 3573 614 3636 uber
635 3589 699 3636 ruer

215 3661 314 3735 Gegen
337 3657 521 3720 Frauclrrlclr
545 3657 597 3718 lriu
619 3657 673 3716 ruit
694 3651 892 3716 rittersehalt.

212 3743 253 3802 Er,
274 3741 322 3818 leg
344 3757 381 3802 an
403 3741 443 3800 inr
465 3738 566 3800 maclrt
588 3736 649 3800 und
672 3735 774 3798 chraft

171 3827 191 3886 5
213 3823 273 3885 Fur
294 3823 389 3885 ander
411 3821 530 3897 clunge
553 3823 601 3882 ain
624 3817 761 3880 uuunder.

210 3905 261 3968 lclr
284 3923 350 3967 wen
373 3907 491 3966 niernau
512 3901 665 3964 besunder

212 3988 284 4050 Selrr
307 3989 436 4062 sturigin
458 3985 519 4046 alle
540 3984 625 4046 mdlrt
646 3982 780 4062 gezalen,

93 4151 125 4214 l]
145 4148 199 4201 der
230 4149 346 4218 cingang
369 4145 479 4200 bezlelrt
500 4143 558 4199 sich
583 4143 633 4198 aul
658 4143 708 4197 den
732 4142 891 4198 Willelralrn
922 4143 969 4198 des
991 4142 1126 4200 Wclsram
1153 4160 1206 4196 von

63 4216 237 4271 Eschebach.
273 4219 305 4284 7)
329 4216 443 4285 storigin
468 4231 531 4267 vour
555 4213 639 4267 lranz.
665 4220 754 4278 estur,
780 4211 899 4268 welches
924 4212 1024 4268 wieder
1048 4229 1109 4266 vcrn
1128 4210 1205 4264 deut-

61 4285 146 4341 schen
167 4292 255 4340 sturm
274 4285 387 4352 kommt,
407 4283 489 4339 daher
507 4281 608 4354 kemps,
625 4280 839 4352 kimpl'ersclrar.
