2886 4834
380 205 530 264 “annates
552 217 792 264 ,ιιιιιτιιιιιιι
1018 217 1022 227 ·
1092 189 1159 258 105

42 377 132 428 sansu
149 357 330 446 principum
347 357 380 423 in
397 373 510 442 regem
530 355 675 446 ιιιιιιιι,
701 357 856 444 copulata
883 341 948 423 si'bi
966 373 1070 425 uxore
1090 355 1154 424 hlia
1176 371 1242 426 ιιιι

42 459 121 526 ducis
145 455 279 525 dustria
307 473 349 522 cn
372 473 438 542 qua
464 454 549 522 duos
576 455 662 523 idios
687 455 818 546 habuit,
839 473 913 522 curn
930 457 1005 543 ipso
1022 454 1109 524 duce
1129 461 1164 524 ιι

3 556 303 648 Saltzeburgensi
322 554 575 641 archiepiscopo
594 560 626 622 ιι
644 555 718 622 aliis
737 508 848 622 multis
862 553 1066 642 principibus
1081 556 1162 640 glo-

3 639 5 772 Ι
42 659 115 723 riose
133 657 166 722 in
187 653 270 722 sade
288 650 490 740 Aquisgrani
509 657 561 720 est
579 654 837 742 inthronisatus,
856 672 924 720 una
942 671 1016 721 cum
1034 655 1161 766 regina.

4 835 5 838 Ι
3 755 102 842 lpse
121 771 258 840 quoquo
276 754 453 840 imperator
469 751 492 818 F
496 751 674 841 ndoncus
694 758 822 821 mortua
841 770 943 820 uxore
967 770 1029 820 sua
1045 754 1162 838 regina

4 893 5 926 ι
41 853 255 964 Ammonem,
282 858 383 919 matre
410 850 547 938 predicti
575 850 736 941 Baliarici,
761 857 882 939 postea
908 850 1001 918 duxit
1025 869 1161 919 uxorem

41 952 123 1018 iliam
149 953 242 1037 regis
268 950 551 1040 lerosolymitani‚
577 948 619 1017 da
645 969 711 1038 qna
734 951 884 1038 suscepit
909 950 1009 1017 lilium
1027 952 1161 1017 nomino

3 1109 5 1146 r
42 1049 234 1136 torrendum,
253 1055 374 1137 postea
392 1066 515 1135 regem.
534 1102 541 1115 .
561 1103 568 1116 .
587 1101 594 1114 .

4 1167 5 1226 i
99 1146 200 1216 Anno
220 1148 345 1216 domini
362 1149 553 1215 mccxxiii.
571 1153 642 1215 orta
660 1153 713 1215 est
731 1148 923 1234 pestilentia
940 1148 1083 1215 maxima
1099 1165 1162 1236 pc-

4 1295 5 1300 ,
41 1265 136 1316 corum
156 1256 191 1315 et
208 1250 446 1336 iumentorum,
473 1247 637 1335 incipiens
663 1253 699 1314 ut
716 1245 888 1314 dicebatur
904 1246 947 1313 ab
965 1247 1111 1332 Ungaria
1130 1253 1164 1314 et

4 1383 5 1386 =
39 1347 408 1434 peromnesprovincias
419 1347 652 1414 interiacentes
664 1343 1162 1433 transiensusqueadnos.Que

42 1448 124 1512 ctiam
143 1445 278 1513 duravit
297 1445 436 1532 amplius
455 1463 553 1531 quam
570 1463 629 1533 per
646 1446 830 1512 triennium.

100 1546 178 1632 Ipso
204 1562 296 1612 anno
313 1543 487 1611 Heinricus
511 1545 692 1633 episcopus
709 1540 968 1629 Argentinensis
987 1543 1076 1610 obiit.
1104 1540 1163 1610 Cui

39 1643 204 1712 hertoldus
231 1645 408 1710 successit.
439 1641 502 1710 Hic
528 1661 601 1710 cnm
628 1648 722 1710 esset
747 1644 897 1732 iuvenis,
923 1659 1006 1710 sano
1032 1659 1164 1728 semper

40 1749 121 1811 utens
146 1742 311 1831 consilio,
334 1743 368 1808 in
393 1741 546 1809 omnibus
573 1742 716 1828 agendis
741 1742 811 1808 suis
839 1743 1005 1809 seniorem
1023 1759 1061 1808 se
1079 1759 1163 1826 ges-

41 1843 125 1908 sitin
151 1859 276 1928 opera,
300 1847 459 1927 quantum
482 1840 525 1908 ad
550 1847 763 1927 augmentum
789 1857 850 1907 sne
876 1841 1037 1929 ecclesie,
1065 1857 1163 1925 quam

40 1941 96 2006 snis
120 1939 328 2028 temporibus
352 1939 427 2027 plus
453 1939 570 2008 ditavit
593 1958 691 2027 quam
709 1957 825 2009 omnes
844 1941 896 2006 sui
914 1944 1161 2027 antecessores

40 2045 65 2104 et
81 2057 285 2126 quocunque
305 2057 342 2106 se
361 2037 513 2106 vertebat
529 2041 697 2127 prosperis
716 2037 930 2106 successibus
949 2036 1097 2124 pollebat
1103 2089 1113 2126 ‚
1128 2042 1162 2103 et

39 2139 232 2206 monasteria
250 2139 283 2204 in
301 2155 363 2205 suo
383 2139 557 2226 episcopio
576 2139 737 2206 sitasatis
752 2138 893 2204 humane
905 2140 938 2204 ιι
952 2137 1024 2203 sinc
1039 2153 1162 2221 magno

4 2277 5 2288 ι
41 2237 227 2320 gravamine
245 2237 388 2324 protexit
406 2242 440 2303 et
457 2235 557 2323 fovit,
577 2243 677 2324 atquc
692 2237 763 2304 suis
774 2235 874 2303 rebus
888 2240 1067 2303 contentus
1086 2233 1160 2321 luit3

4 2403 5 2406 ,
41 2334 203 2404 etidcirco
224 2336 406 2420 gloriosum
427 2335 489 2402 sibi
509 2353 631 2404 nomen
649 2335 834 2423 acquisivit.

4 2475 5 2528 3
100 2432 201 2502 Anno
222 2433 345 2502 domini
363 2435 555 2501 m.cc.xx.vi·.
573 2434 710 2526 lundata
729 2438 781 2502 est
798 2433 917 2501 domus
927 2431 1016 2521 apud
1029 2431 1163 2518 Argen-

41 2532 128 2600 tinam
153 2535 190 2600 in
217 2533 346 2601 honore
371 2539 486 2600 sancte
514 2533 680 2602 Trinitatis
699 2553 719 2601 a
737 2532 923 2600 Wernharo
942 2531 1163 2621 Marschalco,

3 2631 5 2720 Ι
40 2648 95 2698 ιιι
114 2634 187 2700 sinc
207 2632 303 2717 gravi
320 2633 472 2718 impensa
489 2631 730 2700 Marbacensis.

3 2727 5 2814 Ι
101 2728 202 2799 ιιιιιιο
231 2721 356 2798 domini
380 2732 582 2798 mmccxxvii.
601 2729 778 2801 Bertoldns
797 2726 1053 2814 Argentinensis
1073 2729 1165 2815 epis-

3 2817 5 2954 Ι
41 2845 134 2915 copus
161 2829 332 2918 completo
357 2822 431 2898 sere
450 2846 518 2897 nno
545 2847 661 2898 mense
686 2830 720 2896 in
747 2827 924 2896 obsidione
942 2829 1042 2894 castri
1059 2827 1165 2894 Bern-

3 2915 116 3016 Ιιιιιιι
134 2928 274 2996 tandem
292 2930 497 3014 expugnavit
516 2934 549 2996 ct
566 2929 707 2996 obtinuit
724 2927 814 2994 illud.

103 3024 205 3095 Anno
226 3026 350 3095 domini
367 3046 409 3093 m.
411 3045 460 3094 cc
463 3029 583 3094 anulii
602 3028 771 3096 dissensio
790 3025 902 3111 gravis
922 3031 993 3092 orta
1012 3031 1064 3092 est
1082 3025 1167 3090 inter

41 3121 223 3194 Bartoldum
241 3125 283 3193 de
302 3126 414 3193 'leche
432 3122 712 3211 Argentinensem
736 3126 931 3212 episcopum
950 3130 983 3190 et
1000 3127 1166 3210 cognatos

41 3223 134 3308 ipsius
164 3225 307 3294 comites
332 3223 373 3292 dc
399 3224 483 3292 Pbrt.
519 3223 591 3305 Qua
610 3224 686 3292 dum
705 3225 811 3310 magis
830 3241 870 3290 ac
887 3223 995 3308 magis
1013 3221 1166 3290 invales-

43 3329 135 3412 ceret,
168 3329 242 3393 tota
267 3322 336 3392 sere
362 3324 532 3410 provincia
555 3341 663 3410 usque
690 3322 732 3392 ad
757 3323 931 3390 triennium
948 3320 1114 3388 incendiis
1134 3325 1167 3386 at

43 3423 153 3507 rapinis
173 3419 300 3490 alssicta
318 3429 370 3490 ast
387 3423 521 3510 penitus
540 3427 574 3489 ιι
591 3419 732 3490 vastata.
771 3421 875 3508 Igitur
892 3421 1073 3507 episcopus
1094 3436 1167 3484 cum

45 3521 151 3588 multas
178 3522 398 3589 sustinuisset
423 3522 558 3590 iniurias
578 3522 629 3588 sui
648 3527 681 3588 et
699 3537 851 3610 suorum,
871 3517 1004 3587 tandem
1023 3516 1166 3584 collecto

45 3621 198 3709 exercitu,
227 3621 301 3707 ipse
326 3627 359 3687 ιι
385 3638 497 3688 comes
517 3617 671 3687 hibertus
691 3618 732 3688 de
750 3618 970 3706 Habesburg,
997 3617 1052 3703 qui
1071 3615 1168 3682 simili

45 3717 132 3786 modo
152 3718 406 3806 dampnificatns
431 3719 502 3786 crat
518 3720 552 3785 in
571 3719 702 3807 multis,
727 3721 927 3806 paraverunt
945 3733 982 3782 sc
1002 3715 1044 3782 ad
1062 3715 1167 3782 resis-

45 3815 179 3885 tendum.
214 3817 433 3886 Nihilominus
452 3823 485 3886 ιι
503 3817 730 3886 Phirretenses
756 3815 829 3884 lreti
854 3815 976 3883 auxilio
1002 3819 1035 3882 ot
1052 3813 1167 3882 lavore

47 3915 195 3998 regalium
222 3918 410 4006 civitatum,
439 3921 472 3984 ιι
495 3915 658 3984 habentos
685 3933 798 3984 secum
821 3917 855 3983 in
874 3915 998 3983 auxilio
1017 3915 1169 3986 comitem

46 4009 229 4096 Egenonem
249 4014 291 4082 de
309 4013 463 4104 Friburg,
483 4015 718 4084 contrahentes
736 4031 890 4100 magnam
910 4014 1039 4101 copiam
1057 4031 1168 4080 arma-

47 4113 158 4203 torum,
184 4119 397 4182 occurrerunt
423 4115 473 4181 eis
502 4115 588 4182 inter
604 4113 845 4184 Bladoltzhaim
863 4117 897 4180 ot
913 4111 1103 4180 Hirtzeield.
1129 4111 1170 4177 Et

47 4205 119 4277 lacta
147 4213 390 4298 congressione
416 4214 450 4280 in
475 4212 587 4299 lugam
613 4214 699 4283 vorsi
726 4217 804 4281 sunt
822 4212 962 4282 comites
982 4210 1023 4282 de
1042 4209 1118 4278 Pirt
1136 4213 1169 4277 et
