2878 4834
278 240 349 310 2⁷2
631 268 766 326 urrunnu
789 269 851 318 cnr.
873 269 936 316 nur.
957 267 1059 322 curun.

350 407 393 476 iii.
410 403 555 474 Sanetus
573 406 770 495 Euergislus
795 405 979 496 diseipulus
1006 409 1114 477 saneti
1132 408 1301 500 Severini,
1331 413 1396 498 qui·

277 525 342 596 que
367 509 402 574 in
428 507 567 576 transitu
593 505 682 574 beati
699 507 834 576 Martini
851 505 1009 594 hymnum
1027 509 1218 593 angelicum
1236 527 1308 576 eum
1332 529 1397 578 ma-

276 608 383 694 gistro
402 605 519 672 meruit
535 603 661 697 audire,
676 607 731 694 qni
747 610 867 695 postea
882 604 971 695 apud
987 606 1155 699 Tungrim,
1171 624 1238 697 que
1256 614 1288 677 et
1305 605 1396 678 Oeta·

276 707 350 795 vin,
368 704 607 791 martyrizatur.

350 921 381 971 v.
400 901 600 970 Sirrnoveus.

349 1001 394 1070 vi.
407 999 595 1069 Remedius.

350 1101 404 1168 vii.
422 1099 566 1168 Sanetus
595 1097 795 1166 Kunibertns
825 1097 881 1184 qui
915 1095 1003 1165 sedit
1025 1099 1059 1168 irr
1086 1100 1284 1190 episcopatu
1314 1103 1398 1171 annis

278 1198 509 1289 quadraginta.
535 1198 598 1266 Hie
615 1196 675 1265 luit
692 1196 896 1286 temporibus
913 1196 1033 1264 Eraelii
1049 1199 1255 1288 imperaturis
1272 1207 1306 1270 et
1322 1200 1399 1270 Cur·

277 1300 413 1369 stantini
430 1298 487 1365 lilii
505 1299 589 1379 eius,
607 1313 688 1383 rege
706 1303 816 1365 autem
833 1294 1033 1365 Francorum
1051 1297 1254 1385 Dagoberte.

351 1399 418 1466 viii.
431 1395 622 1466 Bnehadns.

351 1497 430 1566 viiii.
449 1495 647 1584 Stephanus

351 1614 384 1664 x.
408 1593 617 1664 Aldewinus.

351 1695 394 1764 xi.
412 1693 526 1782 Gysn.

351 1793 407 1864 xii.
424 1789 533 1860 Anno.
551 1791 614 1860 Hie
631 1792 784 1880 sepultus
803 1796 855 1862 est
876 1790 1087 1863 adsumtum
1105 1792 1310 1864 Severinum.

351 1893 418 1962 xiii.
436 1888 675 1960 Faramundus.
882 1959 884 1962 .

352 1993 430 2060 xiiii.
450 1990 593 2060 Sanetus
610 1988 835 2080 Agylolphus.
877 1990 975 2060 Hune
1000 1991 1142 2062 llarnlus
1175 1992 1397 2080 mainrdnmus‚

278 2109 362 2161 avus
380 2090 491 2159 llarnli
509 2091 639 2179 magni,
664 2099 780 2160 eontra
796 2090 941 2160 rebelles
959 2097 1055 2177 regui
1080 2109 1184 2160 eausa
1200 2094 1294 2180 paeis
1314 2094 1397 2160 misit.

277 2189 309 2260 A
326 2189 446 2278 quibus
465 2187 592 2258 erudeli
610 2195 713 2259 morte
730 2196 922 2280 peremptus
940 2191 1095 2277 martyrio
1113 2189 1299 2260 decoratur.
1317 2191 1397 2260 Mul-

278 2291 320 2359 tis
338 2289 504 2356 miraculis
523 2289 650 2358 elnrnit

352 2405 406 2456 xv.
421 2385 655 2473 Regenlridus.

352 2487 418 2555 xvi.
434 2485 646 2572 Hildegerus.
680 2484 744 2556 Hie
764 2504 838 2556 eum
862 2486 1002 2575 Pippino
1036 2504 1135 2577 rege,
1173 2492 1270 2576 patre
1299 2487 1397 2556 Kamli

279 2587 406 2676 magni,
434 2585 476 2653 ad
494 2585 616 2653 bellum
635 2592 749 2654 eontra
768 2586 921 2656 Saxones
939 2584 1126 2677 proiectus,
1151 2588 1287 2656 oneisus
1305 2588 1397 2655 estin

279 2692 391 2756 monte
410 2686 466 2774 qui
484 2683 602 2752 dieitur
619 2683 769 2771 Wiburg.

351 2785 429 2854 xvii.
444 2783 674 2852 Bertlreminus
692 2784 754 2851 sub
768 2783 1045 2872 prelatoPippinu
1063 2783 1151 2852 sedit
1167 2785 1266 2852 amris
1284 2784 1396 2853 deeem.

352 2884 440 2953 xviii.
457 2883 661 2970 Rielrolphus
680 2883 743 2950 sub
762 2883 885 2951 llarolo
904 2901 1026 2968 magun
1045 2883 1133 2951 sedit
1150 2884 1248 2951 annis
1265 2885 1341 2951 xxii.

278 3081 495 3150 Ludewinum
515 3080 613 3147 lilium
631 3079 742 3148 Karnli
759 3082 855 3148 unxit
870 3083 904 3148 in
922 3097 1046 3166 regem.
1183 3133 1187 3139 .

354 3197 408 3248 xx.
426 3175 625 3246 Attalnnldns
645 3177 708 3246 sub
725 3179 907 3248 Ludewien
926 3178 994 3248 lilio
1012 3179 1124 3271 llaroli
1142 3179 1241 3248 annis
1256 3181 1331 3248 xxii.

353 3279 420 3346 xxi.
439 3275 626 3345 Guutherus
650 3279 712 3345 sub
736 3277 919 3347 ludewico
938 3277 1003 3346 lrlin
1021 3277 1202 3348 Ludewiei.
1236 3277 1299 3347 Hie
1315 3297 1333 3346 a
1348 3275 1395 3344 Ni-

280 3378 378 3446 eolnn
392 3395 480 3466 papa
498 3379 803 3445 excommunicatus
822 3385 875 3446 est
892 3377 935 3445 ob
948 3377 1034 3444 harre
1047 3393 1194 3445 earrsam.
1210 3376 1393 3445 Ludewians

280 3478 476 3565 imperatur,
495 3476 581 3542 irlius
600 3475 712 3544 Kareli
731 3477 858 3566 magui,
878 3477 994 3544 hahuit
1017 3475 1114 3544 ilium
1136 3477 1271 3544 nomine
1286 3475 1393 3544 Letha-

282 3577 363 3644 rium
379 3577 431 3644 eui
453 3573 547 3644 ltalie
569 3581 708 3660 regnum
731 3577 901 3643 commisit.
933 3572 996 3655 Qui
1013 3574 1191 3642 Lothnrius
1215 3592 1325 3643 amore
1348 3589 1392 3640 ea·

281 3675 376 3742 lestis
395 3676 490 3761 regni
508 3673 700 3760 relinquens
716 3680 881 3742 terrenum
899 3673 1025 3742 Prumie
1042 3665 1239 3741 monaahum
1263 3691 1300 3742 se
1321 3672 1391 3743 lectt

283 3774 397 3842 relietu
417 3791 523 3860 regno
542 3773 608 3840 filiu
633 3789 695 3840 sno
713 3772 882 3842 liuthario.
916 3771 977 3852 Qui
996 3771 1173 3840 lutharius
1192 3772 1305 3840 hahuit
1323 3787 1392 3838 enn-

284 3871 434 3938 eubinam
449 3875 581 3941 nomine
593 3870 817 3959 Waldradam
838 3888 983 3940 summm
1000 3871 1156 3938 Guutheri
1170 3865 1391 3958 arehiepiscop'
1423 3875 1424 3890 ³

285 3969 516 4060 ColoniensiS‚
549 3989 647 4057 quam
672 3973 830 4038 instinctu
860 3970 1018 4038 Guutheri
1041 3969 1191 4037 eiusdem
1218 3966 1392 4058 superduxit

283 4068 430 4154 legitime
454 4070 548 4137 uxori
571 4069 766 4157 Thieperge.
806 4065 857 4138 Ob
883 4087 981 4156 quam
1007 4085 1186 4136 eausanra
1215 4087 1301 4156 papa
1321 4065 1391 4132 idem

285 4165 474 4235 Guutherus
498 4170 803 4238 exeommunieatus
821 4175 882 4238 est.
916 4166 983 4237 Sed
999 4175 1078 4256 pest
1093 4166 1301 4234 interdianum
1318 4163 1391 4251 epis·

286 4266 404 4353 eupale
425 4263 585 4353 officium,
602 4267 788 4352 penitentia
814 4267 933 4336 duetus
956 4265 1092 4335 Romam
1113 4267 1257 4334 veniens
1281 4264 1390 4332 minine
