2888 4824
375 247 538 296 cunomcou
563 243 793 297 rnruouurnnsn.
1081 217 1151 290 393

24 386 151 456 neribus
169 384 321 455 iratribus
341 394 376 456 et
393 387 495 456 tribus
512 385 838 459 Predicatoribus'ac
855 389 959 456 eciam
977 387 1148 474 nigrorum
1169 392 1235 448 ¹234

26 479 214 555 abbatibus¹
233 493 265 556 ct
283 486 414 555 clericis
432 504 494 554 seu
512 485 680 555 nobilibus
694 487 790 556 laicis
807 488 962 575 personis
981 504 1049 556 non
1066 505 1152 576 pau·
1185 511 1187 517 ·

27 589 83 675 cis,
102 584 241 673 publice
266 593 300 653 ct
324 584 532 655 confidenter
558 588 766 674 expurgavit.
800 584 959 673 Idemque
978 602 1091 655 comcs
1110 585 1152 656 de

28 685 138 753 Solmis
152 695 239 752 'cum
265 685 336 752 suis
361 683 455 774 iecit,
475 683 602 752 obortis
620 684 763 754 lacrimis
780 684 913 774 publice
939 683 1077 754 latendo
1092 706 1098 752 :
1116 701 1153 752 se

27 787 140 852 lamam
162 785 280 852 ametis
301 787 388 852 melu
411 783 552 852 beream
571 781 900 872 subse'proseacum.
931 784 972 852 Et
996 785 1153 874 quoniam

27 883 152 968 legitimi
172 889 389 952 accusatores
407 901 476 952 non
492 881 642 974 aderant,
665 883 709 952 ad
725 883 859 954 inlamie
877 885 1153 973 expurgationem

28 981 141 1051 admitti
158 983 231 1050 iure
248 981 441 1051 debuerant.

49 1165 51 1168 v
74 1079 165 1149 ¹lloc
183 1099 273 1150 anno
291 1079 558 1170 Erpbordienses
575 1079 844 1170 ingratitudinem
862 1079 987 1150 domini
1005 1081 1057 1149 sui
1073 1079 1153 1150 Mo-

29 1180 144 1267 guntini
160 1186 196 1248 et
214 1180 377 1250 cliensam
392 1180 770 1268 graviterincurrcbant.
789 1178 953 1261 Quoniam
966 1198 1055 1248 anno
1072 1197 1152 1268 pre-

31 1281 114 1347 terito
140 1278 220 1348 dum
243 1281 277 1348 in
300 1281 394 1366 regis
420 1279 562 1368 quadam
590 1279 708 1349 luisset
726 1279 939 1368 expeditione
957 1279 999 1348 ab
1017 1280 1099 1367 ipsis
1117 1278 1152 1368 in

31 1377 166 1447 curribus
193 1379 228 1447 et
253 1379 409 1447 militibus
434 1381 589 1450 iuvamcn
612 1381 756 1468 petierat
779 1385 813 1448 et
836 1377 1042 1470 subsidium,
1061 1376 1156 1474 quod·

31 1477 96 1546 dum
119 1479 185 1566 ipsi
212 1483 405 1568 renuerant,
433 1478 602 1548 dominum
628 1495 724 1546 suum
750 1479 896 1565 graviter
921 1477 1153 1548 exacerbave-

31 1581 101 1644 runt.
126 1577 251 1644 Postea
268 1595 347 1645 vero
373 1578 481 1666 ipsum
499 1577 698 1646 inadvcntu
715 1575 840 1646 domini
857 1589 917 1665 per
933 1577 1154 1664 compositio-

32 1693 94 1744 nem
118 1674 301 1746 Erlordiam
321 1677 519 1767 invitantes,
544 1676 750 1746 concordare
775 1694 844 1746 non
868 1681 1032 1764 poterant.
1059 1673 1153 1756 Qua-

31 1779 148 1862 propter
163 1773 386 1861 Moguntinus
396 1775 582 1864 Erpbordia
595 1793 669 1844 cum
682 1777 778 1862 gravi
792 1774 1024 1862 indignatione
1033 1788 1153 1860 egres·

36 1890 99 1962 sus,
121 1873 218 1962 ipsos
242 1891 353 1942 coram
370 1891 452 1960 rege
470 1875 505 1943 in
521 1875 776 1944 Franlrenevurt
788 1875 938 1962 proxima
955 1876 1047 1942 curia
1065 1890 1153 1944 eou-

35 1977 125 2061 ucnlt,
151 1973 186 2040 in
211 1972 362 2062 pluribus
387 1991 449 2042 eos
469 1983 653 2044 accusans.
687 1973 954 2062 Erpbordienses
981 1977 1091 2042 autem
1109 1969 1157 2042 ad

36 2070 159 2140 candem
186 2073 311 2142 curiam
330 2092 350 2142 a
366 2089 448 2160 rege
467 2073 576 2163 citati,
599 2073 743 2144 nuncios
760 2073 839 2144 illuc
856 2071 1066 2160 direxemnt,
1092 2089 1152 2140 ra-

36 2175 89 2238 tum
111 2170 253 2240 babituri
277 2171 432 2260 quicquid
459 2189 532 2242 cum
556 2189 638 2258 rege
663 2187 703 2243 ac
726 2171 862 2242 domino
893 2187 955 2240 suo
980 2170 1022 2240 de
1047 2169 1153 2239 forma

37 2271 272 2358 compositionis
300 2271 532 2341 obtinuissent.
558 2269 645 2352 Quid
662 2271 783 2360 plura?
809 2269 928 2339 Nuncii
950 2270 1041 2363 regis
1060 2267 1152 2338 arbi-

36 2368 84 2436 trio
105 2371 284 2455 negocium
311 2371 525 2439 committunt.
558 2368 626 2438 Sed
651 2388 711 2440 rex
735 2369 991 2458 compositionis
1016 2367 1153 2437 iormam

37 2466 194 2536 arbitratus
221 2469 365 2539 nuncios
392 2468 457 2538 lide
482 2471 681 2538 constrinxit
702 2471 877 2558 iuratoria‚
902 2466 993 2556 quod
1011 2469 1040 2536 si
1058 2469 1155 2541 cives
1220 2459 1227 2472 '

37 2563 285 2654 Erpbordienses
301 2566 632 2638 eandemreiutareut
645 2567 1009 2658 sormam‚revcrtentes
1023 2565 1151 2636 seMo-

37 2667 156 2748 guntluo
174 2671 417 2762 presentarent.
444 2665 508 2748 Qui
533 2666 666 2738 domum
683 2668 808 2736 reversi
826 2667 954 2736 civibus
973 2667 1044 2734 suis
1063 2678 1152 2735 con-

39 2769 149 2850 ceptam
166 2784 187 2834 a
205 2782 288 2852 rege
300 2767 559 2855 compositionis
578 2766 716 2836 lormam
741 2767 859 2836 litteris
878 2772 911 2834 ct
927 2759 1039 2834 verbis
1057 2762 1152 2832 relc-

38 2861 144 2932 rebant.
169 2862 277 2945 Quam
296 2863 431 2934 formam
450 2884 525 2936 cum
541 2865 808 2955 Erpbordienses
826 2869 1061 2953 recusassent,
1087 2879 1153 2932 neo

38 2959 119 3029 iidem
135 2964 248 3032 nuncii
266 2965 394 3033 statuto'
410 2965 550 3033 termino
564 2966 692 3034 reversi
707 2963 862 3053 luissent,
878 2963 1153 3052 archiepiscopus

40 3057 65 3124 in
92 3061 180 3148 ipsos
208 3063 562 3135 excommunicationis
587 3063 662 3132 tulit
690 3064 905 3150 sententiam
938 3078 1024 3150 quos
1048 3061 1153 3130 eciam

41 3174 87 3224 rex
106 3161 252 3248 proxima
274 3163 381 3252 curia,
401 3163 489 3231 circa
507 3161 628 3232 lestum
651 3161 798 3232 Udulrici
818 3159 895 3253 [iuli
911 3158 952 3254 ll]
971 3161 1006 3230 in
1022 3157 1153 3230 Alden-

42 3253 105 3324 burc
121 3253 248 3348 habita,
274 3278 335 3330 suo
360 3261 472 3329 banno
491 3279 530 3330 ac
548 3263 640 3350 regie
657 3261 891 3351 proscriptioni
910 3257 1156 3331 sententialiter

31 3353 200 3447 ¹innodavit.
227 3357 437 3450 Quapropter
460 3361 505 3428 illi
530 3359 572 3430 do
598 3359 783 3450 Erpbordia
801 3379 821 3428 a
839 3365 958 3448 quarta
975 3358 1058 3428 seria
1075 3362 1153 3426 anta

42 3454 148 3538 palmas
163 3477 272 3546 usquc
289 3460 323 3527 iii
342 3459 404 3529 lral.
423 3461 558 3546 augusti
579 3455 665 3550 [apr.
686 3461 729 3528 12
741 3459 850 3528 -iuli
870 3455 934 3548 30]
955 3456 1075 3524 divinis
1093 3473 1153 3526 ca-

43 3561 172 3645 ruerunt,
191 3575 259 3645 quo
278 3557 349 3647 dio,
367 3557 589 3626 mediantibus
606 3559 793 3646 lantgravio
814 3563 914 3644 atquo
932 3555 1069 3644 prelatis
1087 3553 1152 3622 Er-

44 3648 299 3747 pbordiensibus‚
328 3659 526 3746 compositio
554 3658 762 3727 statuebatur
786 3663 819 3725 et
838 3654 1068 3724 satisfactione
1086 3671 1152 3742 pe-

44 3752 167 3822 cuniaria
185 3755 448 3826 confirmabatur.
477 3756 600 3844 Sicque
618 3756 731 3826 divina
748 3760 915 3843 resumpta
933 3760 1020 3824 sunt.

101 3849 167 3920 lloc
183 3871 271 3923 anno
290 3855 394 3924 hiems
413 3855 682 3946 asperrimorum,
701 3854 787 3924 adeo
805 3862 842 3923 ut
858 3855 892 3922 in
908 3851 1152 3922 mediterraneo

47 3949 109 4014 mari
130 3951 296 4022 institores
324 3953 498 4024 Venetiam
525 3971 598 4024 oum
624 3956 770 4025 oneratis
798 3953 983 4021 summariis
1005 3949 1151 4040 pedestri

45 4041 140 4116 itinere
163 4069 220 4140 per
244 4053 388 4138 glaciem
413 4053 607 4140 transirent3
634 4072 699 4142 quc
722 4070 841 4142 nempe
860 4053 966 4120 biems
984 4069 1053 4120 non
1070 4069 1152 4138 par-

47 4156 105 4210 vam
119 4165 173 4235 per
190 4156 290 4220 totam
308 4152 434 4220 ltaliam
452 4153 487 4220 in
504 4153 612 4222 vineis
632 4159 665 4221 et
683 4153 816 4222 olivetis
834 4151 945 4222 intulit
963 4148 1102 4220 cladem.

74 4250 99 4316 1)
114 4257 186 4320 ariaci
202 4261 261 4316 aiud
280 4261 488 4330 Glalerciensar,
506 4261 574 4330 nigri
593 4260 793 4317 Batradictiner.
