2888 4824
286 241 361 310 tlt
646 269 811 316 canonicos
833 270 1060 316 snroouorrnsu.

204 422 270 478 rasa
288 407 480 497 celebrauit,
505 425 546 476 ac
565 405 705 476 infesto
731 407 960 496 apostolorum
981 407 1024 476 ad
1050 407 1169 478 iratres
1187 407 1420 481 Predicatores

285 525 400 577 sacras
417 507 574 594 Virgines
590 506 725 574 velavit.

358 606 432 674 lloe
446 604 758 674 onnoFlandrensis
774 605 944 674 comitissa
958 605 1147 676 coadunato
1161 609 1301 696 copioso
1316 626 1417 676 cnmm

285 707 353 774 citu
377 705 577 773 Francorum
601 709 702 791 atque
727 703 993 794 blandiendum,
1013 706 1143 774 scilicet
1161 707 1192 774 cl
1208 707 1311 774 millia
1327 726 1417 794 pug-

285 811 438 873 natorum
449 857 458 893 ,
477 803 597 872 direxit
618 809 733 872 contra
756 821 870 888 regem
884 802 1139 872 willehelmum.
1166 803 1231 886 Qui
1247 806 1304 874 iiii.
1320 807 1419 874 nonis

285 904 355 972 iulii
374 899 450 994 [iuli
467 900 512 994 d]
528 903 666 987 navigio
685 920 728 970 cx
745 903 824 970 mari
842 901 934 970 velut
952 903 1084 971 locuste
1102 904 1329 995 prodeuntes,
1358 922 1418 971 suo

285 999 466 1071 infortunio
490 1001 531 1069 od
555 1007 672 1068 terram
697 1000 892 1069 Zelandiam
909 1009 1091 1091 venerunt,
1118 1020 1159 1070 ac
1184 1004 1335 1092 ipsorum
1360 1003 1420 1070 oli*

287 1102 344 1189 qui
370 1100 536 1188 quandam
560 1100 672 1168 villam
694 1099 871 1168 vastabant
894 1100 1056 1168 incendiis
1078 1107 1112 1168 et
1128 1103 1266 1190 rapinis.
1292 1100 1421 1183 Quibus

286 1199 386 1268 irater
402 1201 492 1286 regis
510 1199 697 1268 Florentius
716 1216 789 1267 cum
810 1199 915 1286 ipsius
940 1200 1194 1286 consanguineo
1222 1199 1315 1270 dicto
1334 1254 1342 1267 .
1361 1253 1396 1268 ..

287 1300 344 1386 qui
375 1299 495 1368 eodem
524 1297 579 1366 die
605 1296 726 1365 dictum
751 1293 950 1366 Florentium
973 1297 1088 1384 gladio
1112 1300 1308 1368 accinxerat
1333 1301 1399 1368 mili

286 1398 358 1485 tari,
374 1403 527 1486 potenter
543 1413 722 1465 accurrens
732 1449 741 1486 ,
760 1403 839 1484 post
861 1397 983 1466 multos
1011 1403 1049 1465 etv
1062 1397 1214 1466 diversos
1232 1398 1408 1468 conllictus

287 1503 405 1566 contra
433 1513 495 1564 eos
523 1496 736 1564 victoriosum
767 1495 910 1563 obtinuit
935 1495 1139 1584 triumphum.
1181 1498 1232 1566 lta
1257 1497 1356 1584 quod
1382 1498 1414 1566 da

287 1600 380 1662 tanta
403 1594 609 1663 multitudine
633 1594 744 1662 nullus
761 1591 936 1684 evaderet,
961 1596 1142 1664 innumeris
1168 1595 1309 1664 inmari
1337 1597 1400 1666 sub

287 1694 425 1782 mersiS,
453 1711 493 1762 ac
511 1691 711 1780 quibusdum
730 1692 774 1759 ad
792 1694 938 1780 quinque
964 1689 1100 1784 [millia]
1122 1693 1313 1785 trucidatiS‚
1337 1697 1405 1764 inte
1419 1719 1424 1752 ‹·

288 1809 375 1880 quos
394 1791 578 1860 Gnidonem
595 1790 750 1859 Flandrie.
763 1793 913 1859 comitem
923 1843 933 1881 ,
951 1791 1139 1860 lobannem
1153 1793 1290 1862 tratrem
1304 1795 1419 1883 ipsios,

288 1892 442 1960 eonntem
456 1892 639 1960 Barensem
649 1897 683 1958 et
692 1889 824 1958 tratrem
837 1891 910 1958 eius
921 1892 1074 1960 comitem
1089 1890 1131 1960 de
1148 1892 1251 1960 Gines
1268 1899 1305 1961 et
1324 1911 1421 1981 quam

287 1991 446 2079 plurimos
464 1990 645 2059 nobiliores
661 1988 831 2079 blandae,
858 2006 922 2058 neo
939 2007 1009 2058 non
1030 1990 1217 2076 burgenses
1237 1990 1419 2061 ditissimos

285 2091 451 2179 captivos,
477 2106 536 2157 rex
562 2088 652 2156 duris
681 2089 861 2178 mancipari
886 2087 1057 2156 mandavit
1077 2089 1238 2178 vinculis,
1262 2109 1420 2178 maguam

284 2189 424 2277 insuper
445 2187 553 2274 plebis
575 2185 816 2254 multitudinem
835 2188 928 2272 regia
951 2186 1149 2256 liberalitate
1166 2195 1251 2256 terre
1272 2208 1337 2257 sue
1361 2192 1421 2256 mia

287 2285 499 2354 sericorditer
516 2287 648 2354 remisit.
677 2285 762 2354 Sunt
782 2290 891 2352 autem
912 2287 946 2352 iu
966 2285 1085 2354 eodem
1108 2287 1198 2356 bello
1218 2305 1286 2374 que
1303 2291 1338 2356 in
1360 2307 1420 2376 ρο·

285 2389 440 2452 testatem
466 2386 557 2470 regis
582 2390 824 2453 concesserunt
847 2402 890 2451 ex
908 2384 1044 2473 scyphis
1063 2392 1096 2452 et
1119 2386 1270 2454 scutellis
1292 2405 1418 2473 argen-

285 2481 351 2552 teis
371 2487 591 2552 trecentarum
612 2501 796 2551 marcarum
818 2484 988 2571 estimato,
1003 2477 1118 2570 ¹preter
1136 2502 1254 2553 naves,

359 2579 433 2650 Hoc
447 2585 536 2650 anno
552 2583 587 2650 in
602 2582 727 2670 oppido
745 2580 911 2650 ltlisnensi
931 2581 1099 2669 quoddam
1119 2582 1219 2651 valde
1244 2581 1418 2653 commeo*

286 2680 386 2748 tabile
411 2682 552 2767 contigit
570 2681 772 2750 miraculum.
799 2679 882 2747 Nam
898 2680 1062 2768 plebanus
1081 2680 1167 2749 dicte
1187 2682 1265 2751 ville
1283 2683 1363 2752 dum
1380 2681 1418 2750 ad

286 2779 489 2848 visitandum
507 2782 541 2847 in
556 2781 679 2848 vicinia
688 2780 859 2866 intirmum,
874 2796 947 2847 cum
957 2797 1096 2866 corpore
1111 2779 1234 2849 domini
1249 2781 1292 2850 de
1309 2783 1416 2850 eccle-

288 2878 339 2945 sia
364 2877 563 2966 procederet
586 2879 765 2947 comitante
787 2877 930 2967 populo,
957 2879 1074 2946 asinus
1101 2879 1234 2966 quidam
1265 2880 1311 2948 ad
1334 2882 1417 2948 viam

288 2974 479 3064 depascens
491 2979 577 3046 inter
592 2977 706 3065 plures
723 2993 814 3044 more
830 2975 931 3044 solito
949 2976 1078 3066 stabat,
1096 2979 1151 3064 qui
1169 2979 1297 3066 poprdo
1317 2997 1415 3066 speo-

287 3079 379 3142 tante
397 3081 498 3161 abpue
514 3075 739 3164 geniculante,
760 3073 854 3142 velut
873 3075 994 3142 animal
1010 3077 1173 3144 rationale
1188 3082 1261 3146 toto
1280 3095 1415 3166 corporo

287 3179 475 3261 prostratus
489 3191 586 3242 suum
600 3174 1304 3244 venerabaturereatorem.Etnecasusbic
1317 3177 1415 3244 eciam

287 3288 357 3340 non
372 3273 571 3340 miraculose
587 3273 774 3359 contigisse
791 3270 959 3362 videatur,
977 3273 1011 3340 in
1024 3274 1216 3342 reversione
1233 3274 1416 3342 sacerdotis

287 3369 375 3438 idem
393 3369 516 3438 lactum
532 3373 685 3460 protinus
700 3371 839 3438 iteravit.
865 3368 971 3439 Huius
990 3372 1037 3438 rei
1057 3377 1162 3440 testes
1175 3373 1285 3460 ipsum
1301 3373 1413 3442 iactum

286 3467 439 3538 videntes
465 3475 543 3537 sunt
566 3468 671 3538 abbas
695 3469 878 3554 cellensis,
895 3469 1001 3536 lector
1018 3468 1152 3538 fratrum
1172 3471 1410 3540 Predicatorum

286 3568 320 3634 in
336 3566 476 3636 Vriberc
494 3574 528 3636 et
548 3569 706 3654 magister
726 3567 984 3655 Christophorus
1002 3571 1265 3656 protonotarius.

361 3664 434 3734 Hoc
447 3685 535 3735 anno
550 3668 595 3734 iii.
610 3666 685 3734 idus
702 3666 814 3754 aprilis
828 3667 912 3734 obiit
926 3665 1113 3735 Friderieus
1129 3667 1240 3736 dictus
1254 3667 1295 3736 de
1315 3670 1412 3737 Tunc.

287 3759 415 3832 Eodem
438 3784 527 3835 auno
548 3765 777 3834 Theodericus
796 3764 904 3834 dictus
925 3766 1105 3854 episcopus
1118 3768 1180 3834 iiii.
1200 3766 1277 3834 idus
1300 3769 1368 3835 iulii
1384 3769 1410 3834 io

289 3859 435 3931 claustro
451 3863 550 3932 beate
566 3863 670 3932 llario
686 3864 825 3949 virginis
843 3859 922 3954 [ad]
941 3863 1112 3954 capellam,
1132 3868 1355 3954 sequentique
1365 3867 1410 3934 dic

290 3975 365 4025 cum
381 3961 556 4051 sollempni
573 3963 790 4050 processione
806 3961 902 4051 cleri,
920 3963 1013 4030 iuxta
1028 3961 1154 4030 iontem
1169 3965 1204 4030 in
1223 3982 1290 4051 quo
1313 3965 1409 4033 domi·

290 4056 398 4124 nioum
423 4075 545 4148 corpus
566 4060 672 4129 iuerat
690 4063 877 4149 inventum,
897 4059 940 4128 ad
961 4061 1139 4128 ecclesiam
1161 4064 1408 4131 construendam

289 4155 475 4244 primarium
491 4161 603 4246 posuit
618 4159 770 4248 lapidem.
798 4157 871 4226 Hoc
889 4177 977 4226 anno
995 4160 1037 4225 iii.
1055 4177 1132 4228 non.
1153 4161 1300 4229 octobris
1321 4161 1409 4230 dedi-

291 4259 366 4321 cata
383 4261 435 4322 est
450 4255 590 4326 basilica
606 4257 704 4326 beate
719 4257 867 4344 Virginis
877 4257 1061 4346 Erphordie
1077 4258 1118 4328 ab
1133 4260 1297 4349 episcopo
1308 4261 1410 4328 Theo-
