2878 4834
401 174 534 220 canaram
557 173 621 222 car.
645 175 709 222 rur.
732 175 832 222 conon.
1113 149 1183 218 279

61 313 185 380 mulata.
213 310 307 380 Sedit
324 316 433 380 autem
451 309 513 379 sub
531 310 699 382 Fridorioo
717 318 752 382 et
769 311 924 382 Hannon
943 314 1010 382 blio
1029 316 1102 385 eius
1120 316 1184 384 im·-

124 511 219 577 xliiii.
245 509 418 580 Sueeessit
439 509 549 576 ano
572 508 677 577 maior
699 465 901 600 prepositus.
933 507 996 580 Hie
1012 529 1100 600 pene
1119 529 1185 582 eo-

60 609 128 678 dem
144 607 249 676 modo
266 625 334 695 quo
353 615 387 676 et
403 606 573 678 seeundus
590 607 787 699 Friderious,
805 609 900 676 ouius
919 607 1018 678 irater
1035 615 1107 680 erat
1121 629 1185 680 se-

59 706 196 777 eundum
223 725 375 797 earnem,
401 707 632 796 episeopatum
654 705 796 796 adeptus
821 712 883 774 esi.
912 706 996 776 Nam
1019 725 1093 776 oum
1114 709 1184 778 Lo*

58 807 175 874 thurius
193 806 387 875 Bonnensis
404 806 596 896 prepositus
616 807 778 874 eanonioa
795 805 915 874 luisset
933 807 1079 897 elnotus,
1103 826 1184 895 pro-

58 904 120 973 dito
144 905 292 972 oonsilio
318 905 368 972 sie
389 905 652 994 propinquorum
667 903 835 974 Brunonis
851 905 995 974 viromm
1011 912 1184 994 potentum
1280 953 1301 978 „

57 1005 144 1071 minis
163 1009 219 1071 est
236 1004 379 1095 territus,
397 1009 437 1072 ut
453 1003 610 1072 eleotioni
626 1003 661 1072 in
680 1019 718 1071 se
736 1002 823 1072 laete
841 1005 875 1070 in
893 1005 1038 1092 eapitnlo
1056 1023 1184 1074 renun-

57 1105 153 1170 tiaret.
171 1101 360 1190 Statimque
376 1103 489 1171 bruno
507 1101 647 1188 eligitur.
666 1100 736 1170 Sub
755 1119 822 1190 quo
840 1099 995 1172 Albertus
1012 1103 1183 1172 Laouian-

59 1203 100 1269 sis
125 1203 311 1289 episeopus
338 1199 426 1290 apud
449 1199 561 1270 Remis
592 1201 727 1270 oeoisus
753 1207 822 1288 est;
846 1206 981 1289 propter
1006 1201 1184 1288 quodiam

59 1299 158 1368 dietus
175 1299 366 1390 Lotbarius,
390 1300 447 1386 qui
472 1299 667 1368 auetoritate
690 1297 836 1368 Heinrioi
859 1300 1068 1387 imperatoris
1092 1301 1184 1388 epis-

60 1405 207 1486 eopatum
231 1397 458 1466 Leodiensem
482 1403 723 1488 oooupaverat,
748 1397 902 1470 omnibus
928 1397 1100 1466 benefieiis
1123 1417 1184 1466 ao·

59 1498 251 1566 elesiastiois
268 1499 427 1586 privatus,
445 1515 519 1564 oum
535 1495 671 1566 Romam
687 1503 825 1587 peteret,
843 1497 877 1564 in
893 1497 948 1564 via
966 1497 1056 1568 obiit.
1075 1498 1184 1567 Bruno

58 1614 128 1665 vero
151 1614 230 1664 oum
255 1602 390 1684 propter
410 1601 620 1664 sonentutem
638 1601 673 1664 et
689 1602 755 1664 tam
775 1595 925 1684 eorporis
944 1613 1042 1682 quam
1061 1613 1184 1664 sensns

58 1694 309 1762 imbecillitatem
339 1693 382 1764 ad
412 1699 503 1762 tante
527 1694 672 1764 eoelesie
696 1695 846 1782 regimen
870 1695 979 1762 minus
1005 1693 1183 1784 sufficeret,

23 1875 26 1884 y
58 1795 107 1861 vix
121 1811 189 1862 uno
208 1811 299 1862 anno
317 1794 442 1882 potitus
467 1793 660 1883 episeopio,
685 1793 880 1862 eonvooatis
898 1792 1052 1862 omnibus
1071 1794 1184 1862 eoele-

61 1893 103 1960 sie
119 1909 180 1960 sue
197 1892 364 1982 prioribus
383 1897 484 1978 atque
502 1892 689 1983 notitiem,
713 1893 809 1978 virga
834 1891 1113 1980 pastoralisnper
1131 1892 1182 1960 al—

60 1998 120 2058 tare
145 1991 239 2060 beati
261 1991 346 2058 Petri
369 1991 496 2081 posita,
522 1992 753 2080 episeopntum
774 1990 970 2076 resignavit.
998 1989 1121 2077 Sioque
1140 1990 1183 2058 ad

61 2089 181 2158 domum
199 2091 409 2176 bergensem
427 2106 466 2157 so
483 2089 706 2176 transferens,
732 2091 767 2158 in
783 2088 898 2158 babitu
922 2087 1099 2158 defunetus
1118 2095 1181 2178 est,

60 2195 88 2254 et
102 2188 342 2257 iuxtafratrem
360 2205 455 2257 snum
471 2187 671 2258 Friderieum
689 2190 886 2276 episeopum
903 2188 1064 2276 sepultus.

124 2288 188 2355 xlv.
214 2286 334 2356 Adbue
347 2289 508 2364 ‚brunone
525 2288 671 2376 vivente,
695 2287 861 2356 sueeessit
878 2286 964 2354 tilius
983 2285 1090 2356 fratris
1108 2287 1181 2354 eius

60 2383 244 2475 ridulphus,
264 2391 297 2453 et
312 2387 386 2473 ipse
404 2385 537 2454 maioris
555 2387 702 2456 eoolosie.
719 2386 919 2474 prepositus.
952 2384 1022 2454 Sub
1039 2387 1105 2454 isto
1123 2401 1182 2454 se-

61 2483 159 2553 cunda
183 2483 354 2573 expeditio
376 2482 465 2552 taeta
482 2489 535 2552 est
554 2492 668 2554 eontra
686 2484 894 2574 Saraeonos,
921 2483 1056 2554 domino
1073 2483 1182 2552 Hein-

60 2583 119 2649 rieo
136 2592 236 2652 sexto
254 2584 460 2671 imperatore.
486 2583 567 2652 Post
584 2585 679 2654 unius
693 2589 829 2652 mortem
846 2590 953 2652 ortum
967 2588 1020 2652 est
1037 2582 1182 2652 sohisma

60 2681 88 2746 in
102 2683 248 2771 imperio.
274 2681 356 2749 Nam
373 2681 522 2770 pluribus
543 2701 585 2751 ex
601 2683 805 2771 prinoipibus
823 2681 1018 2769 Philippum,
1037 2679 1181 2748 Heinrioi

61 2782 174 2848 oesans
199 2798 394 2867 germanum
419 2785 453 2847 et
477 2780 595 2850 dueem
615 2781 756 2870 Suevie,
784 2782 818 2848 in
835 2779 1180 2867 regem-eligentibus,

62 2893 124 2945 eum
148 2879 273 2948 domini
294 2877 439 2968 Adolpbi
457 2895 661 2948 eonsensum
678 2879 720 2948 do
739 2878 856 2948 eodem
875 2879 1043 2967 Philippo,
1070 2895 1181 2964 neque

61 2973 181 3045 deeius
200 2977 533 3067 eognatoFriderieo‚
552 2977 696 3046 Heinrioi
713 2977 791 3059 silio,
809 2979 862 3046 eui
875 2978 1046 3066 prinoipes
1063 2993 1179 3044 omnes

61 3073 254 3166 iuraverant,
280 3076 403 3144 babere
429 3094 497 3146 non
519 3082 679 3166 possent,
703 3078 777 3164 ipse
803 3094 883 3146 vero
907 3077 1180 3168 arehiepiscopus

61 3169 180 3244 iaverrte
198 3175 263 3244 sibi
280 3174 416 3244 domino
433 3174 629 3245 Innooentio
652 3193 741 3264 papa
758 3171 913 3244 Ottonom
932 3176 1084 3244 eomitem
1102 3174 1180 3242 Pio-

63 3273 158 3340 tavum
181 3274 293 3360 elegit.
333 3270 412 3342 Cum
443 3291 510 3362 quo
539 3275 706 3345 divitatem
737 3275 863 3360 regiam
887 3273 1092 3360 Aquisgrani
1119 3289 1180 3340 ex-

64 3385 203 3456 pugnans
213 3425 223 3462 ,
249 3371 372 3441 ibidem
397 3390 471 3440 eum
488 3375 580 3442 unxit
603 3381 636 3441 et
654 3375 835 3444 ooronavit.
859 3369 889 3440 A
907 3389 974 3459 quo
992 3389 1060 3440 non
1077 3371 1179 3438 multo

64 3475 128 3552 post
151 3471 358 3559 quorundam
375 3472 516 3540 oonsilio
535 3489 675 3542 aversus
685 3521 695 3561 ,
722 3473 842 3541 timens
862 3471 1002 3540 etiamsi
1020 3471 1053 3536 in
1072 3486 1179 3554 regno

65 3567 315 3660 eonirmaretur,
342 3569 434 3656 quod
457 3570 544 3640 mala
567 3572 651 3658 patri
673 3571 846 3640 suoillata
862 3570 897 3637 in
915 3568 1092 3640 adelasiam
1110 3566 1178 3636 Co-

65 3659 233 3737 loniensem
251 3669 461 3759 vendicaret,
488 3669 639 3757 Philippo
657 3670 778 3759 astitit,
805 3674 839 3737 et
865 3669 1011 3755 uiditque
1035 3665 1178 3734 millibus

66 3777 230 3834 marearum
257 3767 299 3834 ab
320 3785 361 3836 eo
388 3768 554 3858 aooeptis,
579 3767 733 3838 omnibus
752 3785 817 3855 que
835 3767 975 3836 inillam
994 3764 1082 3834 laeta
1099 3763 1178 3832 lue-

67 3867 126 3928 rent
141 3867 301 3955 eassatis,
319 3863 424 3953 Aquis
444 3865 594 3935 seeundo
614 3868 796 3936 eoronevit.
826 3865 962 3954 Propter
980 3863 1071 3952 qnod
1088 3883 1108 3931 a
1125 3865 1177 3932 iu-

68 3955 177 4031 dieibus
203 3964 389 4032 Innooentii
404 3983 498 4054 pape
516 3967 552 4034 in
568 3966 707 4034 civitate
721 3964 915 4036 Coloniensi
933 3963 1107 4052 depositus
1127 3968 1179 4032 est

67 4054 348 4151 irrecuperabiliter.

126 4161 196 4232 xlvi.
223 4162 395 4259 Suooessit
419 4161 531 4230 Bruno
558 4161 750 4230 Bonnensis
778 4161 979 4252 prepositus.
1013 4159 1075 4230 Hie
1100 4163 1178 4248 post
