2884 4834
386 287 547 334 eorrnroes
568 287 605 333 or
627 286 791 334 uxsnmcxx.
1086 259 1156 328 127

37 431 205 495 remeasset
226 432 263 493 et
281 425 321 494 de
342 431 431 495 statu
451 426 545 513 regio
571 424 741 514 dignitatis
762 431 935 517 tractaret,
954 426 1070 494 statuit
1091 425 1155 495 sibi
1175 437 1241 495 tans

37 526 226 592 mansionem
243 527 279 592 im
293 525 393 615 opido
408 525 672 615 Hagenorvemsi,
691 525 836 614 indeque
854 526 917 594 iter
930 527 1065 614 arripuit
1082 544 1160 594 ver-

38 645 83 693 sus
98 621 288 715 niustriam,
304 631 420 694 contra
439 642 552 711 regem
572 625 792 694 Bobemorum
812 631 909 713 prout
931 626 1085 714 superins
1109 630 1161 705 est

53 725 250 810 rescriptum.

37 744 51 811 p
95 819 193 890 Anno
213 822 340 890 domini
358 821 583 892 mcclxxxix.
602 821 971 909 crastinolllnrgarethe
999 819 1075 913 [iuli
1093 821 1156 914 te]
1177 841 1243 896 1289

38 921 190 1009 protectus
218 929 274 990 est
292 921 445 990 dominus
470 921 632 991 Rudollus
657 922 710 991 dei
730 925 835 1008 gratia
853 921 1074 992 Romanorum
1092 941 1160 1012 rex,

39 1039 134 1087 eomes
161 1021 336 1106 quondam
361 1022 395 1088 in
419 1019 692 1111 Habichesburg,
717 1037 806 1089 anno
826 1023 920 1108 regni
939 1023 991 1089 sui
1008 1021 1162 1090 decimo-

39 1126 119 1186 sexto
145 1127 268 1188 eomlra
294 1119 578 1210 archiepiscopum
598 1129 632 1188 et
650 1121 815 1188 civitatem
835 1121 983 1210 bysunt,
1003 1118 1162 1208 Otlynnm

40 1220 172 1286 comitem
197 1219 395 1305 Burgundie
422 1237 461 1288 ae
485 1221 687 1306 generaliter
711 1227 828 1288 contra
855 1237 985 1288 ornnem
1011 1219 1161 1309 Galliam,

39 1335 125 1384 causa
143 1319 347 1408 reipublice,
366 1315 464 1386 idest
477 1318 520 1387 ad
534 1318 794 1408 recuperandum
814 1320 973 1388 honorem
992 1325 1025 1386 ct
1042 1319 1163 1387 bonam

41 1415 140 1482 lamam
167 1419 274 1484 lolius
302 1418 505 1508 Theulnnie,
533 1437 597 1506 que
623 1419 709 1487 lama
736 1417 912 1505 denigrata
935 1417 994 1486 luit
1021 1426 1055 1485 et
1079 1417 1164 1486 odor

42 1515 132 1581 bonus
153 1512 333 1584 Alemanie
356 1524 499 1586 mutatus
517 1519 551 1585 im
571 1517 675 1586 locem
701 1526 836 1607 propter
854 1517 1085 1586 detestandam
1107 1517 1163 1586 ln-

43 1633 103 1697 gam
121 1616 275 1704 episcopi
293 1617 489 1685 basiliensis
506 1623 539 1685 et
555 1635 668 1686 eorum
687 1619 743 1704 qui
758 1635 831 1686 cum
847 1635 888 1686 ec
906 1624 1010 1707 erant,
1026 1618 1060 1684 in
1076 1634 1164 1685 com·-

44 1711 114 1778 lictu
136 1711 256 1783 contra
281 1717 433 1783 comitem
451 1715 493 1785 de
514 1715 729 1805 blomtpeliart
747 1721 781 1784 et
794 1734 896 1806 suos,
915 1718 971 1806 qui
993 1733 1164 1804 nunqnam

45 1813 206 1896 evaginato
238 1814 352 1902 gladio
380 1833 443 1882 meo
466 1816 590 1884 vultum
621 1815 829 1884 detensionis
851 1815 1028 1884 habentem
1050 1815 1164 1901 lugam

45 1907 127 1976 dedit.
153 1911 232 1980 Non
260 1915 346 1981 enim
367 1913 401 1980 in
424 1914 535 1983 odium
552 1915 657 2002 ipsius
678 1915 802 1984 domini
821 1913 981 2000 fugientis
1001 1913 1091 1981 istud
1112 1919 1166 1981 est

13 2003 14 2048 l
48 2012 278 2098 conscriptum,
298 2012 359 2080 sed
383 2019 419 2079 nt
439 2014 494 2082 alii
513 2014 643 2082 mobiles
667 2010 838 2082 Alemonic
860 2030 950 2081 more
976 2013 1165 2080 'theutuni-

13 2131 15 2222 ,
46 2123 138 2175 eornm
156 2111 332 2179 audacium
347 2131 421 2180 cum
440 2114 562 2180 astutia
578 2119 816 2182 manuteneant
834 2119 1062 2201 competenter
1081 2118 1114 2178 et
1129 2117 1166 2178 ut

13 2223 14 2284 r
49 2207 170 2275 animosi
186 2212 372 2278 animosius
387 2213 582 2301 animentur,
603 2214 698 2279 sicuti
713 2229 878 2297 generosa
891 2227 1043 2299 propago
1057 2211 1164 2298 ipsius

13 2347 14 2378 r
48 2301 152 2373 domimi
169 2307 409 2399 delinquentis,
430 2312 485 2398 qui
501 2310 542 2378 ab
559 2313 696 2398 antiquo
716 2319 749 2378 et.
765 2313 877 2397 longis
896 2312 1067 2379 retroactis
1080 2317 1164 2377 tem·

13 2407 14 2416 ’
50 2404 165 2487 poribus
182 2427 243 2496 pre
269 2409 422 2476 omnibus
445 2405 616 2478 Alemanie
635 2409 803 2478 mobilibus
822 2412 930 2496 gestis
948 2409 1165 2479 nobilissimis

14 2563 15 2598 ,
51 2507 76 2566 et
89 2501 205 2574 lloridts
223 2507 334 2576 llornit
350 2507 608 2577 habundantius.

111 2600 230 2673 Habuit
260 2608 346 2674 enim
369 2606 518 2695 prelatus
541 2605 875 2677 dominuslludollns
891 2625 951 2676 rex
968 2607 1001 2673 in
1025 2604 1166 2694 expedi-

53 2697 127 2767 tione
142 2698 292 2790 predicta
314 2706 479 2774 sexmilia
503 2709 667 2795 equitum,
686 2724 824 2794 quorum
850 2705 1022 2774 duomilia
1042 2712 1075 2772 et
1095 2710 1166 2772 tre-

54 2799 123 2865 centi
136 2801 267 2872 luerunt
288 2805 436 2895 valerati,
457 2813 491 2874 el
504 2813 635 2874 eentum
655 2807 742 2873 milia
762 2803 909 2894 peditum
928 2811 962 2872 et
978 2802 1164 2871 octodecim

14 2951 15 2970 r
55 2893 139 2987 milia,
156 2905 230 2971 ou'm
247 2905 404 2972 trecentis
422 2921 573 2972 curruum
588 2912 622 2973 et
637 2905 810 2994 bygarum.
825 2903 961 2972 Intravit
977 2905 1164 2990 itaqoepo-

56 2997 143 3064 tenter
155 3001 289 3070 Galliam
314 3009 347 3070 et
365 3002 498 3072 obsedit
516 3005 681 3072 civitatem
696 3005 978 3092 Bysuntinemsem
993 3009 1167 3090 metropo—

14 3113 16 3190 ἶ
55 3088 185 3189 litanam,
217 3101 382 3170 destruxit
401 3109 538 3189 segetes
560 3105 703 3171 civitatis
727 3102 877 3171 eirrsdem
903 3107 936 3170 et
957 3102 1075 3169 vineas
1102 3099 1167 3168 de·-

14 3195 15 3240 l
57 3197 196 3288 vastavit,
216 3202 394 3288 municipia
410 3207 443 3269 et
458 3202 555 3270 villas
573 3203 704 3270 exussit
720 3209 754 3270 et
768 3201 1002 3290 depopulavit,
1021 3217 1061 3270 ac
1079 3201 1168 3266 mul-

58 3291 98 3355 tas
117 3293 311 3367 insolentias
320 3351 329 3389 ‚
354 3300 488 3368 lavante
511 3319 584 3368 eum
612 3299 723 3369 divina
749 3301 925 3369 clementia
947 3307 980 3367 et
1011 3301 1168 3384 exigente

59 3392 141 3470 partis
164 3397 304 3466 adverse
327 3399 467 3491 malitia,
494 3401 528 3467 in
546 3401 621 3488 ipsa
639 3400 744 3468 Gallia
767 3399 980 3488 perpetravit.
1007 3397 1168 3464 Necnon

60 3488 268 3564 universaliter
285 3498 392 3585 ipsam
413 3497 550 3566 Galliam
572 3497 737 3566 arridente
753 3498 815 3566 sibi
834 3499 964 3566 fortuna
980 3494 1168 3583 depopulo-

62 3583 133 3656 tione
153 3591 337 3683 hominnm,
357 3596 524 3665 ablatione
547 3614 669 3686 rerum,
689 3599 888 3665 mactatione
909 3613 1083 3684 pecorum,
1104 3609 1168 3660 ex-

15 3713 16 3752 r
63 3687 170 3759 natione
187 3692 444 3784 domiciliorum,
465 3702 498 3764 et
516 3701 613 3784 penis
633 3697 705 3765 aliis
721 3695 857 3764 infinitis
877 3694 1054 3780 ssagelavit.
1074 3693 1168 3758 l'am-

65 3777 121 3851 dem
140 3801 214 3878 post
236 3795 339 3862 multa
361 3799 396 3862 et
415 3795 667 3863 innumerabilia
688 3801 850 3863 tormenta
874 3795 937 3882 ipsi
961 3792 1064 3860 Gallie
1081 3791 1170 3858 illata

15 3913 17 3976 r
67 3875 381 3979 bernus'ssurgmnlte
406 3911 519 3962 eomes
536 3911 603 3962 una
625 3895 787 3962 cumsuis
807 3891 1022 3981 complicibus
1045 3889 1170 3959 videli-

15 3983 17 4064 t
68 3988 108 4046 ccl
123 3991 149 4052 el
169 3989 367 4060 tautonibus:
387 3993 522 4062 domino
538 3991 683 4062 Roberto
698 3995 789 4078 regis
806 3991 942 4060 Francie
958 3995 1091 4080 patruo,
1110 4007 1168 4056 ar-

15 4069 18 4158 !
70 4075 255 4178 thiepiscopo
278 4091 484 4182 Bysunlino,
505 4094 624 4161 comite
649 4092 691 4160 de
717 4091 899 4180 Sohalons,
926 4091 1047 4158 comite
1070 4085 1170 4155 Artu-

70 4183 155 4273 sensi,
172 4190 289 4258 comite
306 4189 501 4281 Campania,
521 4192 640 4260 comite
659 4191 700 4260 de
718 4191 835 4279 Savoi,
855 4191 973 4258 comite
989 4187 1030 4256 de
1046 4185 1169 4272 lnsula,

16 4275 18 4332 ἕ
73 4281 163 4350 vomite
186 4285 227 4354 de
250 4287 411 4380 Plerrelo,
438 4291 558 4358 comite
588 4289 630 4356 de
656 4289 882 4377 blomtpeiliart
908 4295 942 4355 et
965 4287 1099 4354 domimo
1128 4281 1170 4348 dc

16 4453 18 4510 l
