2950 4836
467 235 640 282 nnnnrnnus
662 237 850 284 brunnensis.
1157 208 1229 278 *523

85 371 224 464 abbati,
247 374 596 444 concordielcctione'
619 373 761 464 fratrum,
781 375 1003 462 permissione
1019 375 1092 466 dei,
1124 378 1157 445 in
1172 377 1227 444 vi·
1249 385 1314 440 tero

84 473 180 559 gilio.
193 475 587 562 apostolorumSymenis
605 473 738 542 etlude
756 470 918 566 [oct27]
944 493 1033 544 anno
1055 476 1097 544 ab
1118 477 1230 544 incar-

86 572 232 640 natione
248 572 371 641 domini
390 572 576 661 nr.cc.xl.ii.,
595 572 778 640 indictione
797 575 912 661 prima,
931 575 1146 662 presentibus
1164 575 1231 643 do·-

87 671 183 738 mino
200 671 311 740 Ulrico
332 671 513 740 venerabili
530 671 650 740 abbate
667 672 847 760 superioris
865 671 987 740 Altabc
1013 679 1047 742 et
1065 673 1231 761 prioribus

87 769 133 836 de
153 767 364 858 Aldcrspacb
380 777 413 838 et
427 768 647 860 Ostcrboven,
664 769 821 838 iratribus
839 769 1103 839 Predicatoribus
1117 777 1152 839 et
1165 773 1232 858 Miss

89 867 252 959 neribus,
280 875 312 937 et
333 869 407 936 aliis
431 868 682 938 honorabilibus
699 869 937 937 ecclesiasticis
958 869 1230 958 secularibusque

87 969 271 1057 personis,
294 969 350 1055 qui
369 967 411 1034 ad
428 969 493 1036 hoc
510 967 639 1036 luerunt
658 968 808 1057 evocati,
825 967 867 1034 dc
884 986 935 1036 me
949 969 1089 1054 indigno
1111 969 1231 1038 electio

89 1063 183 1134 iacta
215 1073 324 1155 esset,
347 1067 467 1135 videns
496 1065 587 1154 quod
614 1067 762 1154 peccatis
796 1067 1008 1153 exigentibus
1037 1086 1056 1134 a
1082 1069 1230 1156 tempore

89 1164 320 1232 lamentabilis
338 1165 575 1234 interiectionis
592 1165 715 1233 domini
738 1164 876 1254 Philippi
894 1165 1113 1234 Romanomm
1128 1167 1230 1256 regis,

90 1281 162 1350 que
183 1264 270 1331 iacta
287 1263 347 1331 luit
363 1283 452 1332 anno
471 1263 593 1332 domini
611 1263 778 1352 mccviii,
793 1263 935 1332 diversis
946 1265 1230 1355 persecutoribus,

89 1363 237 1430 maxime
253 1369 362 1430 tamen
379 1381 439 1451 pcr
453 1362 660 1450 tyrannidem
675 1359 800 1430 Alberti
819 1365 947 1431 comitis
964 1362 1007 1430 de
1022 1363 1152 1452 Bogen,
1168 1381 1231 1431 ec-

90 1463 202 1529 clesia
219 1469 331 1529 nostra
354 1463 388 1528 in
406 1461 620 1530 distractione
644 1461 810 1529 bominum
836 1467 870 1528 ot
890 1463 1166 1551 possessionum,
1190 1480 1231 1530 ao

89 1561 267 1629 oblivione
285 1577 409 1628 census
424 1568 458 1628 et
470 1561 548 1628 iuris
567 1559 763 1648 eorundenr,
780 1577 913 1628 necnon
933 1560 1158 1630 contractibus
1171 1561 1230 1630 di·
1346 1603 1348 1608 -

88 1661 223 1749 versis,
248 1665 341 1727 esset
364 1659 607 1728 multiformiter
627 1658 830 1748 disturbata,
852 1677 927 1728 cum
952 1661 1017 1727 iam
1046 1661 1170 1728 clamor
1197 1667 1232 1728 et

90 1757 194 1826 lictus
214 1757 386 1826 viduarum
408 1765 441 1826 et
464 1757 706 1848 orphanorum,
737 1758 990 1848 monachorum,
1025 1759 1230 1845 aliommque

90 1875 279 1945 pauperum
299 1857 428 1946 Christi,
449 1873 532 1944 sepe
558 1859 730 1945 aesopius
756 1875 828 1944 per
844 1857 1053 1945 captivitates
1075 1857 1230 1925 incendia

89 1962 130 2022 ct
152 1957 287 2044 rapinas
311 1957 343 2023 in
367 1957 495 2023 alicnus
518 1957 706 2044 provincias
724 1955 972 2043 propulsurum,
990 1957 1022 2022 in
1039 1973 1138 2022 aures
1160 1955 1227 2023 do·-

91 2055 173 2121 mini
190 2055 337 2122 Sabaoth
354 2055 535 2144 introisset,
555 2061 587 2122 ct
601 2073 660 2142 por
675 2053 931 2121 misericordiam
947 2053 1001 2122 dci
1017 2055 1116 2142 priori
1138 2073 1227 2122 anno

92 2153 267 2222 subtracto
290 2153 332 2221 dc
353 2154 417 2222 boc
441 2153 549 2221 medio
581 2155 703 2220 comite
726 2153 934 2240 supradicto,
958 2172 1019 2241 per
1043 2153 1228 2238 gloriosum

93 2251 216 2320 ducem
238 2252 405 2320 dominum
437 2251 591 2320 Ottoncm
621 2253 801 2340 principem
826 2253 1129 2320 christianissimum
1150 2251 1228 2319 rcd-

90 2351 164 2418 dita
187 2351 307 2418 luisset
330 2353 389 2419 toti
414 2352 585 2440 provincie
611 2371 675 2440 pan
703 2357 835 2439 optato,
859 2352 940 2418 utile
964 2350 1035 2420 iore
1059 2351 1172 2438 putavi
1199 2351 1227 2418 si

88 2451 207 2517 ‘omnia
221 2469 286 2536 que
299 2455 447 2538 tempure
464 2450 633 2536 regiminis
650 2451 713 2517 mci
731 2467 790 2536 per
805 2469 856 2518 me
873 2451 930 2517 vel
942 2451 1096 2538 peralios
1112 2449 1230 2517 fierent

90 2548 138 2616 ad
161 2549 339 2616 ecclesiam
365 2550 551 2638 spectantia
575 2549 630 2616 vcl
655 2552 752 2616 ctiam
781 2547 1004 2636 dependentia
1014 2601 1023 2636 ,
1049 2566 1182 2634 utreque
1208 2567 1226 2616 a

92 2645 396 2736 predecessoribus
414 2649 496 2714 mois
510 2648 659 2736 incepta,
683 2664 822 2735 quorum
836 2647 911 2714 linis
927 2648 982 2714 vel
1000 2647 1229 2714 determinatio

91 2765 145 2814 me
165 2747 332 2834 respicere
349 2745 539 2834 ridebatur,
557 2748 718 2834 scripture
734 2744 999 2814 commendarem
1022 2744 1226 2832 adpresen·

92 2847 174 2911 tium
196 2851 229 2912 et
246 2844 427 2912 futurorum
450 2846 606 2913 noticiam
630 2843 902 2912 transfundendo.
937 2844 1006 2912 Neo
1028 2845 1135 2910 mirari
1151 2845 1228 2931 quis

89 2943 198 3011 debet
217 2943 305 3030 qrrcd
323 2945 431 3010 statim
448 2949 527 3032 post
548 2943 750 3031 sepulturam
765 2943 881 3030 prioris
898 2941 1030 3010 abbatis
1048 2943 1167 3011 electio
1185 2945 1228 3011 sit

94 3042 138 3110 de
170 3043 236 3110 alio
264 3043 451 3132 celebrata,
471 3059 543 3110 cum
567 3044 641 3130 ipse
665 3041 819 3111 dominus
848 3041 887 3110 D.
914 3042 1021 3110 abbas
1043 3042 1226 3111 infirmitate

92 3141 196 3227 gravi·
211 3141 361 3228 corporis
378 3147 557 3228 preventus
582 3147 615 3208 et
632 3149 724 3208 extra
751 3159 843 3230 spcm
858 3141 1085 3231 recuperande
1101 3143 1228 3211 sanita·

93 3241 137 3306 tis
159 3241 310 3328 positus,
340 3247 417 3307 onte
442 3240 554 3328 plures
576 3241 639 3306 ianr
663 3240 735 3308 dics
764 3242 953 3310 cessionem
980 3243 1031 3310 sui
1057 3242 1228 3327 regiminis

90 3337 252 3426 lecisset,
280 3356 321 3406 ac
345 3341 419 3426 ipsa
444 3340 600 3407 cessione
626 3341 786 3408 canonice
811 3341 1011 3428 approbata,
1028 3341 1060 3406 in
1078 3339 1226 3427 predicta

94 3437 210 3522 vigilia
234 3437 461 3524 apostolorum
488 3438 664 3506 electionis
691 3439 849 3506 terminus
873 3441 916 3505 sit
940 3437 1101 3525 indictus,
1127 3437 1227 3504 etsie

92 3535 327 3620 deficientibus
343 3536 468 3604 viribus
488 3539 582 3626 suis,
596 3555 656 3605 eos
676 3537 731 3624 qui
751 3536 860 3604 vocati
879 3535 1007 3603 luerent
1024 3534 1066 3602 ad
1085 3536 1226 3603 electio-

92 3653 187 3721 nem,
205 3635 299 3702 morti
320 3641 353 3702 ct
370 3635 539 3722 sepulture
558 3635 637 3704 dicti
656 3635 802 3724 abbatis,
827 3635 913 3702 sicut
930 3633 1072 3701 Domino
1089 3634 1225 3725 placuit,

91 3733 426 3818 contigitinleresse.
1139 3783 1142 3792 .

168 3829 321 3899 Delectat
344 3833 448 3900 eciam
468 3831 550 3900 lortc
571 3833 703 3920 aliquos
723 3833 826 3900 nostri
845 3831 1002 3919 temporis
1020 3830 1171 3902 homiues
1190 3838 1226 3900 ut

93 3949 153 4018 pcr
177 3947 216 3996 ea
242 3949 306 4017 que
334 3930 403 3998 beri
427 3931 542 3999 vident
565 3938 765 4000 vetustatem
798 3930 999 3998 edificiorum
1026 3930 1079 3997 vcl
1105 3937 1225 3998 elatem

93 4047 187 4096 suam
212 4030 348 4098 valcant
377 4038 578 4118 computare.
630 4029 725 4099 Unde
757 4030 861 4097 coium
891 4035 1025 4117 propter
1057 4035 1224 4117 expensas

91 4133 224 4195 nostras
243 4129 432 4218 subscripta
457 4129 579 4216 placuit
597 4129 759 4200 currotnri.
793 4125 892 4197 Anno
913 4127 1037 4196 domini
1057 4127 1223 4194 m.cc.xl.v.

90 4226 384 4313 ego-Hermannus
411 4227 515 4296 abbas
544 4228 608 4297 ieci
634 4227 858 4316 aqueductum
883 4235 916 4296 et
935 4231 1223 4312 structuramrno'ss
