2890 4832
281 203 353 273 330
634 231 671 277 rx
693 231 858 278 enorrnreo
880 230 1058 280 eononrrnsr.

199 375 267 430 1¹98
283 370 490 460 prineipibus
514 369 649 461 luisset,
676 369 854 440 mordaci
878 371 1027 440 Bertolio
1054 371 1096 440 de
1121 373 1287 459 Zaringon
1314 373 1401 442 lrdern

279 471 441 560 leoerunt,
460 470 550 558 quod
567 473 640 563 ipse
658 471 841 558 repatrians
865 472 1045 538 exereitum
1071 490 1186 540 seeurn
1204 472 1355 564 duceret,
1376 483 1402 542 et
1438 511 1439 554 r

281 576 403 639 statuto
430 569 493 638 sibi
511 569 564 638 die
581 569 816 638 Andarnaouur
834 569 980 660 rediret,
1005 589 1079 638 eurn
1101 571 1146 638 ibi
1172 578 1296 640 rernota
1321 577 1397 640 ornui

280 669 486 738 dubitatione
505 687 617 756 regern
637 675 798 737 crearent.
830 667 905 736 Hoe
921 677 955 738 et
972 671 1045 759 ipse
1063 673 1215 759 promisit
1231 678 1264 738 et
1281 673 1397 761 iurarit,
1438 723 1439 734 .

280 775 314 837 et
330 770 468 856 insuper
484 767 622 836 obsides
641 767 741 836 dedit.
1434 771 1439 852 ξ

353 866 540 954 Designato
560 869 658 954 igitur
675 867 729 936 die
748 885 822 934 ourn
841 867 930 955 apud
947 867 1179 937 Andernaeurn
1208 869 1251 936 ab
1277 871 1398 958 episeo-

279 969 331 1056 pis
351 972 383 1034 et
401 971 489 1035 omni
507 967 716 1036 multitudine
741 985 813 1034 ourn
832 973 993 1055 apparatu
1018 977 1051 1036 et
1076 967 1245 1036 desiderio
1272 971 1399 1036 manino
1438 1009 1439 1038 r

280 1071 549 1156 exspectaretur,
576 1085 657 1135 enee
675 1084 785 1134 rurnor
802 1067 969 1154 pessirnns
994 1069 1116 1134 eteius
1134 1069 1272 1152 ignavie
1291 1068 1399 1152 dignus
1438 1139 1439 1148 ἶ

279 1166 439 1254 intonuit,
457 1167 564 1254 ipsunr
585 1167 712 1234 soilieet
731 1183 805 1232 eurn
824 1164 908 1233 duee
928 1166 1050 1234 Suevie
1070 1166 1310 1255 coneordasse,
1329 1174 1358 1234 et
1372 1175 1400 1233 nt
1438 1209 1439 1218 .

278 1265 351 1352 ipse
369 1282 475 1350 regno
495 1270 528 1332 et
546 1266 700 1333 electioni
718 1265 922 1332 renuntiaret
938 1265 1093 1333 nndeeinr
1111 1266 1210 1334 rnillia
1230 1284 1396 1332 nrarearun
1438 1307 1439 1348 f

279 1369 312 1432 et
330 1362 485 1432 dueatunr
502 1363 543 1432 ab
570 1382 611 1433 eo
637 1365 821 1452 aeeepisse.
855 1361 916 1432 Hio
935 1383 1016 1450 ergo
1035 1383 1144 1432 rurnor
1162 1370 1195 1432 et
1212 1365 1397 1432 inhonestus
1438 1404 1439 1450 1

279 1468 420 1530 eventus
451 1463 612 1550 primores
645 1462 834 1532 inferiorum
861 1465 999 1550 partinrn
1027 1466 1170 1550 graviter
1198 1463 1332 1553 alllixit,
1365 1484 1397 1531 eo

279 1561 369 1648 qnod
387 1561 557 1647 indignurn
578 1563 640 1630 sibi
659 1568 693 1630 et
709 1561 930 1630 intollerabile
948 1562 1123 1652 videretur,
1141 1564 1170 1631 si
1183 1570 1299 1631 eontra
1318 1581 1398 1630 snnn
1438 1623 1439 1634 .

277 1661 483 1728 voluntatem
509 1659 676 1750 Philippus
702 1661 770 1728 dux
795 1667 981 1747 regnasset.
1025 1663 1166 1730 Constat
1191 1669 1303 1730 tannen
1322 1661 1398 1748 qrrnd
1438 1705 1439 1749 3

277 1761 351 1848 ipse
370 1763 510 1827 nunoios
530 1776 611 1829 suos
631 1760 673 1828 ad
690 1760 974 1849 arehiepisoopurn
991 1759 1229 1831 Coloniensem
1248 1779 1321 1828 euru
1333 1779 1398 1848 pre·

278 1859 373 1927 eibus
391 1859 591 1948 transmisit,
610 1860 712 1928 rrrnlta
731 1859 875 1928 ollerens
895 1860 958 1929 sed
974 1861 1068 1948 plura
1086 1862 1303 1949 promittens,
1322 1863 1348 1928 si
1365 1858 1397 1925 nd

278 1976 372 2027 suarn
399 1958 599 2028 alentionem
629 1961 770 2028 animunr
794 1959 898 2028 vellet
919 1959 1090 2028 inelinare.
1129 1959 1197 2028 Sed
1228 1961 1396 2047 episeopus
1438 2005 1439 2046 r

276 2056 341 2125 boe
358 2057 421 2126 sibi
440 2063 543 2125 tutum
562 2076 630 2126 non
648 2057 789 2126 eredens
807 2059 862 2126 vel
880 2059 1073 2148 honesturn,
1101 2059 1164 2128 bae
1181 2059 1294 2126 faeere
1311 2059 1398 2146 peni·
1438 2123 1439 2130 ,

275 2161 329 2224 tes
346 2157 522 2225 reeusarit.
540 2157 729 2244 Habitoque
747 2158 889 2226 oonsilio
909 2155 1065 2226 Ottonem
1084 2160 1237 2226 oomitern
1256 2158 1397 2242 Pietarie,

275 2255 377 2322 liliunr
393 2255 540 2324 Heinrioi
558 2255 726 2345 quondam
739 2255 834 2325 dueis
853 2257 1010 2346 Saxonie,
1028 2259 1061 2325 iu
1079 2275 1190 2344 regern
1211 2257 1315 2344 eligit.

349 2355 538 2442 Episcopus
556 2353 738 2442 Argentine
755 2362 788 2424 et
802 2373 916 2424 eernes
934 2355 977 2424 de
995 2357 1151 2443 llasburg
1169 2357 1286 2424 Suevo
1303 2357 1398 2424 onrnia

275 2470 338 2521 suo
355 2452 550 2544 devastant,
576 2457 674 2542 eique
700 2456 733 2521 in
755 2462 824 2522 tota
844 2457 966 2524 suevia
990 2463 1108 2536 ennete
1127 2456 1287 2543 diripiunt
1303 2472 1396 2540 usone

275 2551 318 2620 ad
335 2553 448 2621 urbern
466 2553 667 2642 imperialem
685 2572 750 2640 que
766 2555 942 2640 Haginove
962 2554 1085 2624 dieitur.
1113 2556 1225 2623 Causa
1242 2553 1395 2622 discordie
1438 2601 1439 2628 ,

273 2652 439 2720 intereos
458 2651 534 2742 luit,
561 2653 652 2741 quod
671 2651 748 2720 Otto
767 2653 867 2722 irater
885 2654 980 2722 dueis
1007 2654 1144 2742 predieli
1170 2655 1322 2742 episeopi
1338 2653 1395 2719 lra—
1438 2713 1439 2743 3

273 2757 354 2818 trern
372 2756 504 2840 eapturn
529 2751 715 2846 suspendio
741 2760 927 2821 ueoavernt.
952 2753 1041 2822 ldern
1069 2771 1151 2840 ergo
1177 2755 1353 2840 episcopus
1369 2757 1395 2816 et
1438 2817 1439 2840 ἶ

275 2851 337 2939 sui,
356 2868 429 2918 onnr
448 2850 573 2919 diutina
592 2850 804 2920 dissensione
821 2852 935 2920 Suevo
953 2854 1163 2942 restitissent,
1182 2852 1265 2920 data
1277 2850 1394 2918 tandein
1438 2913 1439 2942 ,

273 2950 406 3017 eivitate
425 2949 487 3018 sub
506 2949 696 3018 eonditione
714 2949 957 3019 satisieeernnt.
1438 2999 1439 3041 3

347 3047 519 3116 Predietus
537 3051 648 3136 itaque
668 3049 735 3117 dux
753 3067 889 3118 censam
909 3068 1002 3118 suern
1020 3067 1127 3136 agens
1137 3099 1146 3136 ,
1178 3056 1211 3116 et
1232 3056 1269 3117 ut
1286 3063 1393 3116 neces-

274 3145 357 3214 sitas
392 3165 467 3214 eurn
495 3149 652 3236 compulit
685 3149 728 3215 ab
759 3149 912 3218 omnibus
938 3149 1095 3217 auxilium
1120 3155 1260 3236 potone,
1291 3161 1392 3216 onrnes
1438 3196 1439 3234 .

272 3261 360 3332 pene
377 3246 544 3334 prineipes
564 3247 754 3315 muneribus
773 3247 836 3315 sibi
855 3248 1025 3338 eoneiliat,
1044 3249 1145 3315 urbes
1164 3249 1277 3333 regias
1296 3245 1391 3314 snsei-
1438 3293 1439 3300 .

272 3344 339 3433 pit,
366 3344 464 3412 fidern
488 3346 551 3412 sibi
578 3347 645 3414 beri
674 3345 717 3412 ab
738 3346 891 3414 ornnibns
909 3347 1020 3436 iubet,
1047 3364 1169 3414 nonen
1195 3349 1319 3432 region
1335 3343 1388 3412 sibi
1438 3353 1439 3434 ,

272 3443 427 3534 ascribit,
454 3451 487 3511 et
512 3445 788 3533 apudcivitatem
808 3446 1035 3532 Wangionunr
1061 3447 1093 3512 in
1122 3446 1205 3514 albis
1231 3442 1389 3533 pasebnli-
1438 3491 1439 3530 ,

272 3538 359 3609 bns1
386 3549 566 3611 eoronatus
583 3543 802 3631 progreditur.
838 3537 898 3611 ln²
915 3543 1124 3612 interioribus
1151 3562 1233 3612 vero
1258 3542 1390 3632 partibus
1438 3583 1439 3634 ,

271 3641 403 3710 nobiles
421 3641 637 3728 Lotnanngie
663 3642 705 3710 ad
723 3641 871 3712 lavorern
897 3662 993 3711 suurn
1017 3643 1183 3710 sollicitat.
1210 3643 1260 3710 Ex
1284 3640 1387 3728 quibus

273 3738 461 3808 Walranrns
480 3742 623 3810 Heinrioi
639 3740 733 3810 dunis
752 3741 794 3809 de
812 3741 971 3828 Lirnburg
989 3743 1075 3810 filius
1093 3741 1136 3810 ad
1155 3759 1230 3810 eunt
1249 3741 1386 3822 declinat,

271 3844 482 3926 eastrurnque
509 3842 635 3926 reginen
653 3839 744 3926 quod
763 3833 974 3908 Berinstein³
992 3841 1108 3909 dieitur
1133 3841 1176 3908 ab
1195 3843 1271 3928 ipso
1289 3841 1386 3908 susei-

271 3936 327 4021 pit.
360 3937 482 4004 Dueern
510 3957 644 4026 quoque
671 3940 807 4006 Boeurie
835 3941 897 4008 sibi
922 3941 1037 4028 allicit,
1056 3941 1173 4028 eique,
1202 3948 1238 4022 ut
1256 3939 1383 4006 levorem

306 4046 337 4110 t)
356 4043 445 4097 dieses
462 4061 513 4098 nur
530 4047 589 4100 bier
608 4046 819 4100 vorkonrurende
838 4047 929 4102 datunr
948 4047 1028 4102 dente
1047 4046 1092 4100 inb
1107 4048 1157 4102 arri
1168 4047 1214 4100 die
1229 4045 1318 4100 woebe
1330 4040 1385 4094 narb

270 4119 361 4164 esteru
380 4110 497 4178 (darnals
509 4121 580 4168 rnairz
593 4119 641 4180 29)
660 4116 687 4167 in
704 4115 822 4168 welcber
834 4116 877 4168 die
894 4115 1048 4188 neophp·ten
1068 4117 1167 4170 weisse
1181 4115 1284 4169 kleider
1296 4122 1382 4176 nagan

271 4179 350 4300 mn
370 4177 439 4232 habe
463 4179 505 4232 iah
529 4187 644 4250 ergirrzt.
681 4185 712 4250 3)
737 4183 812 4236 diese
836 4185 903 4253 burg
927 4183 971 4253 leg
995 4183 1166 4238 unnrittelber
1189 4199 1240 4236 vor
1264 4183 1308 4234 der
1327 4175 1385 4230 stadt

333 4265 375 4300 en.
