2878 4834
407 231 598 300 omanus
618 247 809 298 nonorrrnun.
1101 217 1171 286 257

46 393 242 464 membratim
264 393 299 460 in
315 392 496 478 inmaturis,
519 391 625 480 primo
642 388 678 458 in
698 385 788 477 taio,
813 387 848 456 im
866 384 1040 476 genubus,
1063 386 1098 456 in
1115 387 1172 457 ia·

47 511 147 584 more,
166 496 204 564 in
220 492 366 562 humeris
375 543 386 582 ,
410 492 445 559 in
463 490 592 581 oubito,
615 489 651 558 in
671 485 841 576 monibus,
867 486 902 552 in
918 484 1008 554 eollo
1024 485 1081 553 ubi
1097 503 1174 556 eor·

47 594 113 682 pori
130 592 324 678 inherebat;
343 595 457 659 oetera
473 609 552 679 pars
571 587 733 676 eorporis,
752 584 887 654 dorsum
909 584 1174 654 seilicetetven·

47 701 108 780 ter,
134 693 260 781 pariter
277 689 499 776 ooberebaut3
524 695 558 758 et
580 688 646 756 boe
661 685 758 773 ideo,
785 687 822 752 ut
840 681 1046 752 commodius
1065 690 1099 751 et
1116 703 1175 754 se·

47 792 151 860 aurius
169 796 291 880 posset
306 790 340 858 in
358 805 436 858 area
455 788 518 856 sibi
536 787 579 858 ad
596 787 663 854 boo
680 783 841 872 deputato
857 783 1048 870 speoiniiter
1065 800 1175 854 reser-

46 891 118 960 vari
144 889 220 960 ileo
237 906 315 958 raro
331 887 535 978 ponebatur,
561 887 627 956 nisi
644 884 730 954 torte
746 887 904 970 presente
927 897 1008 968 rege
1034 883 1089 950 vel
1109 884 1175 952 aiio

47 1006 164 1074 magno
181 989 351 1078 prinoipe,
380 993 414 1055 et
436 987 472 1056 in
496 986 593 1056 iestis
610 982 737 1074 pusobe
755 980 810 1048 vel
828 981 949 1050 natulis
966 980 1114 1073 Domini,
1143 991 1177 1052 et

46 1086 198 1176 pontitioe
222 1087 287 1156 boo
302 1085 447 1156 iubente.
473 1084 555 1156 Cum
576 1090 687 1153 autem
703 1081 768 1150 boe
785 1079 856 1148 iieri
874 1079 1069 1170 oportebat,
1095 1087 1177 1151 tune

47 1189 74 1254 in
94 1186 174 1258 loeo
201 1185 300 1255 valde
326 1185 485 1254 eminenti
506 1186 541 1253 in
567 1182 691 1273 tempto
715 1197 820 1268 super
844 1178 991 1269 trabem,
1018 1179 1076 1247 ubi
1094 1181 1177 1250 nulii

48 1286 150 1354 niieno
178 1285 316 1374 patebat
339 1299 518 1376 aeeossus,
543 1281 738 1353 aministris
756 1277 911 1348 fidelibus
928 1277 1112 1348 loonbetur.
1139 1281 1176 1349 in

47 1384 137 1452 buius
156 1385 312 1471 imaginis
330 1383 439 1472 eapite
456 1383 533 1453 loeo
552 1381 722 1452 oculorum
737 1383 834 1446 erent
848 1375 914 1446 dne
929 1394 1071 1468 gemme,
1091 1397 1176 1468 quas

47 1483 261 1554 oerbuuoqus
283 1487 426 1573 voeant,
453 1487 545 1552 tante
569 1476 806 1567 magnitudinis
825 1483 862 1545 ut
879 1474 946 1545 duo
964 1477 1068 1546 vitelii
1087 1495 1175 1547 ovo-

47 1601 108 1650 mm
118 1635 129 1673 ,
148 1584 257 1670 quiin
277 1581 424 1650 tenebris
442 1581 678 1652 eorusoabant.
703 1575 789 1645 Huie
806 1576 896 1644 ornei
913 1577 1093 1666 inscriptus
1108 1584 1179 1646 erat

48 1699 161 1752 versus
179 1683 266 1750 iste:

145 1777 247 1871 ,Auri
266 1785 446 1848 sexcentas
464 1777 569 1847 babet
585 1776 649 1846 beo
667 1793 747 1844 orux
765 1791 866 1844 aurea
883 1772 1019 1843 libras.“

48 1879 85 1947 m
106 1885 191 1948 mota
218 1879 309 1967 quod
334 1897 402 1948 una
425 1877 509 1948 libra
534 1876 635 1946 babet
660 1874 746 1943 duas
764 1891 891 1942 mareas
910 1876 991 1943 auri.
1019 1873 1076 1944 Sia
1094 1893 1177 1963 ergo

49 1983 140 2046 erant
162 1979 250 2046 mille
276 1984 310 2048 et
332 1977 477 2047 dueente
502 1993 612 2046 maroe
630 1975 701 2044 auri
717 1973 953 2062 probatissimi.
979 1973 1050 2042 Neo
1068 1975 1177 2044 silem-

49 2077 122 2146 dnm
148 2076 307 2146 arbitror:
331 2095 393 2165 pro
418 2077 556 2165 speciali
583 2075 681 2144 buius
706 2074 776 2142 auri
803 2071 1087 2142 examinatissimo
1114 2092 1178 2142 vn-

49 2177 133 2266 lore‚
157 2193 240 2246 erun
262 2179 337 2265 ipsa
360 2176 496 2266 proprio
514 2175 648 2244 nomine
666 2173 885 2262 censebatur,
912 2171 1096 2241 vooabatur
1112 2191 1179 2242 au-

50 2282 110 2344 tem
128 2276 255 2344 Benna.

119 2373 170 2442 De
188 2373 391 2446 indumentis
410 2370 632 2461 quotidianis,
646 2369 827 2458 eruemus,
847 2369 1026 2462 oaiioibns,
1045 2372 1178 2462 ampul-

49 2472 98 2562 iis,
118 2473 332 2542 attinentibus
351 2477 386 2540 et
402 2471 574 2540 thuribulis
592 2472 794 2540 mentionem
811 2467 923 2537 ineere
940 2477 1078 2559 propter
1093 2471 1179 2540 mul-

51 2570 218 2640 titudinem
237 2589 305 2640 non
323 2571 410 2639 bene
428 2589 576 2658 possum.
603 2568 672 2638 Sed
691 2566 829 2657 quiade
848 2567 1008 2638 oalioibos
1027 2569 1178 2659 dicimus

51 2670 148 2739 subiit
165 2672 323 2740 memoria
341 2668 433 2757 quod
451 2669 575 2738 ineram
593 2670 659 2738 iam
677 2668 810 2737 oblitus.
833 2668 935 2736 Erant
951 2669 1074 2738 cniioes
1093 2668 1179 2738 duo-

52 2767 153 2838 deoim
171 2770 337 2858 argentei,
357 2785 474 2838 omnes
493 2768 661 2859 deaurati,
681 2766 832 2836 eiusdem
851 2765 1010 2855 ponderis
1030 2785 1103 2835 oum
1115 2787 1179 2857 pa-

53 2870 153 2957 tenis,
173 2868 302 2938 soilioet
319 2867 361 2936 de
380 2869 484 2938 tribus
502 2871 641 2957 mareis,
669 2865 802 2954 dempto
827 2866 931 2934 oeiioe
957 2867 1013 2955 qui
1030 2867 1178 2956 pertine·

53 2966 104 3034 bnt
121 2966 163 3036 ad
181 2969 287 3036 maius
305 2967 419 3057 altare,
438 2974 472 3036 et
487 2967 518 3036 is
536 2972 668 3036 eeteros
685 2964 820 3034 dimidia
837 2983 948 3033 maron
965 2965 1179 3055 precellebat.

55 3064 189 3134 Cuilibet
216 3067 312 3134 oeiioi
346 3073 440 3136 erant
466 3066 633 3155 speetaies
666 3064 809 3153 ampulla
834 3069 996 3151 argentee
1024 3071 1057 3133 ot
1080 3067 1180 3154 pyxis

55 3171 211 3250 argentee
227 3164 270 3232 ad
288 3165 416 3234 bosties
441 3165 610 3253 deputata.
637 3165 747 3232 Preter
770 3162 832 3232 bos
859 3165 982 3238 oalioes
1001 3173 1095 3233 erant
1113 3172 1180 3234 tres

56 3265 150 3332 aurei.
177 3264 216 3332 ln
241 3281 309 3332 uno
335 3263 450 3332 borum
476 3269 608 3352 poterat
626 3263 785 3332 eelebrnri
795 3314 805 3351 ,
824 3264 881 3350 qui
899 3265 997 3332 etiam
1016 3281 1096 3332 sues
1114 3264 1179 3334 ba-

56 3360 120 3429 buit
136 3363 298 3451 ampuiles
317 3368 352 3430 et
375 3363 532 3456 pyxidem
557 3362 599 3432 od
626 3363 755 3432 bestias
782 3379 825 3430 en
849 3380 930 3430 euro
953 3364 1132 3451 purissimo
1147 3371 1181 3431 et

57 3463 252 3550 margaritis,
272 3469 305 3530 et
321 3479 434 3549 peram
453 3461 495 3530 ad
514 3461 699 3551 corporalia
718 3461 781 3528 dlis
802 3462 912 3529 aureis
930 3463 1089 3550 insertis,
1110 3464 1180 3530 miri

58 3563 160 3646 operis
179 3567 214 3628 et
231 3559 373 3628 deeoris.
397 3560 575 3629 Habebant
592 3562 689 3630 etiam
709 3560 832 3628 oalioes
851 3560 905 3628 aiii
924 3577 1004 3628 sues
1022 3579 1120 3648 peras
1137 3560 1182 3630 ad

59 3661 233 3747 corporalia
252 3677 293 3728 ex
311 3677 454 3748 purpura
472 3667 505 3730 et
522 3660 733 3750 auripbrigiis
749 3657 939 3728 adornatos.
957 3660 1059 3728 Erant
1073 3659 1182 3728 fistule

60 3760 197 3845 quinque
215 3757 259 3826 ed
277 3758 587 3841 eommunioandum
612 3765 771 3846 argentee
794 3757 963 3827 deaurato.
989 3759 1090 3828 Erant
1108 3759 1183 3828 ooie

60 3863 209 3942 argentee
234 3875 374 3947 novom,
399 3875 459 3946 per
482 3876 566 3946 quas
591 3859 703 3927 vinum
721 3862 853 3946 poterat
872 3858 973 3927 eolori
993 3860 1021 3926 si
1039 3876 1183 3928 neeesse

60 3952 320 4044 tuissetapreter
339 3973 412 4026 eam
431 3975 495 4044 que
514 3957 676 4026 attinebat
693 3957 788 4026 eeiiei
806 3975 908 4025 aaron
918 4011 927 4048 ,
955 3963 988 4027 et
1004 3959 1067 4026 lree
1084 3977 1184 4026 aurea

61 4061 131 4121 erat.
157 4053 231 4124 Hoo
255 4072 357 4124 aureo
382 4056 487 4124 oeiiee
512 4056 606 4124 solos
630 4055 782 4146 pontifex
799 4057 854 4126 vei
873 4059 1020 4146 prelatus
1040 4057 1184 4126 dantesie

62 4153 184 4222 maioris
209 4155 244 4222 in
271 4153 407 4222 summis
432 4153 667 4225 festivitatibus
692 4155 854 4226 utebatur.
880 4153 945 4226 Atii
970 4157 1036 4226 dno
1062 4158 1184 4226 ealioes

61 4255 141 4319 tante
159 4258 253 4322 erant
270 4255 483 4342 qrrantitatr’s,
511 4253 601 4342 quod
619 4272 692 4323 oum
710 4255 795 4344 ipsis
814 4255 926 4326 divine
944 4257 1103 4345 mysteria
1121 4273 1183 4322 ne-

93 4371 226 4417 uommunn
244 4373 366 4418 ronnas.
385 4374 406 4416 2.
955 4367 986 4419 17
