<?xml version="1.0" encoding="UTF-8"?>
<!DOCTYPE html PUBLIC "-//W3C//DTD XHTML 1.0 Transitional//EN"
    "http://www.w3.org/TR/xhtml1/DTD/xhtml1-transitional.dtd">
<html xmlns="http://www.w3.org/1999/xhtml" xml:lang="en" lang="en">
 <head>
  <title>
</title>
<meta http-equiv="Content-Type" content="text/html;charset=utf-8" />
  <meta name='ocr-system' content='tesseract 3.04.00' />
  <meta name='ocr-capabilities' content='ocr_page ocr_carea ocr_par ocr_line ocrx_word'/>
</head>
<body>
  <div class='ocr_page' id='page_1' title='image "./fontesrerumgerm00hubegoog_0253.png"; bbox 0 0 2884 4834; ppageno 0'>
   <div class='ocr_carea' id='block_1_1' title="bbox 303 217 1061 294">
    <p class='ocr_par' dir='ltr' id='par_1_1' title="bbox 303 217 1061 294">
     <span class='ocr_line' id='line_1_1' title="bbox 303 217 1061 294; baseline 0.013 -10"><span class='ocrx_word' id='word_1_1' title='bbox 303 217 373 286; x_wconf 86' lang='grc'>190</span> <span class='ocrx_word' id='word_1_2' title='bbox 670 247 798 292; x_wconf 76' lang='lat' dir='ltr'>rnnrnns</span> <span class='ocrx_word' id='word_1_3' title='bbox 826 242 1061 294; x_wconf 82' lang='lat' dir='ltr'>wontrrrrmsns&#39;</span> 
     </span>
    </p>
   </div>
   <div class='ocr_carea' id='block_1_2' title="bbox 182 383 1436 3944">
    <p class='ocr_par' dir='ltr' id='par_1_2' title="bbox 221 383 1436 576">
     <span class='ocr_line' id='line_1_2' title="bbox 221 383 1436 480; baseline 0.004 -30"><span class='ocrx_word' id='word_1_4' title='bbox 221 397 286 450; x_wconf 77' lang='lat'><strong>1255</strong></span> <span class='ocrx_word' id='word_1_5' title='bbox 378 385 504 454; x_wconf 85' lang='lat' dir='ltr'>Eodem</span> <span class='ocrx_word' id='word_1_6' title='bbox 529 403 618 456; x_wconf 90' lang='lat' dir='ltr'>anno</span> <span class='ocrx_word' id='word_1_7' title='bbox 644 383 842 454; x_wconf 89' lang='lat' dir='ltr'>Wiihelmus</span> <span class='ocrx_word' id='word_1_8' title='bbox 865 403 924 454; x_wconf 86' lang='lat' dir='ltr'>rex</span> <span class='ocrx_word' id='word_1_9' title='bbox 940 402 1094 455; x_wconf 74' lang='lat' dir='ltr'>revmsus</span> <span class='ocrx_word' id='word_1_10' title='bbox 1113 391 1165 454; x_wconf 88' lang='lat' dir='ltr'>est</span> <span class='ocrx_word' id='word_1_11' title='bbox 1182 385 1358 476; x_wconf 81' lang='lat' dir='ltr'>adportes</span> <span class='ocrx_word' id='word_1_12' title='bbox 1375 385 1436 480; x_wconf 59' lang='lat' dir='ltr'>sut,</span> 
     </span>
     <span class='ocr_line' id='line_1_3' title="bbox 299 481 1436 576; baseline 0.001 -24"><span class='ocrx_word' id='word_1_13' title='bbox 299 485 447 573; x_wconf 91' lang='lat' dir='ltr'>periores</span> <span class='ocrx_word' id='word_1_14' title='bbox 473 485 555 554; x_wconf 88' lang='lat' dir='ltr'>seria</span> <span class='ocrx_word' id='word_1_15' title='bbox 579 490 675 554; x_wconf 86' lang='lat' dir='ltr'>sexta</span> <span class='ocrx_word' id='word_1_16' title='bbox 699 490 776 552; x_wconf 91' lang='lat' dir='ltr'>ante</span> <span class='ocrx_word' id='word_1_17' title='bbox 800 481 922 552; x_wconf 86' lang='lat' dir='ltr'>testum</span> <span class='ocrx_word' id='word_1_18' title='bbox 938 486 1047 554; x_wconf 86' lang='lat' dir='ltr'>sancti</span> <span class='ocrx_word' id='word_1_19' title='bbox 1063 485 1197 554; x_wconf 86' lang='lat' dir='ltr'>Martini</span> <span class='ocrx_word' id='word_1_20' title='bbox 1217 482 1335 576; x_wconf 84' lang='lat'>[1255</span> <span class='ocrx_word' id='word_1_21' title='bbox 1354 481 1436 572; x_wconf 74' lang='lat' dir='ltr'>novt</span> 
     </span>
    </p>

    <p class='ocr_par' dir='ltr' id='par_1_3' title="bbox 298 575 1436 1170">
     <span class='ocr_line' id='line_1_4' title="bbox 301 575 1436 676; baseline 0.003 -25"><span class='ocrx_word' id='word_1_22' title='bbox 301 581 340 676; x_wconf 91' lang='grc'>5]</span> <span class='ocrx_word' id='word_1_23' title='bbox 349 638 359 675; x_wconf 83' lang='grc'>,</span> <span class='ocrx_word' id='word_1_24' title='bbox 378 590 411 652; x_wconf 91' lang='lat' dir='ltr'>et</span> <span class='ocrx_word' id='word_1_25' title='bbox 429 587 587 654; x_wconf 90' lang='lat' dir='ltr'>continuo</span> <span class='ocrx_word' id='word_1_26' title='bbox 600 582 803 672; x_wconf 89' lang='lat' dir='ltr'>convocatis</span> <span class='ocrx_word' id='word_1_27' title='bbox 821 584 975 652; x_wconf 92' lang='lat' dir='ltr'>omnibus</span> <span class='ocrx_word' id='word_1_28' title='bbox 986 585 1175 653; x_wconf 81' lang='lat' dir='ltr'>ciuitatibus</span> <span class='ocrx_word' id='word_1_29' title='bbox 1190 575 1436 674; x_wconf 67' lang='lat' dir='ltr'>pervenrropt</span> 
     </span>
     <span class='ocr_line' id='line_1_5' title="bbox 299 681 1436 773; baseline 0 -22"><span class='ocrx_word' id='word_1_30' title='bbox 299 683 454 772; x_wconf 89' lang='lat' dir='ltr'>penheim</span> <span class='ocrx_word' id='word_1_31' title='bbox 472 701 572 772; x_wconf 92' lang='lat' dir='ltr'>super</span> <span class='ocrx_word' id='word_1_32' title='bbox 589 683 728 768; x_wconf 90' lang='lat' dir='ltr'>negotio</span> <span class='ocrx_word' id='word_1_33' title='bbox 747 689 863 750; x_wconf 88' lang='lat' dir='ltr'>sancte</span> <span class='ocrx_word' id='word_1_34' title='bbox 881 685 974 770; x_wconf 90' lang='lat' dir='ltr'>pacis</span> <span class='ocrx_word' id='word_1_35' title='bbox 994 683 1221 754; x_wconf 82' lang='lat' dir='ltr'>confirmando</span> <span class='ocrx_word' id='word_1_36' title='bbox 1240 685 1347 772; x_wconf 87' lang='lat' dir='ltr'>regali</span> <span class='ocrx_word' id='word_1_37' title='bbox 1362 681 1436 773; x_wconf 69' lang='lat' dir='ltr'>prit</span> 
     </span>
     <span class='ocr_line' id='line_1_6' title="bbox 299 777 1436 869; baseline 0.001 -19"><span class='ocrx_word' id='word_1_38' title='bbox 299 783 423 868; x_wconf 90' lang='lat' dir='ltr'>vilegio</span> <span class='ocrx_word' id='word_1_39' title='bbox 448 784 483 850; x_wconf 95' lang='lat' dir='ltr'>in</span> <span class='ocrx_word' id='word_1_40' title='bbox 500 783 591 851; x_wconf 89' lang='lat' dir='ltr'>hunc</span> <span class='ocrx_word' id='word_1_41' title='bbox 612 779 762 850; x_wconf 92' lang='lat' dir='ltr'>modum:</span> <span class='ocrx_word' id='word_1_42' title='bbox 789 779 986 850; x_wconf 88' lang='lat' dir='ltr'>Wiihelmus</span> <span class='ocrx_word' id='word_1_43' title='bbox 1005 781 1060 850; x_wconf 93' lang='lat' dir='ltr'>dei</span> <span class='ocrx_word' id='word_1_44' title='bbox 1077 785 1190 869; x_wconf 79' lang='lat' dir='ltr'>gracia</span> <span class='ocrx_word' id='word_1_45' title='bbox 1208 787 1273 852; x_wconf 91' lang='lat' dir='ltr'>etc.</span> <span class='ocrx_word' id='word_1_46' title='bbox 1301 777 1436 858; x_wconf 79' lang='lat' dir='ltr'>Gratiad</span> 
     </span>
     <span class='ocr_line' id='line_1_7' title="bbox 298 877 1436 1056; baseline 0.001 -107"><span class='ocrx_word' id='word_1_47' title='bbox 298 883 430 968; x_wconf 78' lang='lat' dir='ltr'><strong>agimus</strong></span> <span class='ocrx_word' id='word_1_48' title='bbox 457 881 592 950; x_wconf 87' lang='lat' dir='ltr'>domino</span> <span class='ocrx_word' id='word_1_49' title='bbox 616 887 676 950; x_wconf 87' lang='lat' dir='ltr'>otc.</span> <span class='ocrx_word' id='word_1_50' title='bbox 701 877 820 950; x_wconf 86' lang='lat' dir='ltr'>Actum</span> <span class='ocrx_word' id='word_1_51' title='bbox 844 879 933 968; x_wconf 88' lang='lat' dir='ltr'>apud</span> <span class='ocrx_word' id='word_1_52' title='bbox 957 879 1164 970; x_wconf 88' lang='lat' dir='ltr'>Oppcnhoim</span> <span class='ocrx_word' id='word_1_53' title='bbox 1191 899 1281 952; x_wconf 92' lang='lat' dir='ltr'>anno</span> <span class='ocrx_word' id='word_1_54' title='bbox 1304 882 1436 1056; x_wconf 38' lang='lat' dir='ltr'>domirrp</span> 
     </span>
     <span class='ocr_line' id='line_1_8' title="bbox 299 975 1416 1072; baseline -0.002 -24"><span class='ocrx_word' id='word_1_55' title='bbox 299 979 503 1049; x_wconf 71' lang='lat' dir='ltr'>moninio</span> <span class='ocrx_word' id='word_1_56' title='bbox 525 980 641 1066; x_wconf 79' lang='lat' dir='ltr'>vigilia</span> <span class='ocrx_word' id='word_1_57' title='bbox 657 979 746 1047; x_wconf 89' lang='lat' dir='ltr'>beati</span> <span class='ocrx_word' id='word_1_58' title='bbox 768 977 901 1047; x_wconf 88' lang='lat' dir='ltr'>Martini</span> <span class='ocrx_word' id='word_1_59' title='bbox 921 975 1016 1071; x_wconf 92' lang='lat' dir='ltr'>[nov.</span> <span class='ocrx_word' id='word_1_60' title='bbox 1037 977 1100 1072; x_wconf 84' lang='lat' dir='ltr'>td]</span> <span class='ocrx_word' id='word_1_61' title='bbox 1119 981 1302 1051; x_wconf 89' lang='lat' dir='ltr'>indictione</span> <span class='ocrx_word' id='word_1_62' title='bbox 1320 983 1416 1050; x_wconf 85' lang='lat' dir='ltr'>xiiii.</span> 
     </span>
     <span class='ocr_line' id='line_1_9' title="bbox 298 1075 1436 1170; baseline 0 -22"><span class='ocrx_word' id='word_1_63' title='bbox 298 1077 426 1148; x_wconf 88' lang='lat' dir='ltr'>Eodem</span> <span class='ocrx_word' id='word_1_64' title='bbox 447 1084 595 1168; x_wconf 90' lang='lat' dir='ltr'>tempore</span> <span class='ocrx_word' id='word_1_65' title='bbox 619 1079 776 1168; x_wconf 75' lang='lat' dir='ltr'>deposuit</span> <span class='ocrx_word' id='word_1_66' title='bbox 792 1077 990 1148; x_wconf 89' lang='lat' dir='ltr'>Wilhelmus</span> <span class='ocrx_word' id='word_1_67' title='bbox 1005 1097 1065 1168; x_wconf 94' lang='lat' dir='ltr'>per</span> <span class='ocrx_word' id='word_1_68' title='bbox 1079 1082 1282 1168; x_wconf 77' lang='lat' dir='ltr'><strong>presentiam</strong></span> <span class='ocrx_word' id='word_1_69' title='bbox 1298 1075 1436 1170; x_wconf 67' lang='lat' dir='ltr'>promit</span> 
     </span>
    </p>

    <p class='ocr_par' dir='ltr' id='par_1_4' title="bbox 299 1167 1436 1370">
     <span class='ocr_line' id='line_1_10' title="bbox 299 1167 1436 1268; baseline 0 -22"><span class='ocrx_word' id='word_1_70' title='bbox 299 1193 377 1268; x_wconf 85' lang='lat' dir='ltr'>pum</span> <span class='ocrx_word' id='word_1_71' title='bbox 402 1179 494 1248; x_wconf 86' lang='lat' dir='ltr'>cives</span> <span class='ocrx_word' id='word_1_72' title='bbox 521 1179 582 1266; x_wconf 87' lang='lat' dir='ltr'>qui·</span> <span class='ocrx_word' id='word_1_73' title='bbox 600 1177 754 1247; x_wconf 91' lang='lat' dir='ltr'>dicuntur</span> <span class='ocrx_word' id='word_1_74' title='bbox 769 1175 988 1264; x_wconf 76' lang='lat' dir='ltr'>potourpere,</span> <span class='ocrx_word' id='word_1_75' title='bbox 1005 1179 1053 1246; x_wconf 92' lang='lat' dir='ltr'>ita</span> <span class='ocrx_word' id='word_1_76' title='bbox 1075 1183 1112 1246; x_wconf 92' lang='lat' dir='ltr'>ut</span> <span class='ocrx_word' id='word_1_77' title='bbox 1135 1178 1178 1248; x_wconf 87' lang='lat' dir='ltr'>de</span> <span class='ocrx_word' id='word_1_78' title='bbox 1200 1185 1315 1249; x_wconf 85' lang='lat' dir='ltr'>cetero</span> <span class='ocrx_word' id='word_1_79' title='bbox 1342 1167 1436 1260; x_wconf 78' lang='lat' dir='ltr'>nnlid</span> 
     </span>
     <span class='ocr_line' id='line_1_11' title="bbox 300 1276 1432 1368; baseline -0.003 -20"><span class='ocrx_word' id='word_1_80' title='bbox 300 1279 466 1348; x_wconf 85' lang='lat' dir='ltr'>civitatum</span> <span class='ocrx_word' id='word_1_81' title='bbox 482 1279 568 1346; x_wconf 84' lang='lat' dir='ltr'>tales</span> <span class='ocrx_word' id='word_1_82' title='bbox 585 1277 707 1346; x_wconf 88' lang='lat' dir='ltr'>habeat</span> <span class='ocrx_word' id='word_1_83' title='bbox 724 1276 779 1344; x_wconf 88' lang='lat' dir='ltr'>vel</span> <span class='ocrx_word' id='word_1_84' title='bbox 795 1277 940 1366; x_wconf 89' lang='lat' dir='ltr'>recipiat</span> <span class='ocrx_word' id='word_1_85' title='bbox 969 1277 1055 1347; x_wconf 90' lang='lat' dir='ltr'>Dicti</span> <span class='ocrx_word' id='word_1_86' title='bbox 1068 1284 1178 1347; x_wconf 88' lang='lat' dir='ltr'>autem</span> <span class='ocrx_word' id='word_1_87' title='bbox 1196 1285 1276 1348; x_wconf 93' lang='lat' dir='ltr'>sunt</span> <span class='ocrx_word' id='word_1_88' title='bbox 1291 1278 1432 1368; x_wconf 89' lang='lat' dir='ltr'>palbur-</span> 
     </span>
    </p>

    <p class='ocr_par' dir='ltr' id='par_1_5' title="bbox 195 1376 1436 1464">
     <span class='ocr_line' id='line_1_12' title="bbox 195 1376 1436 1464; baseline -0.007 -17"><span class='ocrx_word' id='word_1_89' title='bbox 195 1451 200 1461; x_wconf 70' lang='grc'><strong>,</strong></span> <span class='ocrx_word' id='word_1_90' title='bbox 300 1396 361 1464; x_wconf 89' lang='lat' dir='ltr'>ger</span> <span class='ocrx_word' id='word_1_91' title='bbox 378 1379 469 1445; x_wconf 90' lang='lat' dir='ltr'>cives</span> <span class='ocrx_word' id='word_1_92' title='bbox 487 1395 556 1446; x_wconf 94' lang='lat' dir='ltr'>non</span> <span class='ocrx_word' id='word_1_93' title='bbox 572 1376 770 1444; x_wconf 87' lang='lat' dir='ltr'>residentes.</span> <span class='ocrx_word' id='word_1_94' title='bbox 1435 1379 1436 1464; x_wconf 70' lang='lat' dir='ltr'>t</span> 
     </span>
    </p>

    <p class='ocr_par' dir='ltr' id='par_1_6' title="bbox 299 1473 1436 1954">
     <span class='ocr_line' id='line_1_13' title="bbox 375 1473 1431 1568; baseline 0 -25"><span class='ocrx_word' id='word_1_95' title='bbox 375 1473 473 1545; x_wconf 87' lang='lat' dir='ltr'>Anno</span> <span class='ocrx_word' id='word_1_96' title='bbox 497 1476 651 1544; x_wconf 88' lang='lat' dir='ltr'>m.cc.l.vi.</span> <span class='ocrx_word' id='word_1_97' title='bbox 676 1475 711 1542; x_wconf 94' lang='lat' dir='ltr'>in</span> <span class='ocrx_word' id='word_1_98' title='bbox 734 1473 848 1561; x_wconf 87' lang='lat' dir='ltr'>vigilia</span> <span class='ocrx_word' id='word_1_99' title='bbox 875 1475 1019 1544; x_wconf 93' lang='lat' dir='ltr'>omnium</span> <span class='ocrx_word' id='word_1_100' title='bbox 1046 1482 1236 1546; x_wconf 86' lang='lat' dir='ltr'>sanctornm</span> <span class='ocrx_word' id='word_1_101' title='bbox 1257 1473 1345 1568; x_wconf 90' lang='lat' dir='ltr'>[oct.</span> <span class='ocrx_word' id='word_1_102' title='bbox 1368 1474 1431 1566; x_wconf 83' lang='grc'>31]</span> 
     </span>
     <span class='ocr_line' id='line_1_14' title="bbox 299 1573 1433 1665; baseline -0.001 -22"><span class='ocrx_word' id='word_1_103' title='bbox 299 1575 436 1644; x_wconf 90' lang='lat' dir='ltr'>Diether</span> <span class='ocrx_word' id='word_1_104' title='bbox 453 1592 567 1643; x_wconf 91' lang='lat' dir='ltr'>comes</span> <span class='ocrx_word' id='word_1_105' title='bbox 586 1573 627 1643; x_wconf 90' lang='lat' dir='ltr'>de</span> <span class='ocrx_word' id='word_1_106' title='bbox 645 1573 940 1659; x_wconf 88' lang='lat' dir='ltr'>Catzeneinbogen</span> <span class='ocrx_word' id='word_1_107' title='bbox 959 1575 1096 1643; x_wconf 87' lang='lat' dir='ltr'>violavit</span> <span class='ocrx_word' id='word_1_108' title='bbox 1111 1594 1229 1665; x_wconf 91' lang='lat' dir='ltr'>pacem</span> <span class='ocrx_word' id='word_1_109' title='bbox 1247 1578 1281 1645; x_wconf 96' lang='lat' dir='ltr'>in</span> <span class='ocrx_word' id='word_1_110' title='bbox 1299 1575 1433 1645; x_wconf 89' lang='lat' dir='ltr'>civibus</span> 
     </span>
     <span class='ocr_line' id='line_1_15' title="bbox 299 1673 1436 1766; baseline -0.001 -24"><span class='ocrx_word' id='word_1_111' title='bbox 299 1673 625 1760; x_wconf 87' lang='lat' dir='ltr'>Mogontinensibus.</span> <span class='ocrx_word' id='word_1_112' title='bbox 667 1673 824 1742; x_wconf 86' lang='lat' dir='ltr'>Civitates</span> <span class='ocrx_word' id='word_1_113' title='bbox 843 1689 923 1742; x_wconf 89' lang='lat' dir='ltr'>vero</span> <span class='ocrx_word' id='word_1_114' title='bbox 942 1673 1146 1742; x_wconf 90' lang='lat' dir='ltr'>obsederunt</span> <span class='ocrx_word' id='word_1_115' title='bbox 1168 1679 1311 1744; x_wconf 90' lang='lat' dir='ltr'>castmm</span> <span class='ocrx_word' id='word_1_116' title='bbox 1338 1685 1436 1766; x_wconf 70' lang='lat' dir='ltr'>suunt</span> 
     </span>
     <span class='ocr_line' id='line_1_16' title="bbox 299 1767 1436 1862; baseline 0.001 -21"><span class='ocrx_word' id='word_1_117' title='bbox 299 1771 448 1841; x_wconf 87' lang='lat' dir='ltr'>Rhiniels</span> <span class='ocrx_word' id='word_1_118' title='bbox 468 1791 568 1862; x_wconf 91' lang='lat' dir='ltr'>super</span> <span class='ocrx_word' id='word_1_119' title='bbox 583 1772 743 1841; x_wconf 84' lang='lat' dir='ltr'><strong>Rhenum.</strong></span> <span class='ocrx_word' id='word_1_120' title='bbox 771 1771 842 1854; x_wconf 88' lang='lat' dir='ltr'>Que</span> <span class='ocrx_word' id='word_1_121' title='bbox 864 1771 1033 1860; x_wconf 77' lang='lat' dir='ltr'>expeditio</span> <span class='ocrx_word' id='word_1_122' title='bbox 1057 1779 1189 1843; x_wconf 88' lang='lat' dir='ltr'>constat</span> <span class='ocrx_word' id='word_1_123' title='bbox 1210 1775 1303 1843; x_wconf 90' lang='lat' dir='ltr'>cives</span> <span class='ocrx_word' id='word_1_124' title='bbox 1328 1767 1436 1842; x_wconf 85' lang='lat' dir='ltr'>Wor-t</span> 
     </span>
     <span class='ocr_line' id='line_1_17' title="bbox 301 1869 1436 1954; baseline -0.001 -15"><span class='ocrx_word' id='word_1_125' title='bbox 301 1873 482 1942; x_wconf 86' lang='lat' dir='ltr'>mutienses</span> <span class='ocrx_word' id='word_1_126' title='bbox 505 1869 571 1940; x_wconf 91' lang='lat' dir='ltr'>duo</span> <span class='ocrx_word' id='word_1_127' title='bbox 592 1871 680 1938; x_wconf 84' lang='lat' dir='ltr'>milia</span> <span class='ocrx_word' id='word_1_128' title='bbox 702 1890 891 1942; x_wconf 90' lang='lat' dir='ltr'>marcarum.</span> <span class='ocrx_word' id='word_1_129' title='bbox 1435 1871 1436 1954; x_wconf 78' lang='lat' dir='ltr'>t</span> 
     </span>
    </p>

    <p class='ocr_par' dir='ltr' id='par_1_7' title="bbox 300 1957 1436 2854">
     <span class='ocr_line' id='line_1_18' title="bbox 374 1966 1433 2061; baseline 0 -23"><span class='ocrx_word' id='word_1_130' title='bbox 374 1967 473 2040; x_wconf 84' lang='lat' dir='ltr'>Anno</span> <span class='ocrx_word' id='word_1_131' title='bbox 491 1972 659 2040; x_wconf 88' lang='lat' dir='ltr'>m.cc.l.vii.</span> <span class='ocrx_word' id='word_1_132' title='bbox 677 1971 711 2038; x_wconf 93' lang='lat' dir='ltr'>in</span> <span class='ocrx_word' id='word_1_133' title='bbox 728 1977 925 2059; x_wconf 88' lang='lat' dir='ltr'>pentecoste</span> <span class='ocrx_word' id='word_1_134' title='bbox 945 1966 1027 2059; x_wconf 88' lang='lat' dir='ltr'>[mai</span> <span class='ocrx_word' id='word_1_135' title='bbox 1043 1966 1107 2061; x_wconf 85' lang='grc'>27]</span> <span class='ocrx_word' id='word_1_136' title='bbox 1124 1971 1333 2040; x_wconf 88' lang='lat' dir='ltr'>obsederunt</span> <span class='ocrx_word' id='word_1_137' title='bbox 1354 1972 1433 2039; x_wconf 89' lang='lat' dir='ltr'>civi·</span> 
     </span>
     <span class='ocr_line' id='line_1_19' title="bbox 300 2069 1436 2160; baseline 0.001 -23"><span class='ocrx_word' id='word_1_138' title='bbox 300 2076 387 2138; x_wconf 87' lang='lat' dir='ltr'>tates</span> <span class='ocrx_word' id='word_1_139' title='bbox 404 2069 612 2158; x_wconf 88' lang='lat' dir='ltr'>Rudolptrum</span> <span class='ocrx_word' id='word_1_140' title='bbox 633 2071 854 2140; x_wconf 76' lang='lat' dir='ltr'>marchionem</span> <span class='ocrx_word' id='word_1_141' title='bbox 874 2070 916 2139; x_wconf 92' lang='lat' dir='ltr'>de</span> <span class='ocrx_word' id='word_1_142' title='bbox 934 2069 1050 2138; x_wconf 82' lang='lat' dir='ltr'>Badeo</span> <span class='ocrx_word' id='word_1_143' title='bbox 1063 2071 1096 2137; x_wconf 93' lang='lat' dir='ltr'>in</span> <span class='ocrx_word' id='word_1_144' title='bbox 1115 2070 1212 2139; x_wconf 86' lang='lat' dir='ltr'>Settn.</span> <span class='ocrx_word' id='word_1_145' title='bbox 1240 2070 1309 2139; x_wconf 90' lang='lat' dir='ltr'>Sed</span> <span class='ocrx_word' id='word_1_146' title='bbox 1330 2089 1436 2160; x_wconf 45' lang='lat' dir='ltr'>supe-1</span> 
     </span>
     <span class='ocr_line' id='line_1_20' title="bbox 300 2169 1431 2259; baseline 0 -23"><span class='ocrx_word' id='word_1_147' title='bbox 300 2170 367 2236; x_wconf 92' lang='lat' dir='ltr'>rior</span> <span class='ocrx_word' id='word_1_148' title='bbox 385 2169 447 2238; x_wconf 87' lang='lat' dir='ltr'>tuit</span> <span class='ocrx_word' id='word_1_149' title='bbox 470 2169 635 2258; x_wconf 85' lang='lat' dir='ltr'>marchio,</span> <span class='ocrx_word' id='word_1_150' title='bbox 655 2175 688 2236; x_wconf 89' lang='lat' dir='ltr'>et</span> <span class='ocrx_word' id='word_1_151' title='bbox 708 2171 797 2259; x_wconf 89' lang='lat' dir='ltr'>cepit</span> <span class='ocrx_word' id='word_1_152' title='bbox 820 2171 862 2239; x_wconf 89' lang='lat' dir='ltr'>de</span> <span class='ocrx_word' id='word_1_153' title='bbox 886 2169 1075 2237; x_wconf 89' lang='lat' dir='ltr'>civitatibus</span> <span class='ocrx_word' id='word_1_154' title='bbox 1099 2174 1163 2237; x_wconf 86' lang='lat' dir='ltr'>tam</span> <span class='ocrx_word' id='word_1_155' title='bbox 1188 2171 1311 2238; x_wconf 79' lang='lat' dir='ltr'>milites</span> <span class='ocrx_word' id='word_1_156' title='bbox 1337 2187 1431 2257; x_wconf 88' lang='lat' dir='ltr'>quam</span> 
     </span>
     <span class='ocr_line' id='line_1_21' title="bbox 302 2267 1436 2356; baseline 0 -21"><span class='ocrx_word' id='word_1_157' title='bbox 302 2269 393 2336; x_wconf 90' lang='lat' dir='ltr'>cives</span> <span class='ocrx_word' id='word_1_158' title='bbox 417 2269 589 2353; x_wconf 89' lang='lat' dir='ltr'>octoginta</span> <span class='ocrx_word' id='word_1_159' title='bbox 610 2269 757 2356; x_wconf 85' lang='lat' dir='ltr'>quinque</span> <span class='ocrx_word' id='word_1_160' title='bbox 776 2287 915 2356; x_wconf 88' lang='lat' dir='ltr'>qnorum</span> <span class='ocrx_word' id='word_1_161' title='bbox 934 2267 1122 2336; x_wconf 88' lang='lat' dir='ltr'>octodecim</span> <span class='ocrx_word' id='word_1_162' title='bbox 1147 2275 1243 2336; x_wconf 90' lang='lat' dir='ltr'>erant</span> <span class='ocrx_word' id='word_1_163' title='bbox 1260 2267 1303 2336; x_wconf 91' lang='lat' dir='ltr'>de</span> <span class='ocrx_word' id='word_1_164' title='bbox 1327 2269 1436 2352; x_wconf 56' lang='lat' dir='ltr'>Wor7</span> 
     </span>
     <span class='ocr_line' id='line_1_22' title="bbox 300 2363 1430 2454; baseline -0.001 -20"><span class='ocrx_word' id='word_1_165' title='bbox 300 2368 408 2434; x_wconf 90' lang='lat' dir='ltr'>matia.</span> <span class='ocrx_word' id='word_1_166' title='bbox 434 2363 545 2453; x_wconf 85' lang='lat' dir='ltr'>Atque</span> <span class='ocrx_word' id='word_1_167' title='bbox 570 2367 603 2434; x_wconf 93' lang='lat' dir='ltr'>in</span> <span class='ocrx_word' id='word_1_168' title='bbox 630 2367 695 2434; x_wconf 92' lang='lat' dir='ltr'>hoc</span> <span class='ocrx_word' id='word_1_169' title='bbox 723 2368 878 2437; x_wconf 89' lang='lat' dir='ltr'>contiictu</span> <span class='ocrx_word' id='word_1_170' title='bbox 907 2365 1137 2454; x_wconf 83' lang='lat' dir='ltr'>dampnificata</span> <span class='ocrx_word' id='word_1_171' title='bbox 1160 2366 1221 2434; x_wconf 86' lang='lat' dir='ltr'>tuit</span> <span class='ocrx_word' id='word_1_172' title='bbox 1247 2367 1430 2436; x_wconf 87' lang='lat' dir='ltr'>Wormotin</span> 
     </span>
     <span class='ocr_line' id='line_1_23' title="bbox 302 2465 1436 2554; baseline 0 -22"><span class='ocrx_word' id='word_1_173' title='bbox 302 2467 398 2533; x_wconf 85' lang='lat' dir='ltr'>etiam</span> <span class='ocrx_word' id='word_1_174' title='bbox 421 2484 441 2534; x_wconf 93' lang='lat' dir='ltr'>a</span> <span class='ocrx_word' id='word_1_175' title='bbox 461 2465 611 2554; x_wconf 88' lang='lat' dir='ltr'>Philippo</span> <span class='ocrx_word' id='word_1_176' title='bbox 634 2465 675 2534; x_wconf 92' lang='lat' dir='ltr'>de</span> <span class='ocrx_word' id='word_1_177' title='bbox 701 2466 886 2536; x_wconf 88' lang='lat' dir='ltr'>Hotreniels</span> <span class='ocrx_word' id='word_1_178' title='bbox 913 2467 1084 2535; x_wconf 91' lang='lat' dir='ltr'>coniurato</span> <span class='ocrx_word' id='word_1_179' title='bbox 1108 2467 1250 2534; x_wconf 89' lang='lat' dir='ltr'>civitatis</span> <span class='ocrx_word' id='word_1_180' title='bbox 1270 2467 1436 2542; x_wconf 78' lang='lat' dir='ltr'>worma-i</span> 
     </span>
     <span class='ocr_line' id='line_1_24' title="bbox 301 2563 1428 2655; baseline 0 -23"><span class='ocrx_word' id='word_1_181' title='bbox 301 2565 418 2632; x_wconf 92' lang='lat' dir='ltr'>tiensis</span> <span class='ocrx_word' id='word_1_182' title='bbox 432 2564 508 2654; x_wconf 93' lang='lat' dir='ltr'>plus</span> <span class='ocrx_word' id='word_1_183' title='bbox 527 2583 623 2651; x_wconf 84' lang='lat' dir='ltr'>quam</span> <span class='ocrx_word' id='word_1_184' title='bbox 644 2563 687 2632; x_wconf 91' lang='lat' dir='ltr'>ad</span> <span class='ocrx_word' id='word_1_185' title='bbox 710 2571 776 2634; x_wconf 90' lang='lat' dir='ltr'>tres</span> <span class='ocrx_word' id='word_1_186' title='bbox 796 2567 898 2635; x_wconf 89' lang='lat' dir='ltr'>millia</span> <span class='ocrx_word' id='word_1_187' title='bbox 918 2582 1098 2632; x_wconf 89' lang='lat' dir='ltr'>marcarum</span> <span class='ocrx_word' id='word_1_188' title='bbox 1114 2567 1259 2655; x_wconf 76' lang='lat' dir='ltr'>argenti,</span> <span class='ocrx_word' id='word_1_189' title='bbox 1279 2583 1346 2654; x_wconf 93' lang='lat' dir='ltr'>pro</span> <span class='ocrx_word' id='word_1_190' title='bbox 1361 2566 1428 2652; x_wconf 85' lang='lat' dir='ltr'>qui-</span> 
     </span>
     <span class='ocr_line' id='line_1_25' title="bbox 300 2663 1428 2750; baseline -0.004 -17"><span class='ocrx_word' id='word_1_191' title='bbox 300 2666 362 2733; x_wconf 90' lang='lat' dir='ltr'>bus</span> <span class='ocrx_word' id='word_1_192' title='bbox 389 2665 487 2732; x_wconf 90' lang='lat' dir='ltr'>etiam</span> <span class='ocrx_word' id='word_1_193' title='bbox 512 2663 735 2732; x_wconf 90' lang='lat' dir='ltr'>vendiderunt</span> <span class='ocrx_word' id='word_1_194' title='bbox 758 2667 792 2732; x_wconf 95' lang='lat' dir='ltr'>in</span> <span class='ocrx_word' id='word_1_195' title='bbox 817 2663 999 2734; x_wconf 91' lang='lat' dir='ltr'>continenti</span> <span class='ocrx_word' id='word_1_196' title='bbox 1023 2664 1304 2750; x_wconf 82' lang='lat' dir='ltr'>trigintaquatuor</span> <span class='ocrx_word' id='word_1_197' title='bbox 1329 2665 1428 2732; x_wconf 90' lang='lat' dir='ltr'>libras</span> 
     </span>
     <span class='ocr_line' id='line_1_26' title="bbox 300 2761 1426 2854; baseline 0 -24"><span class='ocrx_word' id='word_1_198' title='bbox 300 2763 465 2832; x_wconf 85' lang='lat' dir='ltr'>wormio</span> <span class='ocrx_word' id='word_1_199' title='bbox 483 2763 641 2831; x_wconf 88' lang='lat' dir='ltr'>censibus</span> <span class='ocrx_word' id='word_1_200' title='bbox 661 2763 869 2832; x_wconf 84' lang='lat' dir='ltr'>annualibus.</span> <span class='ocrx_word' id='word_1_201' title='bbox 895 2765 1016 2832; x_wconf 88' lang='lat' dir='ltr'>Postea</span> <span class='ocrx_word' id='word_1_202' title='bbox 1032 2769 1142 2831; x_wconf 88' lang='lat' dir='ltr'>autem</span> <span class='ocrx_word' id='word_1_203' title='bbox 1159 2761 1248 2832; x_wconf 87' lang='lat' dir='ltr'>iacta</span> <span class='ocrx_word' id='word_1_204' title='bbox 1266 2769 1323 2854; x_wconf 87' lang='lat' dir='ltr'>est</span> <span class='ocrx_word' id='word_1_205' title='bbox 1343 2781 1426 2831; x_wconf 91' lang='lat' dir='ltr'>com-</span> 
     </span>
    </p>

    <p class='ocr_par' dir='ltr' id='par_1_8' title="bbox 182 2862 1426 3245">
     <span class='ocr_line' id='line_1_27' title="bbox 182 2862 1424 2951; baseline -0.003 -21"><span class='ocrx_word' id='word_1_206' title='bbox 182 2895 184 2898; x_wconf 94' lang='lat'>·</span> <span class='ocrx_word' id='word_1_207' title='bbox 300 2864 422 2951; x_wconf 90' lang='lat' dir='ltr'>positio</span> <span class='ocrx_word' id='word_1_208' title='bbox 446 2864 531 2930; x_wconf 87' lang='lat' dir='ltr'>inter</span> <span class='ocrx_word' id='word_1_209' title='bbox 553 2863 777 2931; x_wconf 80' lang='lat' dir='ltr'>marchionem</span> <span class='ocrx_word' id='word_1_210' title='bbox 803 2863 845 2931; x_wconf 90' lang='lat' dir='ltr'>de</span> <span class='ocrx_word' id='word_1_211' title='bbox 868 2862 986 2930; x_wconf 87' lang='lat' dir='ltr'>Badeo</span> <span class='ocrx_word' id='word_1_212' title='bbox 1005 2866 1038 2929; x_wconf 91' lang='lat' dir='ltr'>et</span> <span class='ocrx_word' id='word_1_213' title='bbox 1055 2863 1205 2930; x_wconf 88' lang='lat' dir='ltr'>civitates</span> <span class='ocrx_word' id='word_1_214' title='bbox 1224 2879 1286 2950; x_wconf 92' lang='lat' dir='ltr'>per</span> <span class='ocrx_word' id='word_1_215' title='bbox 1302 2879 1424 2951; x_wconf 92' lang='lat' dir='ltr'>procn-</span> 
     </span>
     <span class='ocr_line' id='line_1_28' title="bbox 300 2959 1424 3050; baseline -0.004 -22"><span class='ocrx_word' id='word_1_216' title='bbox 300 2963 458 3030; x_wconf 91' lang='lat' dir='ltr'>rationem</span> <span class='ocrx_word' id='word_1_217' title='bbox 482 2961 602 3028; x_wconf 90' lang='lat' dir='ltr'>civium</span> <span class='ocrx_word' id='word_1_218' title='bbox 627 2959 938 3050; x_wconf 74' lang='lat' dir='ltr'>argentinensium,</span> <span class='ocrx_word' id='word_1_219' title='bbox 963 2961 1009 3028; x_wconf 93' lang='lat' dir='ltr'>ita</span> <span class='ocrx_word' id='word_1_220' title='bbox 1027 2960 1118 3047; x_wconf 89' lang='lat' dir='ltr'>quod</span> <span class='ocrx_word' id='word_1_221' title='bbox 1142 2961 1292 3048; x_wconf 87' lang='lat' dir='ltr'>quelibet</span> <span class='ocrx_word' id='word_1_222' title='bbox 1314 2962 1424 3030; x_wconf 90' lang='lat' dir='ltr'>civitas</span> 
     </span>
     <span class='ocr_line' id='line_1_29' title="bbox 302 3058 1426 3150; baseline -0.004 -24"><span class='ocrx_word' id='word_1_223' title='bbox 302 3077 383 3129; x_wconf 90' lang='lat' dir='ltr'>suos</span> <span class='ocrx_word' id='word_1_224' title='bbox 411 3061 561 3147; x_wconf 91' lang='lat' dir='ltr'>captivos</span> <span class='ocrx_word' id='word_1_225' title='bbox 588 3059 630 3129; x_wconf 90' lang='lat' dir='ltr'>ab</span> <span class='ocrx_word' id='word_1_226' title='bbox 655 3061 731 3148; x_wconf 93' lang='lat' dir='ltr'>ipso</span> <span class='ocrx_word' id='word_1_227' title='bbox 755 3061 917 3128; x_wconf 89' lang='lat' dir='ltr'>liberavit.</span> <span class='ocrx_word' id='word_1_228' title='bbox 950 3061 992 3128; x_wconf 87' lang='lat' dir='ltr'>Et</span> <span class='ocrx_word' id='word_1_229' title='bbox 1010 3077 1071 3150; x_wconf 89' lang='lat' dir='ltr'>pro</span> <span class='ocrx_word' id='word_1_230' title='bbox 1093 3077 1154 3128; x_wconf 87' lang='lat' dir='ltr'>sex</span> <span class='ocrx_word' id='word_1_231' title='bbox 1171 3058 1221 3128; x_wconf 89' lang='lat' dir='ltr'>de</span> <span class='ocrx_word' id='word_1_232' title='bbox 1246 3059 1426 3128; x_wconf 88' lang='lat' dir='ltr'>Wormatia</span> 
     </span>
     <span class='ocr_line' id='line_1_30' title="bbox 300 3159 1002 3245; baseline -0.003 -19"><span class='ocrx_word' id='word_1_233' title='bbox 300 3159 424 3244; x_wconf 90' lang='lat' dir='ltr'>recepit</span> <span class='ocrx_word' id='word_1_234' title='bbox 442 3159 586 3226; x_wconf 86' lang='lat' dir='ltr'>marchio</span> <span class='ocrx_word' id='word_1_235' title='bbox 605 3161 701 3227; x_wconf 88' lang='lat' dir='ltr'>ccliiii</span> <span class='ocrx_word' id='word_1_236' title='bbox 718 3178 845 3228; x_wconf 87' lang='lat' dir='ltr'>marcas</span> <span class='ocrx_word' id='word_1_237' title='bbox 864 3159 1002 3245; x_wconf 88' lang='lat' dir='ltr'>argenti.</span> 
     </span>
    </p>

    <p class='ocr_par' dir='ltr' id='par_1_9' title="bbox 300 3252 1424 3740">
     <span class='ocr_line' id='line_1_31' title="bbox 376 3252 1423 3345; baseline -0.006 -19"><span class='ocrx_word' id='word_1_238' title='bbox 376 3257 474 3326; x_wconf 89' lang='lat' dir='ltr'>Anno</span> <span class='ocrx_word' id='word_1_239' title='bbox 499 3259 669 3326; x_wconf 85' lang='lat' dir='ltr'>m.co.l.vii.</span> <span class='ocrx_word' id='word_1_240' title='bbox 696 3258 753 3326; x_wconf 89' lang='lat' dir='ltr'>hat</span> <span class='ocrx_word' id='word_1_241' title='bbox 778 3259 904 3345; x_wconf 85' lang='lat' dir='ltr'>koenig</span> <span class='ocrx_word' id='word_1_242' title='bbox 926 3257 1100 3326; x_wconf 90' lang='lat' dir='ltr'>Richarten</span> <span class='ocrx_word' id='word_1_243' title='bbox 1126 3252 1337 3345; x_wconf 87' lang='lat' dir='ltr'>Oppenheim</span> <span class='ocrx_word' id='word_1_244' title='bbox 1361 3253 1423 3322; x_wconf 87' lang='lat' dir='ltr'>sict</span> 
     </span>
     <span class='ocr_line' id='line_1_32' title="bbox 301 3354 1423 3448; baseline -0.005 -22"><span class='ocrx_word' id='word_1_245' title='bbox 301 3357 460 3448; x_wconf 86' lang='lat' dir='ltr'>argeben,</span> <span class='ocrx_word' id='word_1_246' title='bbox 479 3358 623 3426; x_wconf 89' lang='lat' dir='ltr'>totaliter</span> <span class='ocrx_word' id='word_1_247' title='bbox 639 3375 712 3426; x_wconf 92' lang='lat' dir='ltr'>cum</span> <span class='ocrx_word' id='word_1_248' title='bbox 725 3359 800 3446; x_wconf 92' lang='lat' dir='ltr'>ipso</span> <span class='ocrx_word' id='word_1_249' title='bbox 814 3359 1027 3426; x_wconf 90' lang='lat' dir='ltr'>terminantes</span> <span class='ocrx_word' id='word_1_250' title='bbox 1042 3354 1134 3442; x_wconf 89' lang='lat' dir='ltr'>quod</span> <span class='ocrx_word' id='word_1_251' title='bbox 1149 3355 1337 3425; x_wconf 85' lang='lat' dir='ltr'>destructio</span> <span class='ocrx_word' id='word_1_252' title='bbox 1351 3371 1423 3422; x_wconf 89' lang='lat' dir='ltr'>cas·</span> 
     </span>
     <span class='ocr_line' id='line_1_33' title="bbox 300 3454 1424 3546; baseline -0.008 -21"><span class='ocrx_word' id='word_1_253' title='bbox 300 3459 340 3525; x_wconf 90' lang='lat' dir='ltr'>tri</span> <span class='ocrx_word' id='word_1_254' title='bbox 357 3459 391 3525; x_wconf 94' lang='lat' dir='ltr'>in</span> <span class='ocrx_word' id='word_1_255' title='bbox 409 3458 543 3526; x_wconf 85' lang='lat' dir='ltr'>civitate</span> <span class='ocrx_word' id='word_1_256' title='bbox 568 3473 682 3525; x_wconf 93' lang='lat' dir='ltr'>eorum</span> <span class='ocrx_word' id='word_1_257' title='bbox 707 3475 884 3546; x_wconf 84' lang='lat' dir='ltr'>numquam</span> <span class='ocrx_word' id='word_1_258' title='bbox 908 3454 949 3524; x_wconf 90' lang='lat' dir='ltr'>ad</span> <span class='ocrx_word' id='word_1_259' title='bbox 972 3455 1092 3522; x_wconf 87' lang='lat' dir='ltr'>malum</span> <span class='ocrx_word' id='word_1_260' title='bbox 1116 3455 1200 3542; x_wconf 93' lang='lat' dir='ltr'>ipsis</span> <span class='ocrx_word' id='word_1_261' title='bbox 1217 3455 1424 3544; x_wconf 89' lang='lat' dir='ltr'>imputaretur</span> 
     </span>
     <span class='ocr_line' id='line_1_34' title="bbox 301 3552 1423 3646; baseline -0.009 -22"><span class='ocrx_word' id='word_1_262' title='bbox 301 3555 442 3646; x_wconf 87' lang='lat' dir='ltr'>etquod</span> <span class='ocrx_word' id='word_1_263' title='bbox 460 3556 593 3645; x_wconf 91' lang='lat' dir='ltr'>abipso</span> <span class='ocrx_word' id='word_1_264' title='bbox 616 3573 696 3642; x_wconf 89' lang='lat' dir='ltr'>rege</span> <span class='ocrx_word' id='word_1_265' title='bbox 717 3573 887 3644; x_wconf 85' lang='lat' dir='ltr'>nunquam</span> <span class='ocrx_word' id='word_1_266' title='bbox 912 3553 1174 3643; x_wconf 85' lang='lat' dir='ltr'>reedificaretur,</span> <span class='ocrx_word' id='word_1_267' title='bbox 1199 3559 1234 3622; x_wconf 89' lang='lat' dir='ltr'>et</span> <span class='ocrx_word' id='word_1_268' title='bbox 1256 3552 1349 3642; x_wconf 87' lang='lat' dir='ltr'>qnod</span> <span class='ocrx_word' id='word_1_269' title='bbox 1372 3567 1423 3640; x_wconf 94' lang='lat' dir='ltr'>per</span> 
     </span>
     <span class='ocr_line' id='line_1_35' title="bbox 300 3653 1422 3740; baseline -0.01 -17"><span class='ocrx_word' id='word_1_270' title='bbox 300 3657 475 3724; x_wconf 91' lang='lat' dir='ltr'>triennium</span> <span class='ocrx_word' id='word_1_271' title='bbox 494 3655 639 3723; x_wconf 89' lang='lat' dir='ltr'>absoluti</span> <span class='ocrx_word' id='word_1_272' title='bbox 658 3661 691 3722; x_wconf 91' lang='lat' dir='ltr'>et</span> <span class='ocrx_word' id='word_1_273' title='bbox 707 3655 802 3724; x_wconf 87' lang='lat' dir='ltr'>liberi</span> <span class='ocrx_word' id='word_1_274' title='bbox 820 3655 862 3722; x_wconf 89' lang='lat' dir='ltr'>ab</span> <span class='ocrx_word' id='word_1_275' title='bbox 880 3654 968 3723; x_wconf 92' lang='lat' dir='ltr'>omni</span> <span class='ocrx_word' id='word_1_276' title='bbox 987 3653 1120 3720; x_wconf 91' lang='lat' dir='ltr'>servitio</span> <span class='ocrx_word' id='word_1_277' title='bbox 1139 3655 1380 3740; x_wconf 82' lang='lat' dir='ltr'>permanerent,</span> <span class='ocrx_word' id='word_1_278' title='bbox 1394 3655 1422 3714; x_wconf 88' lang='lat' dir='ltr'>ct</span> 
     </span>
    </p>

    <p class='ocr_par' dir='ltr' id='par_1_10' title="bbox 185 3747 1420 3944">
     <span class='ocr_line' id='line_1_36' title="bbox 185 3747 1420 3845; baseline -0.012 -19"><span class='ocrx_word' id='word_1_279' title='bbox 185 3823 186 3826; x_wconf 74' lang='grc'>,</span> <span class='ocrx_word' id='word_1_280' title='bbox 302 3757 331 3822; x_wconf 92' lang='lat' dir='ltr'>si</span> <span class='ocrx_word' id='word_1_281' title='bbox 347 3756 457 3843; x_wconf 88' lang='lat' dir='ltr'>potior</span> <span class='ocrx_word' id='word_1_282' title='bbox 473 3773 533 3822; x_wconf 89' lang='lat' dir='ltr'>rex</span> <span class='ocrx_word' id='word_1_283' title='bbox 551 3772 570 3820; x_wconf 91' lang='lat' dir='ltr'>a</span> <span class='ocrx_word' id='word_1_284' title='bbox 589 3753 723 3822; x_wconf 93' lang='lat' dir='ltr'>domino</span> <span class='ocrx_word' id='word_1_285' title='bbox 740 3773 829 3845; x_wconf 89' lang='lat' dir='ltr'>papa</span> <span class='ocrx_word' id='word_1_286' title='bbox 847 3752 1058 3822; x_wconf 82' lang='lat' dir='ltr'>confirmatus</span> <span class='ocrx_word' id='word_1_287' title='bbox 1073 3753 1304 3840; x_wconf 90' lang='lat' dir='ltr'>superveniret</span> <span class='ocrx_word' id='word_1_288' title='bbox 1320 3747 1420 3817; x_wconf 93' lang='lat' dir='ltr'>medio</span> 
     </span>
     <span class='ocr_line' id='line_1_37' title="bbox 301 3848 1420 3944; baseline -0.008 -25"><span class='ocrx_word' id='word_1_289' title='bbox 301 3860 468 3944; x_wconf 90' lang='lat' dir='ltr'>tempore,</span> <span class='ocrx_word' id='word_1_290' title='bbox 487 3852 578 3941; x_wconf 88' lang='lat' dir='ltr'>quod</span> <span class='ocrx_word' id='word_1_291' title='bbox 594 3853 732 3922; x_wconf 90' lang='lat' dir='ltr'>ulterius</span> <span class='ocrx_word' id='word_1_292' title='bbox 750 3855 784 3922; x_wconf 94' lang='lat' dir='ltr'>in</span> <span class='ocrx_word' id='word_1_293' title='bbox 802 3854 893 3921; x_wconf 90' lang='lat' dir='ltr'>nullo</span> <span class='ocrx_word' id='word_1_294' title='bbox 913 3852 975 3920; x_wconf 92' lang='lat' dir='ltr'>sibi</span> <span class='ocrx_word' id='word_1_295' title='bbox 994 3855 1110 3918; x_wconf 89' lang='lat' dir='ltr'>essent</span> <span class='ocrx_word' id='word_1_296' title='bbox 1125 3851 1270 3940; x_wconf 89' lang='lat' dir='ltr'>astricti,</span> <span class='ocrx_word' id='word_1_297' title='bbox 1290 3848 1420 3916; x_wconf 89' lang='lat' dir='ltr'>sabbato</span> 
     </span>
    </p>
   </div>
   <div class='ocr_carea' id='block_1_3' title="bbox 302 3947 1420 4042">
    <p class='ocr_par' dir='ltr' id='par_1_11' title="bbox 302 3947 1420 4042">
     <span class='ocr_line' id='line_1_38' title="bbox 302 3947 1420 4042; baseline -0.004 -26"><span class='ocrx_word' id='word_1_298' title='bbox 302 3953 335 4018; x_wconf 93' lang='lat' dir='ltr'>in</span> <span class='ocrx_word' id='word_1_299' title='bbox 354 3957 472 4020; x_wconf 88' lang='lat' dir='ltr'>octava</span> <span class='ocrx_word' id='word_1_300' title='bbox 499 3952 681 4020; x_wconf 90' lang='lat' dir='ltr'>nativitatis</span> <span class='ocrx_word' id='word_1_301' title='bbox 706 3951 810 4022; x_wconf 88' lang='lat' dir='ltr'>Mario</span> <span class='ocrx_word' id='word_1_302' title='bbox 836 3949 938 4042; x_wconf 89' lang='lat' dir='ltr'>[sept.</span> <span class='ocrx_word' id='word_1_303' title='bbox 958 3947 1033 4041; x_wconf 84' lang='grc'><strong>15].</strong></span> <span class='ocrx_word' id='word_1_304' title='bbox 1058 3949 1101 4016; x_wconf 86' lang='lat' dir='ltr'>Et</span> <span class='ocrx_word' id='word_1_305' title='bbox 1117 3947 1267 4018; x_wconf 87' lang='lat' dir='ltr'>iecerunt</span> <span class='ocrx_word' id='word_1_306' title='bbox 1285 3947 1420 4016; x_wconf 86' lang='lat' dir='ltr'>fidelita-</span> 
     </span>
    </p>
   </div>
   <div class='ocr_carea' id='block_1_4' title="bbox 303 4121 1420 4204">
    <p class='ocr_par' dir='ltr' id='par_1_12' title="bbox 303 4121 1420 4204">
     <span class='ocr_line' id='line_1_39' title="bbox 303 4121 1420 4204; baseline -0.008 -26"><span class='ocrx_word' id='word_1_307' title='bbox 303 4124 375 4204; x_wconf 85' lang='lat' dir='ltr'>dium</span> <span class='ocrx_word' id='word_1_308' title='bbox 394 4126 467 4196; x_wconf 86' lang='lat' dir='ltr'>pacis</span> <span class='ocrx_word' id='word_1_309' title='bbox 489 4125 624 4193; x_wconf 83' lang='lat' dir='ltr'>generalis</span> <span class='ocrx_word' id='word_1_310' title='bbox 647 4124 775 4178; x_wconf 81' lang='lat' dir='ltr'>ducentas</span> <span class='ocrx_word' id='word_1_311' title='bbox 798 4123 880 4178; x_wconf 88' lang='lat' dir='ltr'>libras</span> <span class='ocrx_word' id='word_1_312' title='bbox 898 4123 963 4179; x_wconf 86' lang='lat' dir='ltr'>hait.</span> <span class='ocrx_word' id='word_1_313' title='bbox 981 4139 1041 4176; x_wconf 89' lang='lat' dir='ltr'>cum</span> <span class='ocrx_word' id='word_1_314' title='bbox 1059 4121 1156 4193; x_wconf 87' lang='lat' dir='ltr'>quibus</span> <span class='ocrx_word' id='word_1_315' title='bbox 1178 4121 1291 4178; x_wconf 83' lang='lat' dir='ltr'>soldarii</span> <span class='ocrx_word' id='word_1_316' title='bbox 1307 4125 1368 4175; x_wconf 86' lang='lat' dir='ltr'>sunt</span> <span class='ocrx_word' id='word_1_317' title='bbox 1382 4131 1420 4185; x_wconf 81' lang='lat' dir='ltr'>ap</span> 
     </span>
    </p>
   </div>
   <div class='ocr_carea' id='block_1_5' title="bbox 303 4202 1227 4329">
    <p class='ocr_par' dir='ltr' id='par_1_13' title="bbox 303 4202 1227 4329">
     <span class='ocr_line' id='line_1_40' title="bbox 303 4202 1227 4329; baseline -0.001 -13"><span class='ocrx_word' id='word_1_318' title='bbox 303 4202 461 4329; x_wconf 43' lang='lat' dir='ltr'>priCJfflge&#39;dr.</span> <span class='ocrx_word' id='word_1_319' title='bbox 481 4258 597 4312; x_wconf 83' lang='lat' dir='ltr'>Bdhmer</span> <span class='ocrx_word' id='word_1_320' title='bbox 614 4260 681 4314; x_wconf 83' lang='lat' dir='ltr'>Ood.</span> <span class='ocrx_word' id='word_1_321' title='bbox 702 4259 833 4314; x_wconf 82' lang='lat' dir='ltr'>Moencsr.</span> <span class='ocrx_word' id='word_1_322' title='bbox 854 4263 921 4328; x_wconf 85' lang='lat'>1,95.</span> <span class='ocrx_word' id='word_1_323' title='bbox 941 4261 1012 4314; x_wconf 87' lang='lat' dir='ltr'>Mon.</span> <span class='ocrx_word' id='word_1_324' title='bbox 1032 4259 1123 4315; x_wconf 87' lang='lat' dir='ltr'>Germ.</span> <span class='ocrx_word' id='word_1_325' title='bbox 1141 4262 1227 4326; x_wconf 74' lang='grc'><strong>4,375.</strong></span> 
     </span>
    </p>
   </div>
   <div class='ocr_carea' id='block_1_6' title="bbox 0 0 1447 4834">
    <p class='ocr_par' dir='ltr' id='par_1_14' title="bbox 0 0 1447 4834">
     <span class='ocr_line' id='line_1_41' title="bbox 0 0 1447 4834; baseline 0 0"><span class='ocrx_word' id='word_1_326' title='bbox 0 0 1447 4834; x_wconf 95' lang='lat' dir='ltr'> </span> 
     </span>
    </p>
   </div>
  </div>
 </body>
</html>
