2878 4834
400 183 567 230 orrannum
588 184 825 254 ¹wornrnmmcsm.
1105 161 1171 229 231

48 319 186 388 trahiad
210 319 369 390 iudicium
392 322 525 388 minime
551 323 693 391 valeatis
702 375 713 412 ,
738 323 895 410 quamdiu
921 327 1025 412 parati
1043 325 1170 397 fueritis

46 420 80 488 de
98 419 194 486 vobis
214 419 501 506 conquerentibus
513 438 623 490 coram
642 420 815 490 ordinariis
833 425 954 491 vestris
970 423 1079 494 iacere
1097 427 1171 494 ius-

45 519 111 585 ticie
130 518 421 606 complementum.
440 519 528 586 Nulli
547 537 628 606 crgo
644 522 778 589 omuino
793 523 958 590 homiuum
973 525 1072 592 liceat
1086 523 1172 593 hanc

44 619 191 706 paginam
211 623 327 686 nostre
345 619 579 688 concessionis
597 617 776 706 intringere
794 623 848 688 vel
872 623 902 688 ei
921 641 1006 690 ausu
1024 628 1171 693 temera-

44 718 83 783 rio
110 717 288 784 contraire.
315 717 350 785 Si
376 719 451 804 quis
475 723 587 785 autem
611 718 675 786 hoc
702 725 896 808 attemptare
922 725 1170 811 presumpserit,

43 815 301 900 indignationem
326 818 562 904 omnipotentis
586 816 640 883 dei
667 823 700 886 et
724 818 893 887 beatorum
919 820 1004 888 Petri
1028 827 1062 888 et
1079 821 1171 889 Pauli

44 915 267 1002 apostolorum
291 917 362 983 eius
389 933 427 983 sa
449 917 579 983 noverit
603 916 819 986 incursurum.
846 918 968 986 Datum
984 918 1170 1010 Argentin,

43 1034 66 1081 v.
82 1013 156 1080 idus
176 1015 309 1104 marcii,
328 1032 417 1083 anno
436 1011 736 1084 dominimocdm.1

87 1209 130 1268 17.
152 1207 292 1270 Richard
313 1208 482 1270 romischer
497 1207 590 1282 konig
602 1209 704 1272 macht
725 1209 771 1270 als
792 1209 944 1284 gekoruer
965 1211 1170 1274 schiedsrich-

151 1293 203 1350 ter
227 1292 317 1352 einen
337 1290 455 1352 irieden
476 1289 631 1353 zwischcn
653 1291 712 1354 deu
732 1291 865 1366 bdrgeru
887 1307 946 1353 von
969 1293 1085 1355 Worms
1106 1293 1169 1356 und

156 1371 261 1433 denen
283 1387 341 1434 ron
364 1372 512 1434 Osthofeu
533 1372 590 1432 anf
609 1371 663 1434 der
685 1377 790 1453 einen,
813 1373 874 1434 und
890 1375 1063 1436 Simonvon
1076 1377 1174 1438 Gunt-

154 1453 241 1514 heim
262 1453 324 1514 und
346 1454 438 1516 Jacob
456 1469 524 1516 rom
537 1455 623 1515 Steiu
645 1455 702 1516 auf
720 1455 777 1517 der
799 1455 915 1518 anderu
937 1459 1022 1518 seito.
1042 1457 1172 1536 worma,

153 1537 238 1598 1250
258 1541 336 1614 sept.
360 1540 405 1598 16.

102 1673 271 1742 Ricardus
295 1671 348 1741 dei
371 1672 484 1759 gracia
511 1671 730 1742 Romanorum
752 1693 830 1763 rex,
850 1693 982 1762 semper
999 1683 1166 1762 augustus

46 1773 208 1842 Universis
238 1774 324 1842 saori
346 1773 472 1862 imperii
498 1771 635 1842 Romani
663 1771 817 1844 ductibus
842 1780 1019 1862 presentes
1045 1777 1171 1844 litteras

43 1873 236 1960 inspecturis
254 1873 398 1960 graciam
416 1889 511 1938 suam
531 1879 564 1940 et
581 1890 678 1940 omne
697 1871 830 1944 bunum.
858 1871 936 1940 Cum
956 1874 1042 1940 inter
1060 1874 1170 1944 dilcc-

44 1977 85 2037 tos
102 1971 223 2040 fideles
241 1977 373 2040 nostros
393 1971 486 2040 cives
503 1969 545 2036 W
549 1972 774 2042 ormacieuses
792 1977 825 2039 ct
837 1971 914 2040 illos
933 1970 974 2039 de
991 1970 1167 2042 Osthovoo

44 2067 180 2138 fautores
211 2089 327 2139 eorum
352 2088 393 2138 ex
417 2088 484 2136 uua
506 2076 615 2160 parte,
635 2076 667 2137 et
686 2070 864 2160 Symonem
883 2069 924 2138 de
945 2069 1118 2138 Guntheim
1138 2078 1171 2142 et

44 2168 196 2237 iacobum
216 2169 258 2238 de
274 2167 401 2256 Lapide
421 2187 460 2236 ac
473 2171 621 2256 ipsorum
639 2165 786 2240 fautores
810 2176 874 2237 tam
893 2169 1032 2238 clericos
1056 2177 1089 2238 et
1106 2172 1168 2240 lai-

45 2286 92 2335 cos
110 2288 152 2335 ex
170 2269 288 2359 altera,
307 2268 420 2354 gravis
439 2269 598 2336 suscitata
617 2276 709 2337 esset
726 2269 862 2338 materia
880 2269 1077 2359 questionis,
1092 2275 1167 2339 tan-

46 2366 107 2434 dem
123 2367 271 2436 iaciente
291 2367 385 2455 pacis
402 2373 538 2435 anctore
560 2373 637 2456 post
660 2367 810 2437 diversas
835 2367 1068 2436 altercationes
1092 2367 1169 2438 hinc

43 2465 107 2532 inde
131 2469 166 2534 in
193 2485 259 2536 nos
285 2464 456 2553 tanquam,
472 2467 504 2533 in
532 2465 685 2534 arbitrum
707 2469 748 2536 ab
773 2473 911 2554 utraque
935 2472 1029 2556 parte
1057 2485 1168 2536 coram

44 2565 127 2632 nobis
155 2565 247 2654 apud
273 2565 496 2633 Wormaeiam
520 2566 717 2635 unanimiter
747 2568 852 2636 extitit
881 2565 1166 2656 compromissum,

45 2664 122 2749 quod
141 2663 302 2752 quicquid
329 2663 519 2733 arbitrando
539 2682 600 2732 scu
625 2663 861 2734 sententiando
882 2663 1080 2748 dixerimuS,
1100 2663 1166 2734 de-

46 2762 125 2830 teret
147 2783 167 2830 a
188 2763 349 2852 predictis
376 2763 547 2852 omnibus,
574 2765 672 2832 certis
698 2767 794 2854 penis
820 2763 959 2832 adiectis
977 2781 997 2830 a
1015 2763 1114 2831 nobis
1134 2769 1168 2832 et
1203 2849 1206 2853 ,

47 2859 201 2930 adnotatis
225 2863 377 2951 interius,
404 2862 638 2930 inviolabiliter
662 2863 843 2933 observari.
875 2861 946 2930 Nos
969 2863 1081 2948 itaque
1103 2881 1167 2950 pa-

47 2968 156 3028 comet
178 2961 394 3030 concordiam
415 2963 501 3028 iuter
516 2961 609 3050 ipsos
627 2965 801 3050 potissime
822 2961 1037 3050 affectuum,
1062 2979 1167 3030 causa

49 3063 221 3144 questionis
242 3057 430 3128 huiusmodi
454 3059 496 3127 de
519 3061 661 3130 consilio
686 3059 830 3130 fidelium
853 3067 1038 3128 nostrorum
1065 3061 1166 3148 plene

49 3157 191 3227 discussa
198 3213 208 3250 ,
227 3161 260 3228 iu
283 3161 416 3228 nomine
441 3163 555 3228 sancte
582 3165 615 3228 et
630 3159 798 3230 individue
822 3159 973 3228 trinitatis
998 3160 1032 3225 iu
1052 3159 1165 3248 primis

49 3253 171 3328 dicimus
193 3265 229 3327 et
249 3257 436 3326 arbitrando
459 3259 729 3348 pronuntiamuS,
750 3257 840 3347 quod
866 3257 987 3346 captivi
1010 3276 1051 3324 ex
1074 3265 1165 3326 utra-

49 3373 101 3439 que
121 3364 231 3448 parte,
258 3364 322 3426 tam
349 3357 491 3427 civitatis
520 3355 786 3428 Wormaoieusis
817 3377 915 3446 quam
942 3354 1164 3444 predictorum

50 3453 189 3540 symonis
215 3463 248 3524 et
274 3456 410 3546 Jaoobi‚
430 3458 502 3524 sine
524 3456 665 3524 alicuius
685 3457 780 3546 pretii
806 3455 1044 3544 redemptione,
1070 3453 1165 3522 liberi

49 3554 102 3618 sint
118 3564 149 3624 et
161 3559 295 3644 penitus
314 3555 474 3646 absoluti,
495 3573 568 3624 cum
585 3555 734 3624 Jacobus
754 3561 787 3624 et
805 3555 931 3642 Symon
949 3553 1164 3622 fideiussores

50 3659 219 3742 receperint
242 3673 327 3742 quos
348 3655 518 3744 Philippus
540 3651 581 3722 de
606 3653 756 3724 Honvels
781 3660 814 3722 et
835 3653 1004 3741 Philippus
1023 3651 1064 3720 de
1082 3651 1164 3720 Fal·

50 3748 162 3822 kestein
181 3759 388 3842 receperunt.
415 3753 496 3821 Item
514 3753 671 3842 dicimus,
689 3752 781 3842 quod
800 3752 942 3840 dampna
961 3769 1162 3838 quecunque

53 3854 77 3913 ct
91 3869 143 3938 per
157 3871 388 3940 quemcunque
405 3852 537 3922 modum
553 3851 652 3941 iacta,
670 3870 729 3940 per
744 3850 896 3920 incendia
911 3853 1042 3938 rapinas
1060 3849 1162 3918 cedes

52 3946 216 4041 homiuum,
245 3953 272 4022 si
294 3971 358 4040 qno
378 3951 464 4020 secta
487 3957 582 4040 sunt,
602 3943 849 4020 destructiones
873 3949 1042 4018 dumorum
1063 3949 1162 4018 edifi-

54 4048 155 4119 ciorum
171 4054 341 4120 vinearum
357 4070 510 4138 agrorum
535 4051 588 4120 vei
607 4051 672 4118 atia
692 4069 892 4138 quacunque
911 4049 953 4118 de
972 4066 1076 4118 causa
1097 4067 1161 4138 pe-

78 4191 102 4256 1]
118 4191 162 4247 dns
177 4193 262 4262 siegoi
281 4195 316 4249 iet
333 4192 494 4263 abgesadeo.
