2884 4834
282 243 351 312 128
647 269 809 316 narramus
830 269 866 316 ur
887 269 1055 316 66666661.

198 426 266 482 rasa
282 409 486 501 Rogomant,
512 413 546 478 et
558 403 631 476 alil¹
655 408 772 476 inlmiti
789 408 919 478 nobiles
937 413 971 477 et
989 409 1146 498 comites,
1162 413 1195 477 et
1215 427 1314 498 quarn
1335 410 1399 499 plu-

278 529 333 578 res
355 509 665 599 episeopi,quorum
683 510 879 594 ignorantur
893 509 1038 578 nomina.
1063 507 1168 590 Quam
1186 509 1299 597 plures
1314 512 1398 578 etiam

279 628 322 678 ex
336 608 504 678 nobilibus
522 606 693 676 Alemanie
710 614 824 676 corrtra
839 625 934 677 suum
949 608 1109 676 honorem
1129 609 1281 696 61161166
1302 609 1398 678 Theu-

276 710 367 776 tunie
391 707 513 776 ibidem
534 725 607 774 cum
628 707 760 774 Gallicis
779 706 934 798 aderant,
959 707 1112 775 dominus
1134 707 1292 776 videlicet
1315 709 1399 775 Wal-

278 807 412 896 therus,
432 807 518 874 lilius
535 808 665 875 comitis
686 805 728 874 de
745 805 915 874 Veldonze
924 860 934 897 ,
954 805 1061 874 dietus
1076 805 1117 874 de
1137 807 1353 875 Geroltzeehe
1365 826 1400 875 er

279 907 344 974 alia
356 912 450 996 parte
466 905 590 996 Rheni,
609 907 665 993 qui
682 913 804 994 postea
821 924 888 974 non
911 904 1044 974 rrrodioo
1058 911 1207 994 tempore
1222 908 1321 974 vitam
1336 907 1399 974 161-

277 1007 325 1074 vit
344 1011 540 1095 extremam,
566 1011 599 1072 ot
623 1004 732 1073 dictus
755 1004 927 1074 Conradus
951 1005 1126 1073 Wernheri
1144 1006 1256 1074 iunior
1279 1004 1320 1073 de
1336 1005 1398 1073 lla·

277 1103 417 1194 desinit,
437 1106 493 1192 qui
509 1103 723 1192 postmodum
739 1123 800 1192 per
817 1103 991 1172 Rudoltum
1007 1121 1121 1190 regem
1135 1103 1320 1172 redditibus
1336 1106 1397 1172 suis

279 1211 312 1272 et
328 1203 440 1273 allicio
457 1202 683 1272 constituendi
699 1203 873 1272 scultetum
896 1205 930 1270 in
950 1201 1050 1291 opido
1073 1203 1197 1272 Stestat
1215 1202 1277 1272 luit
1299 1204 1396 1272 desti-

278 1309 368 1370 tutus
384 1304 534 1392 omnino,
549 1305 654 1392 ipsius
673 1303 830 1388 exigente
846 1319 999 1370 excessu.
1024 1301 1140 1370 Metati
1158 1310 1237 1370 sunt
1255 1311 1400 1371 castrant

279 1403 421 1470 tentoria
446 1409 540 1468 extra
564 1403 730 1470 civitatem
753 1402 883 1490 Bysunt
901 1401 942 1470 ad
963 1401 1030 1469 duo
1055 1421 1142 1488 pene
1168 1403 1308 1470 miliaria
1327 1400 1398 1469 intra

199 1543 202 1550 -
279 1500 444 1588 quendam
466 1501 727 1570 montemaltum
748 1507 781 1568 61
803 1501 929 1570 siluam.
956 1501 995 1568 Et
1013 1500 1222 1569 vallaverunt
1239 1519 1278 1569 se
1296 1500 1397 1569 16666-

278 1602 338 1686 tis,
367 1605 399 1668 61
421 1599 582 1668 abscissis
609 1601 739 1686 maguis
767 1600 939 1668 arboribus
963 1599 1116 1689 inlmitis,
1145 1600 1341 1668 simulantes
1367 1618 1396 1666 se

277 1699 365 1766 velle
381 1717 549 1787 exponere
568 1699 681 1788 preliis
704 1705 819 1767 corrtra
841 1717 955 1785 regem
978 1697 1031 1766 dei
1054 1701 1160 1784 gratia
1178 1697 1396 1767 Romanorum.

276 1798 449 1886 Principes
467 1817 549 1866 vero
569 1796 741 1870 hiemante
759 1798 924 1887 illustres,
951 1799 1098 1884 quicum
1119 1799 1195 1886 ipso
1220 1817 1303 1885 rege
1325 1797 1397 1866 ade-

276 1904 350 1964 rant
368 1898 401 1964 in
419 1897 578 1966 honorent
599 1897 770 1966 Germanic
789 1898 954 1986 rogiente,
974 1897 1126 1965 dominus
1142 1895 1300 1966 videlicet
1317 1896 1396 1964 Con-

277 1995 377 2064 radus
400 1995 441 2064 de
461 1996 664 2084 Lietenberg
679 1994 938 2082 Argentinensis
955 1997 1153 2085 episcopm,
1179 1998 1237 2083 qui
1255 2015 1394 2082 magnum

274 2095 396 2163 ibidem
414 2095 527 2164 habuit
553 2098 733 2164 exercitum
759 2101 792 2162 61
809 2097 941 2163 multam
969 2114 1042 2164 cum
1064 2095 1163 2163 lande
1187 2096 1347 2183 militium,
1370 2099 1395 2159 et

276 2195 330 2262 alii
349 2194 480 2262 nobiles
499 2192 688 2284 Alenranie,
707 2213 769 2262 nec
788 2213 857 2264 non
871 2193 1056 2262 decivitate
1070 2193 1311 2288 Argentinensi
1324 2211 1393 2280 qua·
1430 2233 1431 2236 =

277 2292 430 2379 draginta
447 2294 565 2362 milites
584 2296 679 2382 equis
698 2295 854 2362 valeretis
874 2299 907 2360 et
925 2311 1038 2362 eorum
1056 2291 1195 2383 familia,
1223 2295 1392 2362 existentes

275 2393 309 2458 in
328 2393 497 2460 cacumine
524 2395 663 2483 montis,
687 2393 842 2460 videntes
867 2411 979 2461 eorum
997 2391 1208 2460 adversarios
1229 2392 1392 2460 61661116-

274 2508 376 2558 66666
400 2490 443 2558 61
468 2492 557 2560 16116
581 2492 782 2581 dispositos,
808 2491 887 2560 licet
910 2496 1021 2559 tamen
1044 2491 1393 2560 661116661661661-

276 2609 361 2660 666
379 2595 493 2678 patere
511 2597 627 2680 posset
645 2590 778 2662 additus
797 2589 840 2660 ad
858 2590 1013 2680 eosdem,
1038 2591 1103 2658 nisi
1119 2609 1179 2680 per
1197 2609 1320 2678 magna
1336 2589 1393 2656 dis-

274 2688 415 2778 pendia,
442 2693 599 2778 variaque
616 2691 764 2777 pericula
782 2696 814 2758 et
832 2689 947 2758 cedem
964 2690 1131 2757 bominum
1149 2707 1322 2775 magnam:
1345 2703 1392 2775 pre
1429 2687 1430 2700 ¹

275 2789 375 2856 nimia
392 2794 501 2856 tamen
521 2790 598 2858 belli
616 2790 718 2858 letitia
737 2790 801 2878 ipsi
819 2790 987 2876 principes
1001 2786 1172 2856 Alemanie
1187 2807 1280 2856 inore
1296 2788 1391 2855 Theu-

275 2889 460 2955 tunicorum
484 2891 517 2956 in
544 2907 657 2958 eorum
682 2887 894 2956 adversarios
921 2887 1027 2955 lurore
1057 2887 1229 2977 volentes,
1260 2887 1319 2955 sod
1346 2903 1391 2952 rer

275 2984 554 3073 prudentissimus
572 2994 740 3056 6666166
757 2992 896 3055 eruenta
911 2986 994 3054 cede
1009 2986 1155 3054 cohibuit
1168 2986 1303 3055 dicens:
1320 2982 1393 3070 paod

275 3087 609 3154 catassamitum
634 3089 908 3173 tergiversatione
929 3090 1068 3172 possent
1083 3087 1244 3171 effugere,
1270 3087 1330 3153 nisi
1341 3099 1392 3169 per

275 3183 386 3250 66616
407 3203 472 3269 pro
497 3185 587 3253 111116
610 3203 669 3254 666
691 3185 870 3254 uoluntatis
887 3201 998 3252 66666
1014 3189 1263 3272 componerent,
1286 3183 1390 3266 atdlpm

275 3287 401 3349 terrum
421 3284 609 3369 truderent,
627 3289 661 3351 et
681 3302 756 3352 666
771 3286 806 3352 ia
821 3283 956 3368 feodum
979 3283 1022 3350 61
1045 3301 1083 3352 66
1106 3286 1301 3370 reciperent.
1332 3280 1390 3348 Her
1427 3343 1428 3364 ,

274 3380 428 3450 videntes
457 3383 572 3450 Gallici
597 3383 713 3470 lugere
740 3384 953 3468 nescientes,
983 3381 1073 3470 quod
1100 3401 1168 3450 non
1193 3382 1328 3471 patebat
1349 3379 1388 3445 eis

273 3481 386 3572 loeus,
412 3483 664 3551 considerantes
690 3481 779 3570 quod
805 3481 1033 3551 detrimentum
1058 3483 1106 3549 eis
1132 3487 1226 3550 esset
1252 3499 1289 3549 se
1311 3496 1388 3546 666-
1427 3481 1428 3526 t

274 3581 401 3648 mittere
427 3582 578 3650 manibus
603 3581 898 3671 Theutunicorum,
924 3582 1001 3668 qtria
1018 3597 1155 3669 parcere
1173 3598 1242 3648 non
1261 3593 1388 3648 consm-

275 3685 412 3768 verunt,
430 3681 486 3748 vel
505 3680 595 3769 qrrod
614 3680 655 3748 ab
676 3679 802 3748 eisdem
821 3680 988 3748 discerent
1006 3679 1132 3770 lugere,
1152 3680 1230 3746 licet
1243 3697 1308 3747 non
1320 3692 1387 3764 pos·
1426 3759 1427 3780 ,

276 3781 369 3844 sent:
388 3779 521 3847 tandem
539 3798 620 3849 vero
639 3785 717 3867 post
734 3780 836 3846 multa
850 3780 983 3846 etvaria
997 3778 1100 3846 Gallie
1113 3779 1225 3865 gentis
1245 3777 1387 3847 tormenta
1426 3789 1427 3836 l

277 3891 390 3942 comes
417 3876 525 3946 dictus
552 3878 594 3946 de
621 3879 785 3946 Schaluns
810 3872 1385 3965 666161666ρί11666661616116-

277 3973 398 4042 minum
422 3974 599 4046 Rudoltum
617 3977 799 4046 Romanum
818 3981 851 4044 61
868 3977 1021 4046 6661166
1038 3975 1240 4062 Burgundio.
1274 3975 1385 4044 111666

277 4072 351 4158 ipse
370 4089 483 4142 comes
510 4095 569 4164 pro
591 4095 675 4164 pace
693 4076 898 4166 laborasset,
918 4081 952 4142 61
969 4074 1012 4143 ad
1030 4080 1201 4164 aspectum
1219 4075 1304 4162 regis
1319 4085 1384 4160 per·

314 4215 344 4279 l)
363 4231 417 4269 von
434 4213 546 4270 hieran
563 4217 622 4272 16111
641 4217 690 4270 der
708 4217 775 4272 vert.
799 4233 848 4272 aus
871 4216 920 4272 der
943 4219 1142 4283 construction,
1166 4234 1196 4272 er
1220 4216 1290 4271 hatte
1306 4214 1336 4266 im
1350 4207 1386 4262 ab·

277 4280 344 4334 latlv
361 4279 509 4338 torlialrren
525 4284 619 4340 sollen.
