2890 4832
412 272 448 316 rx
470 271 593 316 nexurae
616 271 774 316 reomensi.
1091 244 1160 312 373

43 415 118 480 sunt.
144 407 354 478 Coloniensis
381 409 652 497 archiepiscopus
676 417 710 478 et
733 408 883 478 fautores
902 411 954 478 sui
979 411 1096 478 ducem
1115 411 1158 484 de
1180 426 1245 480 rrae

45 509 202 595 Cerenges
222 507 412 577 Bertoldum
431 509 552 595 clegit3
572 509 627 576 alii
642 510 807 597 principes
826 510 921 595 regni
940 509 1038 578 lrlium
1056 510 1162 580 llcin-

43 610 91 676 rici
117 609 323 696 imperatoris
356 606 520 694 chemm
552 609 646 676 trium
674 625 852 697 annorum,
887 609 940 676 cui
967 609 1161 696 legatarium

42 707 228 775 avunculum
246 725 342 775 suum
361 707 540 795 Philippum
560 705 678 775 ducem
703 706 825 775 Sueuie
844 705 1009 775 dederunt
1027 761 1033 776 .
1053 763 1060 776 .
1079 763 1087 778 .

103 802 200 874 Anno
228 804 352 874 domini
377 807 567 874 cccxcviii.
586 811 660 875 orta
673 813 727 876 est
744 805 856 893 gravis
876 805 998 876 seditio
1016 825 1076 897 pro
1094 810 1161 876 im-

40 906 138 993 perio,
165 906 263 992 regni
285 904 489 993 principibus
514 906 600 974 inter
618 923 655 974 se
674 905 952 974 discordantibus.
980 905 1160 995 Postquam

40 1003 201 1073 Bertoldus
221 1002 289 1072 dux
307 1003 348 1071 de
368 1004 539 1089 Cerenges
558 1004 757 1074 electionem
775 1022 873 1093 quam
890 1004 1006 1072 babuit
1020 1024 1080 1093 per
1092 1006 1160 1076 Co-

38 1103 210 1171 loniensem
228 1103 513 1192 archiepiscopum
532 1111 565 1172 et
583 1103 730 1173 lautores
749 1122 831 1174 suos
846 1105 969 1193 reiecit,
988 1110 1021 1172 et
1034 1106 1068 1172 in
1081 1125 1160 1195 par-

39 1207 92 1270 tem
115 1201 259 1292 Pbilippi
288 1201 383 1270 ducis
410 1203 534 1272 suevia
566 1204 755 1293 consensit,
784 1201 1056 1292 archiepiscopus
1085 1223 1159 1274 oum

39 1301 211 1370 lautoribus
239 1303 328 1392 suis,
354 1304 475 1370 comite
498 1301 653 1370 Flandrie
671 1309 704 1372 et
722 1305 842 1371 ceteris
859 1302 1024 1393 plurimiS,
1051 1305 1160 1372 comi-

39 1407 92 1468 lem
108 1399 350 1470 Pictaviensem
376 1402 510 1470 nomine
528 1397 701 1492 Ottonem,
729 1401 829 1470 lilium
847 1399 941 1468 ducis
961 1400 1108 1471 Saxonie
1126 1410 1160 1472 et

39 1498 122 1566 ilium
148 1501 280 1570 sororis
305 1501 395 1586 regis
421 1497 560 1591 Anglie,
587 1501 703 1570 iterum
727 1501 836 1592 eligit,
863 1506 898 1568 ct
921 1507 957 1568 ut
976 1503 1158 1590 episcopus

38 1597 226 1666 Leodiensis
245 1600 279 1666 in
298 1605 423 1686 partem
446 1601 519 1668 eius
541 1603 728 1670 consentiat
746 1600 830 1668 inira
848 1600 921 1670 dies
940 1607 1158 1689 pentecostes

40 1693 107 1787 [mai
126 1695 190 1788 ll]
218 1715 294 1765 aum
319 1698 481 1766 Leodium
499 1697 643 1769 adducit.
672 1698 740 1768 Sed
759 1701 939 1788 episcopus
958 1718 1020 1768 neo
1039 1719 1158 1769 mune-

39 1797 112 1864 ribus
129 1815 194 1865 nec
210 1797 369 1885 precibus
387 1797 496 1884 lrangi
512 1800 629 1886 potuit.
655 1797 826 1867 Prodictus
845 1805 955 1866 aulem
974 1800 1158 1888 archiepis-

37 1913 126 1984 copus
144 1915 221 1964 eum
241 1895 414 1964 Coloniam
436 1896 582 1987 deduxit,
606 1904 640 1966 el
662 1917 682 1966 a
701 1897 958 1966 Coloniensibus
975 1897 1156 1968 honorifice

38 2001 78 2062 est
94 2001 281 2084 susceptos.
302 1995 638 2084 Congregatoitaque
657 1998 805 2066 exercitu
817 1995 974 2086 oppidum
985 1994 1156 2086 Aquense,

37 2093 81 2160 ubi
97 2099 192 2183 caput
211 2095 307 2180 regni
327 2102 360 2162 et
379 2095 479 2164 sedes
498 2097 648 2166 noscitur
666 2113 755 2186 esse,
775 2095 908 2164 obsedit
925 2097 992 2163 xiiii
1008 2095 1071 2164 lral.
1089 2097 1159 2165 iulii

40 2188 111 2280 [luni
139 2191 225 2285 18],
257 2194 316 2260 ubi
350 2212 437 2262 cxxx
462 2194 562 2263 millia
594 2201 816 2284 pugnatorum
847 2194 963 2264 dicitur
987 2194 1157 2286 habuisse,

37 2289 241 2378 rlquensibus
259 2293 394 2362 viriliter
406 2294 641 2362 resistentibus
656 2301 690 2363 et
703 2295 862 2382 plurimos
880 2313 923 2380 ex
940 2299 1034 2382 parte
1050 2295 1157 2382 ipsius

37 2408 84 2475 per
105 2392 300 2478 sagittarios
325 2391 608 2462 interficientibus.
641 2393 892 2482 Exspectabam
922 2400 1030 2462 nutem
1057 2395 1157 2462 auxi-

37 2487 100 2556 lium
122 2489 217 2559 ducis
245 2490 384 2582 Sucvie,
411 2493 468 2579 oui
492 2509 561 2562 non
584 2493 677 2562 venit
694 2510 758 2561 nec
776 2493 825 2562 eis
846 2491 981 2580 aliquod
1000 2492 1156 2560 auxilium

36 2585 208 2657 destinavit.
246 2590 362 2678 ltaque
388 2589 463 2660 idus
488 2591 558 2658 iulii
586 2587 662 2681 [iuli
690 2589 753 2682 15]
781 2609 819 2659 se
844 2593 877 2658 in
900 2609 1018 2659 monus
1036 2590 1157 2678 prelati

37 2681 151 2757 Ottonis
170 2687 405 2779 reddiderunt,
426 2696 459 2758 et
476 2696 590 2777 portas
610 2689 723 2778 oppidi
743 2692 772 2758 ei
791 2695 1002 2779 operuerunt,
1023 2694 1057 2756 et
1081 2705 1155 2758 eum

37 2785 109 2853 sicut
129 2806 246 2874 regem
272 2795 503 2878 susceperunt.
529 2789 570 2858 Et
592 2791 627 2857 in
646 2788 804 2858 cathedra
823 2790 928 2875 regali
947 2787 1035 2856 sedit
1053 2805 1155 2856 coro-

36 2891 135 2976 natus,
162 2893 196 2955 et
224 2888 334 2956 omnia
360 2889 430 2956 iura
456 2905 521 2976 que
544 2889 617 2974 regi
644 2887 885 2958 debenturest
901 2887 1053 2975 adeptus.
1090 2886 1154 2956 Se-

38 2987 134 3068 quenti
158 2991 271 3054 autom
298 2985 353 3054 die
381 2985 479 3058 lrliom
506 2986 602 3056 ducis
627 2986 777 3056 Lovanie
796 2986 1034 3075 desponsavit,
1061 2993 1155 3073 patre

36 3081 124 3168 ipsius
147 3086 262 3174 puelle
287 3086 321 3152 in
347 3087 486 3172 negotio
510 3085 681 3154 orientalis
700 3086 843 3154 ecclesie
863 3084 1040 3154 efficaciter
1058 3102 1155 3153 com-

37 3191 166 3253 morante
194 3191 228 3254 et
254 3184 318 3254 hec
344 3185 454 3254 omnia
477 3186 664 3270 ignorante.
690 3185 878 3274 Episcopus
903 3183 1103 3254 Leodiensis
1121 3187 1155 3252 in

36 3275 166 3351 Holense
193 3289 339 3352 castrum
364 3301 401 3352 sc
428 3283 610 3374 transtulit,
637 3301 700 3352 nec
725 3285 756 3352 ei
782 3283 891 3352 adbuc
916 3285 1028 3370 aliquo
1053 3281 1153 3350 modo

37 3383 209 3450 consentire
233 3383 348 3451 voluit.
367 3435 374 3450 .
394 3436 427 3450 ..
463 3381 558 3450 Circo
584 3381 705 3450 lestum
725 3383 832 3452 sancti
850 3381 989 3467 Renrigii
1010 3377 1090 3470 [oct.
1113 3378 1151 3470 1]
1284 3463 1290 3474 ι

37 3475 188 3568 Philippus
207 3480 276 3550 dux
295 3481 418 3550 Sucvie
440 3482 611 3567 blcguntie
631 3497 704 3550 cum
725 3498 828 3549 uxore
855 3486 1050 3568 coronatur,
1077 3477 1153 3546 duci

38 3573 177 3648 Bohemie
196 3580 344 3667 regalem
363 3598 522 3650 coronam
542 3581 698 3669 imponit,
718 3586 751 3648 et
765 3581 944 3648 exercitum
958 3578 1153 3646 innumera-

38 3670 120 3744 bilem
144 3695 358 3766 congregans
383 3679 561 3749 Mosellam
581 3679 749 3767 transivit,
768 3696 833 3766 que
853 3695 910 3765 pre
927 3677 1076 3744 siccitate
1096 3677 1153 3742 ni-

38 3773 104 3862 nia,
128 3777 234 3863 qualis
261 3783 338 3846 ante
364 3785 496 3846 centum
515 3795 622 3846 annos
642 3795 710 3846 non
729 3777 805 3865 luit,
824 3776 995 3844 transitum
1013 3774 1151 3842 liberum

38 3871 157 3954 prebuit.
183 3875 420 3946 Andemacum
442 3876 624 3946 succendit.
652 3873 730 3944 Otto
749 3893 807 3946 rex
828 3875 983 3943 resistere
1002 3891 1069 3942 non
1089 3892 1152 3940 vo-

37 3965 97 4038 lens
120 3975 333 4066 multitudini,
353 3993 426 4044 cum
453 3977 522 4044 suis
544 3975 577 4044 in
608 3973 779 4042 Coloniam
808 3991 845 4042 se
871 3973 1044 4040 transtulit.
1072 3971 1151 4040 Pra-

39 4063 128 4139 dictns
144 4071 209 4144 dux
224 4075 393 4164 Philippus
415 4075 539 4143 Suevio
559 4091 667 4161 usquo
689 4073 840 4142 Bonnam
858 4073 1019 4160 pervenit,
1037 4076 1069 4138 et
1086 4075 1150 4136 tam

37 4163 128 4250 ipsum
145 4173 301 4262 oppidum
318 4193 417 4262 quom
437 4175 627 4242 universam
645 4173 733 4238 circa
758 4171 928 4258 regionem
953 4169 1149 4236 devastavit.

40 4260 94 4331 Sed
112 4269 232 4363 subito,
252 4275 371 4342 nescio
390 4290 457 4361 quo
477 4271 590 4340 babilo
609 4271 769 4360 consilio,
787 4288 846 4358 por
871 4285 941 4337 eam
962 4285 1027 4353 qua
1044 4282 1149 4332 vene-
