2884 4834
257 179 325 248 182
627 209 753 254 nonanus
775 207 1010 254 wonnlrrrnsus.

175 355 242 410 tata
261 350 401 414 sentata.
428 343 509 413 Cum
526 361 609 431 ergo
625 346 777 414 venisset
792 345 1011 432 llloguntinus
1030 345 1208 433 episcopus
1227 363 1302 414 cunr
1319 347 1383 413 suis
1423 335 1424 420 l

258 451 335 512 ante
361 443 695 534 dictam-civitatem,
721 450 754 512 et
780 453 890 512 castra
914 449 1056 512 metatus
1075 451 1185 532 esset,
1204 449 1241 512 et
1264 445 1383 512 instru-
1423 455 1424 464 ¹

257 549 369 610 menta
399 545 472 610 eius
503 543 624 612 bellica
653 544 844 633 posuisset,
882 549 954 611 erat
987 561 1129 630 namque
1163 543 1383 630 Marquardus

258 643 421 710 scultetus
447 641 488 709 de
514 639 720 730 Oppenbeim
746 643 780 710 in
808 641 963 712 Castella.
997 639 1182 710 Audientes
1206 641 1274 710 boc
1299 644 1384 710 cives
1423 665 1424 672 ¹

257 747 518 828 preparaverunt
540 759 645 808 naves
670 759 750 810 suas
768 741 907 810 bellicas
932 746 966 809 et
983 741 1070 810 bene
1095 741 1259 829 munitas,
1285 758 1384 808 vene-

259 845 332 907 runt
349 839 437 928 apud
454 839 672 926 Mogontiam.
698 839 824 908 Videns
843 847 953 908 autem
971 858 1031 908 eos
1047 841 1228 928 episcopus
1244 840 1385 925 Magon-

259 939 348 1006 tinos
368 945 433 1006 tam
452 937 553 1006 fortes
572 938 740 1029 advenire,
760 941 901 1008 recessit
918 938 961 1008 de
980 938 1168 1027 obsidione,
1188 939 1384 1006 comburens
1423 991 1424 1008 ,

196 1099 198 1104 ,
258 1055 320 1104 sua
333 1039 552 1106 instrumenta
569 1039 718 1126 propria,
735 1037 833 1106 Cives
851 1056 931 1106 uero
951 1037 1234 1126 Wormaeienses,
1254 1037 1386 1131 liberata
1423 1039 1424 1056 ¹

258 1138 391 1204 civitate
416 1144 450 1203 et
468 1137 623 1225 sculteto,
649 1143 683 1204 et
700 1139 848 1225 acceptis
867 1135 1008 1205 navibus
1027 1137 1189 1226 episcopi,
1210 1154 1288 1204 cum
1305 1155 1385 1222 gau·
1423 1157 1424 1222 r

258 1235 315 1302 dio
340 1237 464 1303 reversi
490 1241 568 1303 sunt
594 1235 824 1304 Wormaoiam.
871 1234 969 1316 Quod
988 1237 1135 1302 constitit
1152 1237 1247 1304 cives
1269 1235 1303 1302 in
1327 1253 1384 1302 ex·
1423 1287 1424 1312 ,

258 1335 373 1422 pensis
392 1334 654 1421 quadringentas
672 1353 810 1402 marcas.
837 1334 1009 1402 Ponebant
1027 1335 1125 1402 etiam
1144 1335 1339 1418 sagittarios
1356 1335 1384 1400 in

258 1432 393 1500 Castola
412 1432 452 1500 ad
472 1433 723 1521 defensionem,
742 1435 798 1521 qni
816 1435 1036 1502 constiterunt
1054 1434 1087 1500 in
1106 1435 1269 1521 expensis
1289 1450 1383 1500 sexa·
1423 1469 1424 1472 π

258 1533 351 1616 ginta
369 1549 496 1598 marcas
515 1537 549 1598 et
564 1533 650 1618 plus.

290 1677 293 1682 ·
330 1627 429 1698 Anno
462 1631 630 1699 mccxlii.
663 1649 779 1700 mense
816 1637 961 1718 augusto
994 1633 1087 1700 venit
1122 1631 1300 1700 Conradus
1334 1649 1386 1698 rex
1423 1649 1424 1652 ¹

259 1727 490 1818 Wormaoiam,
508 1737 628 1816 petens
655 1731 812 1798 auxilium
839 1732 886 1804 ab¹
908 1731 957 1798 eis
976 1732 1009 1797 in
1027 1731 1233 1816 Ringoviam.
1269 1730 1385 1817 Prepa·
1423 1767 1424 1796 ;

258 1835 414 1896 naverunt
436 1829 550 1915 itaque
582 1829 692 1896 statim
723 1847 829 1897 narres
860 1831 1043 1918 peroptime
1077 1837 1289 1898 constructas
1312 1847 1384 1916 pro·
1423 1847 1424 1852 ¹

258 1927 457 2014 pugnaculis
472 1927 619 2018 bellicis,
639 1920 682 1996 et
690 1927 936 1996 descenderunt
950 1927 1145 2014 Ringaviam
1164 1947 1238 1998 cum
1259 1926 1383 1996 ducen·
1423 1937 1424 2016 t

258 2026 301 2092 tis
319 2027 451 2094 armatis
478 2031 512 2094 et
529 2027 688 2114 expensis
713 2026 978 2110 honestissimis,
999 2033 1180 2114 sequentes
1200 2045 1315 2114 regem
1332 2043 1384 2114 per
1423 2041 1424 2100 i

260 2141 321 2192 sex
339 2123 588 2214 hebdomadas,
625 2127 784 2218 expensis
808 2127 948 2215 propriis
976 2143 1077 2215 super
1101 2127 1269 2194 civitatem
1289 2125 1383 2192 Wor-
1423 2159 1424 2200 1

259 2224 454 2290 matiensem
472 2221 567 2290 iactis
585 2223 628 2292 ad
646 2230 813 2292 trecentas
831 2243 960 2294 marcas
980 2229 1013 2292 et
1030 2226 1181 2314 amplius.
1208 2225 1383 2310 Postquam
1423 2229 1424 2294 ἒ

259 2339 338 2388 vero
357 2339 414 2389 rex
431 2321 535 2389 villas
547 2320 613 2389 iere
633 2341 748 2390 omnes
767 2323 988 2392 succenderat
1004 2341 1158 2392 reversus
1178 2330 1230 2391 est
1250 2329 1284 2392 et
1301 2323 1383 2390 cives
1423 2319 1424 2396 l

53 2483 54 2490 ,
156 2477 160 2482 .
259 2437 332 2486 cum
352 2437 393 2487 eo
410 2420 445 2486 in
463 2422 634 2489 nativitate
653 2427 769 2490 sancte
788 2421 892 2490 lilarie
910 2424 1047 2510 virginis
1068 2419 1170 2513 [sept.
1189 2419 1242 2514 8].
1423 2421 1424 2430 ’

81 2535 82 2542 ¹
331 2516 432 2586 Anno
462 2521 643 2588 mccxliii.
673 2522 766 2588 venit
797 2523 913 2589 iterum
946 2521 1100 2590 dominus
1127 2541 1185 2590 rex
1216 2518 1382 2589 Conradus

257 2635 374 2687 mense
392 2623 538 2704 augusto
558 2637 631 2686 cum
650 2621 795 2690 exercitu
813 2621 958 2712 potenti,
977 2621 1105 2689 ducens
1124 2637 1241 2688 secum
1257 2621 1383 2708 episco-
1423 2619 1424 2672 l

257 2734 320 2804 pos
340 2722 374 2784 et
390 2716 530 2785 abbates
550 2724 584 2786 et
600 2719 768 2806 principes
787 2725 820 2788 et
837 2721 958 2788 multos
983 2725 1176 2808 magnates,
1201 2719 1322 2786 volens
1340 2717 1380 2783 si·
1423 2735 1424 2808 1

258 2821 314 2882 cut
332 2814 448 2882 debuit
470 2833 592 2886 nocere
620 2819 781 2906 episcopo
808 2817 1061 2904 bloguntinensi
1086 2823 1120 2886 et
1138 2817 1202 2884 sibi
1220 2817 1380 2904 requirere
1423 2819 1424 2884 l

258 2912 435 2982 Castellum
461 2915 644 3004 civitatem,
670 2935 766 3002 quam
791 2918 864 3004 ipse
883 2919 1064 3006 episcopus
1082 2933 1205 3002 magna
1222 2913 1337 2984 fraude
1354 2919 1382 2980 et
1423 2913 1424 2926 ¹

174 3037 177 3040 ·
256 3013 399 3098 pecunia
424 3015 591 3100 promissa
608 3014 832 3082 fraudulenter
854 3017 887 3084 in
906 3034 1000 3084 suam
1017 3021 1160 3084 traxerat
1176 3021 1380 3102 potestaten.

258 3109 423 3178 Transivit
449 3130 568 3201 nempe
595 3132 668 3181 oum
691 3131 753 3182 suo
779 3116 924 3182 exercitu
943 3134 1003 3202 per
1018 3115 1302 3202 Bergstrassiam,
1328 3130 1381 3180 ve·

257 3209 354 3276 niens
379 3213 455 3278 aute
474 3217 616 3279 castrum
635 3212 725 3298 quod
753 3213 869 3280 dicitur
887 3213 1122 3300 Starlrenberg,
1141 3212 1184 3280 de
1203 3231 1272 3299 quo
1290 3210 1380 3280 multa

258 3306 401 3396 dampna
419 3309 546 3377 civibus
565 3309 873 3380 Wormaciensibus
892 3313 1069 3380 suntillata
1087 3312 1129 3380 ad
1147 3312 1379 3380 estimationem

258 3407 510 3493 quingentarum
529 3428 719 3478 marcarum.
739 3411 832 3478 blisit
846 3429 927 3496 ergo
939 3411 981 3478 ad
996 3413 1087 3478 cives
1101 3411 1279 3500 postulans
1294 3408 1379 3476 auxi-

255 3505 343 3572 lium.
370 3504 434 3586 Qui
452 3510 562 3577 statim
581 3527 654 3576 cum
671 3509 847 3578 medietate
861 3511 979 3578 civium
995 3517 1156 3578 exeuntes
1171 3510 1205 3576 in
1220 3509 1376 3591 auxilium,

257 3609 289 3672 et
307 3603 349 3672 ad
366 3612 526 3694 precepta
544 3607 632 3678 illius
648 3615 847 3676 exsecantes
860 3610 989 3698 vineas,
1008 3615 1042 3676 et
1054 3615 1297 3677 commorantes
1307 3621 1376 3682 ,eun

258 3721 337 3788 rege
356 3710 432 3772 octo
458 3704 575 3774 diebus
594 3707 733 3794 propriis
753 3709 911 3796 expensis
934 3707 976 3774 ad
995 3709 1238 3776 estimationem
1257 3706 1376 3774 duceu-

257 3805 361 3868 tarum
378 3821 558 3872 marcarum
577 3806 786 3896 etamplius,
806 3812 839 3874 et
857 3807 981 3874 reversi
1004 3811 1090 3874 sunt.
1116 3805 1305 3874 Procedens
1323 3820 1375 3868 au·

257 3903 322 3964 tem
348 3899 501 3968 dominus
526 3921 584 3970 rex
607 3911 761 3990 potenter
785 3907 936 3992 pervenit
961 3905 1155 3994 Castellum,
1175 3909 1208 3972 et
1227 3901 1374 3972 obsidens

258 4013 347 4084 earu,
373 4004 406 4066 et
430 4001 539 4068 statim
565 4001 682 4070 tradita
708 4009 761 4072 est
787 4005 826 4070 ei.
860 4003 900 4072 Et
925 4005 1077 4072 muniens
1103 4021 1192 4084 eam,
1218 4021 1291 4072 oum
1314 3999 1373 4068 suis

258 4096 366 4162 statim
384 4096 559 4166 descendit
574 4100 608 4167 in
625 4100 765 4188 Ringau
791 4102 833 4170 ad
851 4101 1104 4171 Rudenesheim.
1138 4103 1179 4170 Et
1197 4101 1305 4170 subito
1321 4097 1373 4166 mi-

160 4192 162 4198 ’
258 4195 301 4260 sit
318 4212 376 4280 pro
394 4195 439 4262 W
441 4198 715 4287 ormacieusibus,
734 4207 769 4270 ut
787 4201 829 4269 ad
849 4220 922 4268 eum
941 4200 1195 4270 descenderent.
1231 4198 1372 4282 Quicum
