2890 4832
374 215 410 259 sn
431 215 595 260 oooasmoo
622 215 797 262 cenomansi.
1086 187 1154 254 353

23 351 315 440 Constantinopoli
342 351 408 421 duo
435 355 469 420 in
492 353 696 442 patriarchas
722 355 819 423 electi
839 353 975 424 llomam
993 363 1156 423 venerunt
1175 371 1239 424 1215

23 460 53 520 et
68 452 195 520 iudicio
224 470 309 540 pape
334 469 372 520 se
398 452 633 522 submiserunt.
661 451 724 533 Qui
743 454 859 523 ambos
879 454 1021 522 oonsilio
1042 454 1154 522 eordi-

22 553 139 618 nalium
158 551 336 639 deposuit,
356 557 389 618 et
407 554 537 620 tertium
556 551 725 620 substituit
743 559 776 622 et
793 554 963 621 investivit
985 561 1018 620 ot
1036 553 1078 621 ad
1097 570 1154 621 se-

22 651 89 718 dem
109 653 279 738 propriam
298 651 429 718 remisit.

90 749 326 818 Theodericus
350 751 450 834 igitur
471 749 684 818 Coloniensis
709 750 982 839 archiepiscopus
1010 749 1066 819 diu
1089 750 1155 818 ibi·

27 849 93 916 denr
113 848 320 938 demoratus,
340 868 414 916 cum
439 849 538 917 olimii
562 851 614 916 sui
633 849 875 917 restitutionem
896 851 1026 917 minime
1045 852 1155 938 impe-

22 956 99 1015 trare
117 955 263 1036 posset,
288 949 418 1036 priores
445 949 589 1016 ecclesie
615 950 764 1034 acceptis
783 967 802 1016 a
820 967 908 1037 papa
932 950 1036 1016 literis
1055 950 1154 1016 alium

24 1047 141 1131 eligere
160 1048 252 1114 iussi
271 1053 357 1114 sunt.
384 1046 447 1127 Qui
466 1047 637 1115 Coloniam
664 1045 844 1115 redeuntes
854 1100 864 1137 ,
883 1054 917 1115 et
934 1047 1085 1116 secunda
1102 1047 1119 1116 l
1137 1085 1154 1098 -

23 1148 65 1213 ria
87 1152 168 1232 post
197 1145 397 1214 dominicam
424 1147 597 1215 invocavit
622 1142 736 1235 [1216
761 1146 825 1214 leb.
854 1145 918 1238 29]
947 1148 981 1213 in
1009 1147 1154 1215 ecclesia

23 1245 103 1312 beati
129 1245 222 1312 Petri
249 1247 505 1336 convenientes,
530 1245 759 1331 Engilbertum
777 1247 932 1314 maiorem
950 1247 1154 1334 prepositum

24 1345 53 1411 in
69 1345 270 1432 episcopum
289 1343 471 1429 elegerunt.

89 1440 192 1510 Anno
222 1443 345 1510 domini
371 1444 540 1511 m.cc.n.vi.
567 1441 752 1510 Fridericus
779 1460 837 1510 ren
855 1443 889 1510 in
907 1441 995 1511 testo
1014 1451 1154 1532 aposto·

25 1539 120 1608 lorum
148 1541 294 1630 Pbilippi
318 1546 352 1608 et
376 1541 495 1610 Jacobi
523 1538 604 1632 [mai
635 1539 673 1632 l]
693 1543 815 1608 curiam
841 1542 931 1630 apud
948 1542 1155 1610 Nurinberch

27 1638 141 1706 babuit.
177 1640 245 1708 Ubi
269 1639 384 1708 Petrus
409 1641 586 1708 cardinalis
614 1647 730 1708 sancte
757 1640 954 1708 Potentiane
981 1640 1154 1709 adomino

27 1756 105 1826 papa
121 1741 249 1808 missus
268 1737 368 1807 alluit.
387 1739 472 1806 Huic
490 1741 582 1807 ouria
599 1739 814 1824 Engilbertus
829 1739 1043 1808 Coloniensis
1062 1741 1155 1808 eleo-

29 1843 74 1903 tus
92 1855 129 1905 se
149 1838 314 1928 exhibuit,
333 1843 367 1906 et
385 1857 404 1906 a
422 1838 545 1907 domno
563 1839 659 1906 Petro
679 1837 847 1907 cardinale
867 1838 1080 1907 confirmatus
1098 1857 1153 1907 re-

31 1936 108 2020 galia
126 1955 146 2004 a
161 1937 334 2006 Friderieo
353 1955 433 2023 rege
452 1939 610 2026 suscepit.

93 2035 222 2104 Eodem
250 2053 339 2104 anno
358 2055 377 2103 a
396 2036 577 2104 vonerabili
601 2035 754 2104 liderioo
780 2035 971 2104 Heistorum
991 2037 1153 2125 episcopo

33 2141 220 2202 consecrata
239 2141 291 2202 est
309 2136 454 2202 ecelesia
472 2137 579 2204 sancti
598 2135 809 2203 Pantaleonis
827 2155 858 2202 v.
877 2136 941 2203 lral.
960 2137 1046 2202 maii.
1071 2135 1153 2202 Nam

33 2232 187 2316 quondam
203 2233 430 2302 scilicetanno
441 2235 605 2302 dominice
621 2236 859 2302 incarnationis
873 2233 1056 2302 dcccclxxx
1066 2252 1153 2302 oon-

35 2338 150 2400 seorata
168 2331 279 2400 luerat
293 2333 461 2401 aWarino
480 2333 659 2401 venerabili
678 2333 873 2401 Coloniensi
891 2333 1152 2422 archiepiscopo.

35 2426 91 2495 Sed
108 2437 245 2519 propter
261 2432 387 2500 violata
412 2450 535 2500 cornua
553 2433 721 2521 altarium,
748 2432 930 2520 principale
953 2432 1056 2500 altare
1080 2450 1152 2499 cum

37 2526 99 2593 aliis
128 2529 263 2598 dnobus
290 2549 332 2599 ex
361 2537 499 2618 utraque
524 2537 637 2621 parte,
663 2532 792 2599 scilieet
814 2531 985 2598 beatorum
1009 2531 1094 2598 Petri
1121 2537 1155 2598 et

36 2623 130 2717 Perdi,
147 2629 273 2697 ibidem
291 2621 470 2698 destruetis
489 2637 522 2697 et
539 2632 637 2698 novis
656 2635 833 2718 reparantia,
861 2635 1057 2697 consecrata
1076 2636 1154 2696 sunt

38 2739 98 2791 enm
123 2729 288 2816 capellula
312 2730 499 2797 sanctuario
527 2731 704 2818 contigua,
733 2745 798 2816 quo
822 2729 856 2795 in
882 2727 1010 2795 honore
1036 2734 1151 2795 sancto

35 2818 173 2895 laterine
192 2829 331 2914 virginis
351 2835 550 2896 consecrata
568 2834 629 2896 est.
1257 2901 1260 2908 A

95 2922 170 3011 lpso
190 2927 295 2994 eciam
315 2945 403 2994 anno
421 2932 500 3015 post
518 2932 674 3016 octavam,
688 2923 1151 3014 apostolorumlnnooenoius

36 3033 109 3106 papa
126 3024 215 3093 obiit.
235 3024 293 3093 Cui
309 3025 441 3092 Cincius
461 3023 637 3093 cardinalis
657 3032 797 3114 quatuor
813 3023 1052 3094 Coronatorum
1072 3041 1151 3090 suo-

41 3117 129 3209 eedit‚
147 3129 180 3191 et
198 3124 308 3192 dictus
328 3131 380 3192 est
400 3123 577 3192 Honorius.

98 3218 175 3288 ltem
193 3225 270 3312 ipso
289 3241 377 3290 anno
396 3223 569 3292 lohannes
588 3241 647 3290 rex
664 3221 786 3307 Anglie
805 3227 868 3288 etc.

98 3314 191 3389 Anno
206 3321 371 3389 dominice
385 3323 622 3390 incarnationis
641 3321 819 3387 m.ec.n.vii.
836 3318 988 3387 Andreas
1005 3335 1063 3386 nex
1077 3319 1150 3386 Un-

41 3413 132 3504 sarie,
149 3417 323 3508 Lupoldus
340 3419 406 3488 dun
423 3420 568 3511 Austrie,
587 3437 660 3487 oum
683 3419 851 3508 episeopis
872 3424 906 3484 et
924 3417 1097 3484 comitibus
1119 3425 1152 3484 et

44 3514 159 3597 eopiosa
174 3518 382 3586 multitudine
399 3521 614 3608 signatorum,
631 3535 718 3585 mare
738 3517 949 3584 transierunt.
967 3515 1048 3581 ltem
1066 3515 1151 3582 Wil-

42 3601 149 3681 helmus
167 3635 280 3686 eomes
305 3616 481 3686 Hollandie
506 3625 539 3685 et
563 3617 726 3702 Georgius
743 3632 857 3682 comes
882 3614 924 3682 de
946 3611 1056 3704 Wtde,
1076 3631 1149 3680 cum

44 3704 101 3775 aliis
116 3730 208 3784 eruce
224 3718 364 3802 signatis
382 3717 545 3784 Teutonie
563 3715 605 3783 ad
622 3723 739 3782 tenram
753 3721 901 3782 sanctam
919 3713 1055 3798 navigio
1071 3730 1150 3800 pro-

45 3799 129 3877 insci
150 3813 429 3905 desiderantibus
448 3833 548 3903 super
565 3833 666 3882 unum
684 3813 726 3880 de
745 3811 964 3881 nobilioribus
985 3818 1068 3879 terre
1087 3811 1151 3880 llu-
1234 3809 1242 3828 '

47 3901 94 4006 viis
109 3908 234 3981 lluvinm
251 3915 384 3982 Mosam
402 3915 599 4000 congregati
618 3919 695 3980 sunt
713 3911 800 4000 apud
816 3909 1008 3996 Vlerdinge.
1026 3908 1150 3991 Quarto

46 4001 125 4082 igitur
140 4009 200 4080 lral.
217 4014 297 4080 iunii
316 4019 377 4081 etc.

66 4195 70 4206 .
105 4101 193 4180 tnnc
209 4111 333 4182 domini
348 4101 540 4180 m.co.x.viii.
553 4109 689 4180 Navalis
708 4111 872 4178 exercitus
890 4111 946 4195 qui
969 4107 1057 4196 opud
1076 4107 1150 4175 Uli-

47 4195 173 4275 llbonam
190 4210 404 4298 hyemaverat
424 4217 486 4278 eto.

71 4315 187 4372 lotdttdtt
204 4330 328 4376 bonnas.
348 4333 372 4374 ¹2.
919 4317 950 4368 23
