2950 4836
279 214 349 288 tat
662 242 838 290 emanares
858 242 1049 288 nnrrnensrs.

197 399 263 456 tert
355 381 552 470 thsoripla
576 386 656 450 sont
677 379 779 454 verba
804 379 928 450 domini
955 378 1100 448 Heinrlei
1130 380 1289 470 prepositi
1313 377 1406 448 oon·

276 475 427 568 gensis:¹

351 579 522 650 l'rediotus
552 583 662 648 autem
695 577 849 648 dominns
872 577 1081 646 Hermannns
1114 582 1195 666 post
1225 578 1407 646 nessionen

279 678 411 748 abitalia
430 679 613 766 supervixit
630 676 763 746 duobus
781 679 878 746 annis
896 677 1053 746 delentos
1071 677 1223 746 unanimis
1241 676 1407 746 irrlrrmila·

280 778 385 866 libus,
414 777 466 844 ita
491 783 527 844 ot
551 775 594 844 de
621 776 709 844 lecto
732 777 765 846 ln
792 794 858 864 qno
876 775 1099 847 decumbebat
1125 795 1191 844 non
1210 777 1323 864 possit
1339 794 1406 843 snr-

280 894 363 962 gere
381 881 470 944 stare
487 875 542 944 vel
559 876 606 943 ire
625 876 698 944 sine
717 874 881 944 arliatorio
907 871 971 942 sihi
989 876 1212 944 servientium.
1238 872 1302 954 Qui
1321 873 1409 941 inhr-

280 976 412 1042 milales
436 980 469 1043 et
486 990 604 1042 omnes
623 973 795 1042 molestias
822 975 970 1063 eorporis
989 975 1232 1061 patientissime
1252 974 1408 1060 toleravi,

281 1072 418 1142 eohldle
436 1071 744 1142 habundantissime
767 1071 910 1141 ondens
936 1072 1088 1142 lacrimas
1111 1080 1144 1139 et
1172 1090 1277 1142 orans
1309 1071 1408 1140 domi-

281 1189 358 1240 nam
375 1171 490 1240 lesum
504 1189 565 1260 pro
585 1172 735 1260 peccatis
748 1172 830 1238 sais.
849 1169 912 1251 Qui
926 1178 959 1238 ut
973 1189 1072 1258 supra
1091 1174 1248 1260 seriptum
1266 1178 1322 1238 est
1338 1171 1406 1237 lan·

280 1269 432 1340 dnhltltar
456 1271 538 1340 rexit
562 1269 739 1338 eeclesiam
757 1269 973 1340 Altahensenr
996 1271 1092 1338 annis
1119 1272 1255 1356 triginta
1281 1287 1408 1337 menses

281 1377 423 1458 qrralnor
446 1368 519 1438 dies
545 1367 711 1456 sedecim,
738 1368 866 1438 iaciens
884 1369 1043 1438 rrranimas
1068 1369 1275 1438 elemosinas
1303 1376 1336 1436 et
1354 1368 1408 1434 alia

281 1468 382 1538 rivolta
400 1467 488 1535 hona
506 1484 627 1557 opera,
663 1467 745 1536 obiit
771 1467 860 1536 hono
879 1467 944 1536 line
961 1467 1067 1555 pridie
1085 1467 1151 1536 kal.
1171 1469 1311 1553 augusti
1330 1485 1409 1534 armo

280 1567 347 1634 vito
363 1583 424 1634 sue
442 1567 822 1652 septuagestmoquimo.
856 1566 931 1652 Ego
950 1565 1126 1634 Heinrions
1145 1567 1244 1634 Stero
1264 1566 1409 1654 capella-

281 1682 345 1734 nus
365 1681 451 1732 snas
474 1661 537 1732 heo
554 1663 682 1753 addidi,
710 1664 830 1734 videns
854 1666 887 1732 in
915 1682 957 1732 eo
984 1667 1131 1734 timorem
1158 1665 1287 1734 domini
1307 1673 1341 1732 et
1357 1682 1410 1731 sa-

280 1763 438 1852 pientiem
456 1780 609 1848 magnam
628 1781 722 1852 esse,
749 1771 783 1832 et
801 1763 901 1851 snper
918 1765 1028 1832 omnnia
1045 1765 1153 1852 ipsum
1170 1763 1299 1832 hahere
1318 1765 1410 1830 mise-

281 1860 453 1930 rioortllam
481 1863 566 1930 eirea
597 1879 714 1930 ornnes
739 1863 908 1951 homines,
935 1868 968 1931 et
990 1862 1072 1932 allas
1097 1864 1237 1933 virtutes
1265 1853 1410 1947 multas²,

280 1961 504 2030 testimoninm
522 1960 586 2030 sihi
603 1959 782 2052 perhibeo,
801 1968 835 2032 et
857 1962 930 2030 seio
951 1960 1042 2048 quod
1060 1979 1173 2032 verum
1189 1969 1243 2048 est
1261 1962 1409 2030 testimo-

281 2075 371 2128 nrum
391 2078 509 2128 menna.

479 2257 1218 2266 ——n-—v-w—--m-m———ss

306 2489 552 2563 nonannnor
569 2435 845 2582 nnnnnnnsrs
863 2491 1075 2564 anantes.
1104 2493 1199 2562 aava
1221 2533 1266 2543 -
1291 2494 1392 2562 raon.

744 2676 952 2686 -——-——--—·—-

202 2821 266 2876 ram
352 2763 452 2896 Quia
471 2815 528 2888 ea,
553 2815 617 2886 que
636 2799 667 2868 in
686 2801 793 2890 patria
810 2807 934 2891 nostra,
953 2801 1079 2868 seilicet
1096 2799 1269 2888 Bawarla,
1297 2807 1410 2868 aten-

279 2917 360 2987 pore
388 2899 561 2967 electionis
587 2895 717 2966 liudolfi
743 2897 963 2967 Romanorum
1001 2901 1091 2985 regis
1124 2904 1224 2985 gesta
1253 2906 1349 2985 sunt,
1382 2901 1407 2964 in

281 2999 389 3066 multis
407 2998 490 3065 loeis
516 2999 658 3086 quesivi,
685 3015 747 3065 neo
764 3000 885 3087 scripta
905 3000 1019 3088 reperi,
1040 3016 1105 3084 ego
1124 2997 1338 3066 Eberhardns
1357 3015 1408 3063 na-
1456 3039 1457 3090 p

281 3103 333 3163 tos
352 3095 394 3163 de
413 3095 557 3162 interiori
572 3093 701 3185 Allach,
719 3095 973 3184 llalisponensis
988 3097 1130 3164 eeclesia
1148 3095 1407 3180 archidiaconns,

280 3193 372 3261 iuxta
399 3193 603 3262 Hismenium
629 3195 837 3282 mihimetipsi
866 3213 1009 3284 canens,
1043 3195 1098 3262 illa
1125 3213 1190 3281 qne
1216 3185 1408 3280 requirendo

281 3293 367 3360 seire
385 3287 533 3380 polor'arn
552 3291 605 3360 vel
624 3292 809 3384 audiendo,
830 3301 862 3362 et
880 3293 981 3381 digna
1000 3295 1150 3382 reputavi
1169 3295 1347 3384 rnenroria,
1365 3292 1407 3358 hio

281 3391 421 3459 fideliter
439 3392 607 3458 annotavi.
1455 3459 1456 3478 ἢ

353 3487 453 3558 anno
472 3489 595 3557 domini
614 3489 772 3558 meolxx.
791 3491 903 3558 teroio.
938 3489 1070 3558 Mortuo
1095 3487 1274 3578 Ryoharrlo
1298 3489 1407 3559 Rona-

280 3605 395 3657 norom
415 3607 512 3678 rege,
541 3589 709 3678 principes
735 3589 860 3678 imperii
886 3590 973 3658 eirea
992 3590 1273 3656 octavamsanan
1291 3588 1406 3657 lllieha·
1455 3613 1456 3624 ¹

282 3686 366 3754 helis
393 3687 434 3754 ad
464 3686 654 3773 eligendam
679 3687 776 3755 alium
803 3705 915 3774 regem
938 3689 971 3754 in
989 3687 1227 3755 Franohenlnrt
1245 3703 1405 3755 convene-

281 3791 367 3854 rant.
400 3786 441 3854 Et
468 3785 544 3852 darm
571 3801 687 3852 omnes
716 3788 773 3873 qui
798 3785 943 3854 vocandi
971 3791 1064 3853 erant
1087 3787 1293 3853 interessent
1311 3791 1406 3874 preter

281 3881 470 3951 lleinrionm
489 3883 607 3951 elnaem
626 3885 794 3967 Bawarie,
821 3886 877 3973 qni
904 3891 937 3952 et
954 3883 1157 3972 sollempnes
1175 3887 1312 3952 miserat
1326 3900 1403 3950 nun·
1454 3927 1455 3942 r

282 3982 371 4069 cios,
410 3987 442 4048 et
471 4000 530 4070 per
555 3981 819 4051 ratihabitionem
846 4001 940 4050 sonna
973 3981 1129 4050 electioni
1155 3983 1264 4050 eidem
1291 3979 1404 4070 prehnit
1454 3961 1455 3994 ³

317 4107 347 4170 l)
366 4104 441 4162 diesn
459 4113 547 4158 warte
565 4105 623 4158 sinrl
642 4122 682 4159 am
701 4106 765 4160 rand
785 4123 837 4160 von
851 4104 1035 4159 anteactam
1054 4105 1113 4159 iahe
1131 4109 1198 4158 tans
1216 4105 1404 4174 gleivhzaitieer

282 4171 527 4240 hanel‘hoigesetzl.
560 4176 591 4233 2)
612 4173 680 4228 nach
706 4173 804 4228 nmltas
827 4175 862 4226 ist
881 4175 906 4226 in
926 4174 974 4226 der
992 4173 1031 4226 lis.
1051 4175 1112 4227 eina
1129 4173 1245 4228 radiante.
1264 4174 1351 4228 laclia.
1367 4145 1403 4224 iah

167 4297 171 4306 .
283 4239 351 4292 habe
369 4240 421 4294 alen
441 4239 514 4294 nieht
533 4240 608 4294 mehr
625 4255 693 4307 ganz
714 4240 875 4296 leserlichon
894 4241 999 4295 selrluss
1025 4258 1074 4296 ans
1093 4242 1218 4298 Canisins
1236 4253 1401 4297 entnommen.
1453 4301 1454 4320 χ
