2950 4836
425 269 596 314 annuamus
618 227 803 314 nnrrnuusrs.
1080 242 1175 311 -llss'l

57 410 133 478 oium
147 413 295 496 patruum
309 423 405 475 suum
423 411 503 496 aput
514 405 753 476 Franohenlurt
769 409 934 475 communi
950 413 1031 476 voto
1042 413 1076 477 et
1088 426 1175 477 con·
1195 424 1262 479 ¹152

58 526 153 576 sensu
169 507 311 575 omnium
327 507 511 595 principum
530 511 582 575 est
597 507 724 576 electus
740 501 782 574 ad
796 508 978 596 imperium,
989 509 1179 594 nonagesi-

56 624 121 674 mus
136 611 270 693 quartus
288 605 329 673 ab
346 603 519 674 Octaueno
536 603 700 693 Augusto.
719 605 781 672 Hic
796 607 830 674 in
845 607 1006 694 principio
1019 609 1114 692 regni
1127 609 1179 675 sui

56 707 191 773 omnium
208 705 465 773 Teutonicorum
492 704 638 774 favorem
662 705 792 772 babens
814 723 874 793 per
891 705 1039 773 districta
1057 704 1179 775 iudicia

55 822 161 892 pacem
178 805 333 892 optimam
351 803 429 872 lecit
446 806 478 870 in
497 805 651 873 omnibus
669 804 818 892 partibus
836 805 931 890 regni
951 805 1012 872 sui.
1038 805 1179 872 Ytaliam

33 933 38 950 ·
55 902 200 971 rebellem
216 902 408 972 fortitudine
423 921 484 972 sua
499 905 626 993 premit.
655 903 850 971 Cremonam
868 903 1094 972 Mediolanum
1110 904 1179 972 Bo-

54 1004 178 1070 noniam
194 1002 395 1070 Placentiam
415 1003 564 1072 Brexiam
578 1001 764 1071 Terdonam
776 1002 944 1070 Veronam
959 1002 1130 1090 spoletum
1146 1009 1180 1070 et

54 1101 127 1168 alias
145 1102 299 1170 civitates
318 1119 380 1170 sua
396 1105 546 1190 potentia
571 1103 619 1169 sic
637 1100 774 1189 devicit,
799 1107 836 1169 ut
853 1101 1079 1170 Mediolanum
1097 1101 1179 1170 Cre·

55 1217 174 1268 monam
202 1206 236 1270 ct
268 1199 429 1287 quasdam
452 1201 536 1270 alias
559 1200 659 1268 urbes
687 1201 798 1268 Ytalie
823 1201 957 1269 omnino
982 1200 1178 1289 destrueret,

53 1299 170 1366 ciuibus
185 1317 299 1368 eorum
313 1299 510 1388 quibusdam
528 1300 661 1389 occisis,
677 1299 875 1388 quibusdam
891 1299 925 1366 in
944 1301 1077 1367 exilium
1091 1301 1179 1367 rele-

54 1399 141 1484 gatis.
176 1397 259 1465 Nam
285 1405 414 1487 septem
439 1400 569 1470 vicibus
595 1397 637 1467 do
663 1398 860 1467 Alamannia
886 1397 979 1466 duxit
999 1399 1180 1467 exercitum

53 1504 160 1565 contra
176 1498 284 1584 ipsos.
316 1496 369 1565 Ab
387 1497 534 1567 Adriano
552 1515 640 1586 papa
656 1499 835 1586 imperator
853 1503 1077 1566 consecratur.
1111 1495 1180 1565 Sed

53 1602 163 1683 postea
187 1597 275 1664 inter
300 1614 374 1665 eum
398 1604 432 1665 et
458 1597 683 1667 ordinatorem
708 1615 804 1665 suum
820 1593 1001 1664 lldrianum
1028 1601 1180 1684 quartum

53 1713 87 1761 ac
109 1711 342 1764 successorem
369 1697 441 1764 eius
459 1695 683 1766 Alexandrum
700 1698 837 1764 tercium
855 1697 1055 1782 gravissima
1080 1697 1181 1762 oritur

53 1794 215 1863 dissensio
224 1817 232 1882 3
265 1795 370 1862 itaut
394 1792 600 1865 Octavianus
625 1795 681 1882 qui
706 1800 740 1863 et
763 1795 878 1862 Victor
887 1847 896 1883 ‚
932 1799 1068 1882 etpost
1092 1794 1181 1861 bunc

53 1893 160 1962 Grrido
180 1895 237 1982 qui
256 1894 484 1984 etPoscbalis‚
502 1900 617 1964 contra
633 1892 1016 1983 prodictumAdrianum,
1030 1898 1179 1981 exparte

53 1995 190 2082 cesaris,
218 1992 356 2060 Romani
384 1995 561 2081 pontifices
585 1995 878 2062 constituerentur.
905 1993 1049 2060 invaluit
1067 1997 1178 2060 autern

51 2093 169 2160 interim
188 2095 255 2160 ista
277 2092 464 2184 dissensio,
486 2100 524 2162 ut
541 2095 638 2181 quasi
655 2109 720 2182 por·
732 2093 849 2179 uiginti
867 2109 975 2160 annos
993 2092 1105 2180 plures
1124 2109 1178 2158 ar-

54 2191 253 2281 chiepiscopi
285 2198 318 2260 et
353 2194 523 2282 episcopi,
564 2191 718 2260 lavantes
748 2197 781 2260 et
812 2190 1010 2259 obedientes
1043 2189 1178 2258 domino

52 2288 188 2358 Adriano
199 2342 209 2380 ,
235 2291 277 2358 ab
295 2293 494 2379 imperatore
512 2293 654 2380 propriis
673 2291 810 2360 sedibus
828 2291 1047 2378 pellerentur,
1066 2288 1178 2375 indig-
1226 2333 1232 2340 -

52 2390 189 2457 rioribus
210 2391 417 2478 substitutis3
444 2391 556 2481 plures
585 2393 690 2458 eciam
715 2391 882 2478 principes
905 2389 982 2478 laici
1000 2388 1179 2456 detrimen-

52 2495 109 2556 tum
127 2489 266 2558 bonoris
285 2491 335 2558 sni
354 2495 388 2557 ot
404 2509 510 2560 rerum
528 2491 562 2557 in
577 2490 641 2558 hoo
659 2491 816 2558 scismate
834 2490 1046 2576 pertulerunt.
1073 2487 1179 2554 Hein-

53 2589 111 2656 rioo
130 2590 234 2656 eciam
254 2589 331 2656 doci
350 2589 516 2680 Scironia,
535 2589 601 2658 idio
619 2589 707 2656 illius
725 2589 869 2656 Heinrioi
889 2587 984 2655 ducis
1003 2587 1178 2654 Buuwarie

51 2686 257 2756 aChunrado
281 2694 499 2757 antecessore
526 2707 588 2757 suo
616 2689 714 2756 eiecti
739 2707 760 2756 a
785 2688 955 2774 Baioaria,
984 2685 1126 2752 oonsilio
1145 2691 1179 2752 et

51 2792 161 2871 rogato
182 2788 366 2876 principum
385 2787 540 2856 ducatum
558 2793 731 2876 paternum
755 2787 897 2854 restituit
914 2785 1126 2873 Noricorum,
1146 2790 1180 2851 et

52 2883 234 2954 Heinrioum
255 2892 405 2974 patruum
427 2903 523 2954 suum
536 2886 763 2956 ¹marchionem
778 2883 931 2972 Austric,
958 2890 1035 2950 tuno
1059 2882 1178 2950 ducem

51 2982 228 3073 Bauwaric,
244 2983 287 3051 ab
306 2984 425 3053 eodem
442 2985 564 3054 ducatu
581 2986 731 3053 removit.
765 2984 807 3051 Et
825 2984 903 3072 quia
927 2981 1075 3051 eiusdem
1091 3000 1179 3049 mur-

52 3081 172 3150 cbionis
191 3103 314 3170 magna
339 3084 495 3154 mobilitas
520 3090 554 3153 ct
572 3084 674 3152 multa
694 3082 853 3168 exigebat
873 3083 1035 3150 honestus
1053 3087 1090 3148 ut
1115 3099 1179 3147 no·

53 3199 118 3248 nen
140 3182 237 3251 ducis
262 3201 331 3251 non
351 3183 523 3272 perderet,
546 3191 581 3252 et
600 3190 636 3250 ut
656 3183 760 3251 duces
778 3183 931 3249 Bawarie
957 3182 1063 3248 minus
1082 3180 1180 3247 dein-

54 3296 124 3368 ceps
148 3285 266 3351 eontra
286 3282 458 3370 imperium
479 3282 649 3371 superbire
669 3282 838 3370 valerent,
854 3283 1033 3369 imperator
1054 3278 1096 3346 de
1115 3297 1179 3345 vo-

52 3377 165 3448 luntate
196 3386 230 3448 ct
264 3398 434 3450 consensu
460 3383 653 3471 principum,
679 3382 713 3447 in
739 3380 830 3446 curia
858 3379 1041 3465 Ratispone
1066 3377 1179 3444 habita

53 3493 130 3545 anno
146 3479 270 3547 domini
288 3481 435 3571 m.o.l.vi.‚
462 3481 721 3549 marchionatum
743 3476 878 3545 Austrie
905 3496 925 3544 a
946 3474 1178 3543 iurisdictione

53 3574 136 3644 dunis
152 3579 307 3646 Buwarie
326 3578 522 3669 eximendo,
546 3586 580 3647 ot
604 3576 768 3666 quosdam
792 3577 1011 3644 eioomitatus
1038 3573 1079 3641 de
1106 3574 1177 3640 Ba-

52 3678 144 3744 uaria
170 3675 407 3767 adiungendo,
434 3679 597 3748 conuertit
618 3680 652 3745 in
675 3675 840 3744 ducatum.
875 3673 1081 3742 iudiciariam
1109 3689 1178 3759 po-

53 3779 198 3844 testatem
219 3777 357 3864 principi
377 3775 513 3846 Austric
537 3777 578 3844 ab
599 3775 715 3844 Anaso
736 3791 844 3860 usquc
869 3772 912 3840 ad
934 3773 1050 3840 silvam
1076 3789 1179 3860 propo

54 3871 208 3943 Patavium
232 3893 296 3962 que
316 3875 432 3944 dicitur
458 3875 639 3944 Rotensala
658 3872 900 3963 protendendo.
928 3871 1011 3938 Nam
1033 3871 1097 3939 huo
1118 3889 1180 3937 us-

55 3989 111 4055 que
132 3979 273 4061 quatuor
288 3975 497 4043 marchiones
515 3973 649 4042 Austrie
672 3978 704 4041 et
727 3973 835 4058 Styrie
855 3971 965 4038 Ystrie
985 3970 1179 4038 Chambon-

55 4071 112 4158 sis,
144 4075 199 4160 qui
223 4072 395 4142 dicebatur
419 4073 460 4141 de
481 4073 675 4158 Vobburob‚
698 4071 828 4138 evocati
852 4070 894 4138 ad
924 4069 1180 4146 celebrationem

54 4171 134 4237 ourie
151 4171 245 4240 duois
262 4173 415 4242 Bawario
434 4173 630 4261 veniebant,
660 4171 746 4238 sicul
763 4169 862 4266 hodie
885 4170 1037 4258 episcopi
1063 4175 1095 4236 et
1115 4183 1178 4234 co-

54 4269 138 4336 uritcs
157 4272 263 4360 ipsius
285 4271 501 4348 terrefacere
525 4279 688 4340 tenentur.
723 4269 780 4338 Sic
802 4269 901 4354 igitur
920 4269 975 4336 illo
1003 4265 1178 4334 Heinricus
