2888 4824
292 205 362 278 382
673 232 712 278 ru
734 159 1039 282 nurusnouuoursusr.

208 385 276 440 tart
293 373 427 442 viriliter
444 371 637 440 munierunt
674 369 803 440 interea
830 387 944 442 eomes
967 371 1155 442 lentandus
1178 378 1306 462 partem
1333 391 1414 442 suam

288 472 486 560 interposuit
517 477 551 538 et
583 468 625 538 de
658 484 832 538 oooseusu
866 472 1037 558 utriusque
1068 475 1171 561 partis
1198 483 1335 558 treugas
1359 492 1413 540 us-

290 589 355 661 que
379 572 414 639 in
438 570 566 639 oetavis
593 569 702 638 saneti
719 568 883 638 lobannis
905 571 1097 658 impetravit
1122 573 1163 640 Et
1186 574 1236 640 sio
1255 575 1411 640 exereitus

288 675 404 740 nostor
428 669 533 758 pridie
555 668 620 736 lul.
641 668 716 736 maii
745 663 831 757 [apr.
852 665 916 759 30]
941 667 984 738 ad
1008 671 1142 758 propria
1168 670 1245 739 loea
1270 674 1410 740 recessit.

289 768 458 840 Prediotus
481 783 564 837 vero
590 763 669 835 Otto
695 784 770 834 oum
803 765 889 838 duoo
921 769 1121 838 Brobantino
1146 769 1189 838 de
1215 771 1409 839 matrimonio

290 868 356 938 filia
388 882 449 936 sue
476 867 629 936 traotavit
653 870 687 934 ot
716 865 941 956 confirmavit,
967 885 1065 954 quarn
1091 868 1263 957 parvulam
1295 869 1330 936 in
1360 887 1410 936 er-

288 967 460 1056 peditione
478 964 631 1053 Aquensi
648 963 870 1052 desponsavit
893 971 926 1034 et
942 983 1054 1036 seeum
1075 969 1266 1058 eoronavit,
1288 969 1371 1036 sieut
1384 969 1411 1037 in

289 1065 550 1156 praesidentibus
584 1065 681 1132 annis
713 1064 818 1132 laetor
855 1065 1006 1134 invenire
1050 1068 1186 1156 poteris.
1231 1067 1271 1134 In
1312 1068 1412 1152 vigilia

289 1171 506 1254 pontepostes
534 1159 616 1255 [mai
644 1158 708 1252 lt]
740 1161 808 1231 dux
832 1180 907 1232 oum
931 1164 999 1232 ilia
1025 1183 1086 1234 sua
1109 1166 1217 1234 Maria
1236 1166 1410 1234 Traiectum

288 1267 399 1356 venit,
424 1281 521 1352 quom
553 1259 724 1350 prediatus
751 1257 829 1330 Otto
860 1263 895 1330 in
922 1263 1071 1334 seeunda
1094 1263 1175 1333 laria
1203 1271 1410 1353 pentecostes

291 1359 374 1454 [mai
393 1360 457 1454 19]
477 1361 715 1450 desponsavit,
733 1378 801 1430 non
819 1379 877 1448 per
894 1363 1089 1452 episeopum
1110 1364 1165 1432 vel
1182 1382 1244 1452 per
1261 1363 1409 1432 saeerdo-

288 1469 371 1552 tem,
397 1461 460 1530 sed
483 1479 544 1550 per
568 1458 782 1528 Wilhelmum
807 1457 985 1530 Hollandie
1003 1464 1166 1532 oomltom.
1186 1461 1297 1544 Quam
1316 1463 1409 1530 statim

288 1558 396 1650 Aquis
414 1558 554 1630 deduxit
570 1565 603 1626 et
619 1559 664 1628 ibi
686 1560 821 1647 nuptias
839 1575 919 1628 suas
937 1561 1143 1631 eelebrevit.
1162 1613 1169 1629 .
1188 1615 1195 1630 .
1214 1560 1297 1630 Otto
1315 1562 1408 1629 Pieta-

288 1659 417 1730 viensis
435 1657 664 1728 alienandus
684 1675 797 1726 eomes
811 1657 1026 1730 Flandrensis
1046 1667 1078 1728 et
1101 1679 1216 1730 aornos
1236 1661 1408 1730 Bolonien-

290 1758 339 1829 sis
358 1765 391 1828 et
409 1759 589 1847 oompb’oes
613 1775 743 1847 eorum,
774 1755 920 1826 adunato
942 1760 1172 1828 innumerabili
1194 1762 1347 1828 exercitu
1367 1777 1407 1826 re·

289 1875 366 1946 gem
399 1855 538 1926 Frauoie
564 1858 759 1944 impugnare
794 1856 965 1947 volentes,
992 1859 1111 1946 positis
1134 1858 1270 1928 insidiis
1301 1878 1321 1926 a
1344 1875 1407 1943 rege

236 1975 238 1980 ·
290 1957 498 2028 debellantur
516 1961 549 2024 et
577 1955 759 2043 oapiuutur.
787 1951 865 2024 Otto
888 1955 968 2042 luga
994 1965 1027 2028 ot
1052 1957 1119 2026 dux
1140 1957 1363 2026 Brobantinus
1384 1961 1408 2024 et

288 2057 400 2146 plures
424 2057 480 2126 alii
506 2055 695 2142 eripiuntur.
740 2053 861 2124 Comes
893 2073 973 2124 voro
1005 2056 1220 2126 Flaudrensis
1255 2062 1292 2124 et
1311 2051 1406 2124 'Bolo-

287 2157 417 2224 niunsis
451 2161 486 2224 ot
510 2155 620 2243 plures
643 2153 698 2222 alii
723 2158 788 2222 tam
819 2151 861 2222 de
884 2153 1037 2224 Flandria
1064 2173 1160 2242 quam
1180 2155 1223 2224 de
1242 2155 1405 2222 Brabantia

289 2262 323 2324 et
345 2253 490 2323 diversis
509 2253 602 2322 loeis
621 2259 783 2340 perpetuo
803 2269 937 2321 oaroere
961 2259 1125 2323 tenuntur.
1165 2255 1237 2322 Ista
1268 2253 1405 2322 eoniusio

289 2354 389 2422 siais
413 2351 719 2422 noouitnosiuvr't.
765 2347 848 2430 Quia
876 2353 905 2422 si
928 2351 1060 2422 iortuna
1085 2355 1134 2422 eis
1163 2351 1329 2441 lavisset,
1356 2368 1405 2418 nos

289 2453 508 2522 exterminare
528 2449 780 2538 disposuerant,
801 2455 835 2518 et
852 2449 1029 2522 adventum
1044 2451 1200 2520 driderioi
1224 2453 1318 2538 regis
1336 2467 1405 2518 una·

288 2551 418 2620 nimiter
433 2548 591 2639 impedire
609 2547 767 2618 volebant
784 2597 792 2614 .
811 2600 841 2616 ..

361 2647 538 2718 Adventus
552 2646 708 2716 Friderioi
721 2647 810 2732 regis
831 2646 888 2716 diu
910 2648 1120 2720 desideratus
1137 2667 1211 2718 ourn
1231 2650 1403 2718 innumeru-

287 2749 409 2818 bilibus
420 2746 635 2838 prinoipibus.
662 2745 784 2816 Similis
804 2749 963 2816 axeroitui
978 2749 1049 2818 sius
1073 2767 1140 2816 non
1158 2747 1218 2818 luit
1242 2744 1401 2836 αἰίᾳααααο

286 2848 320 2916 in
342 2854 428 2918 terra
446 2848 512 2916 istu
539 2847 643 2916 visus.
684 2845 723 2914 ln
748 2845 917 2914 veniendo
939 2845 1055 2916 duoem
1078 2847 1245 2921 Baobarie
1273 2844 1402 2936 perdidit.

288 2943 393 3027 Quem
409 2944 633 3015 Walerandus
656 2959 839 3030 eomesque
865 2944 1069 3016 duliaeensis
1096 2953 1130 3016 et
1150 2945 1288 3034 quidam
1309 2944 1400 3012 aliiiu

288 3044 367 3113 dolo
386 3049 586 3134 aooaperunt
612 3048 646 3112 et
661 3044 695 3110 tn
712 3049 823 3112 eastre
846 3043 937 3130 quod
957 3044 1086 3113 Videlro
1103 3052 1245 3113 voeatur
1267 3044 1399 3114 detinue·

288 3148 374 3212 runt.
404 3145 441 3211 in
463 3143 577 3228 vigilia
613 3143 720 3210 saneti
744 3141 969 3211 Bartholomei
999 3144 1093 3230 [aug.
1121 3141 1186 3234 23]
1213 3143 1342 3230 regales
1367 3136 1398 3206 ad

287 3249 415 3331 portam
440 3240 547 3330 Aquis
570 3244 749 3329 venerunt,
773 3245 806 3308 et
825 3241 981 3330 impeturn
1006 3261 1161 3328 magnum
1184 3244 1219 3310 in
1241 3239 1399 3329 Aquenses

288 3339 457 3430 sanarunt,
496 3339 659 3428 quosdam
691 3356 827 3408 suorum
855 3339 1069 3427 perdiderunt
1100 3339 1266 3428 quosdam
1293 3341 1399 3408 illorum

223 3435 226 3443 '
288 3439 510 3510 detinuerunt.
544 3438 782 3507 Waleranoum
808 3441 956 3523 sagitarii
976 3445 1104 3527 septem
1131 3440 1321 3508 vulneribus
1339 3434 1398 3502 vul·

287 3544 489 3610 nerovernnt
508 3539 542 3606 in
566 3537 655 3606 teste
680 3538 787 3608 saneti
813 3537 1036 3608 bartholomei
1058 3555 1125 3626 que
1156 3538 1318 3607 domiuioa
1339 3534 1396 3602 dies

288 3638 357 3708 luit.
382 3640 421 3708 lu
438 3639 579 3706 Traeeto
598 3653 640 3704 ax
653 3636 823 3724 insperato
837 3653 965 3706 summo
984 3635 1128 3706 diluoulo
1144 3639 1178 3706 iu
1200 3635 1395 3722 leonori...

288 3736 405 3806 dieitur
424 3737 613 3825 papiliones
633 3751 715 3804 suos
740 3734 870 3824 statuit,
897 3741 931 3802 et
955 3753 1028 3804 ourn
1052 3753 1139 3825 pons
1161 3753 1231 3804 non
1251 3733 1394 3804 sullioeret

192 3887 194 3890 .
289 3836 339 3902 eis
361 3835 405 3902 ad
426 3833 680 3920 transeundum,
706 3831 793 3900 vada
815 3846 965 3920 eongrua
986 3852 1086 3902 seous
1106 3833 1297 3903 molendina
1316 3832 1392 3898 inve·

181 4018 183 4022 ,
287 3940 416 4002 nerunt.
442 3934 536 4000 Faria
553 3931 703 4002 seeunda
723 3927 819 4020 [aug.
837 3929 901 4022 25]
916 3934 957 4002 iu
973 3933 1084 4002 Wuno
1104 3939 1137 4002 et
1149 3933 1319 4018 Basenges
1334 3935 1391 3996 ten·

289 4033 373 4100 toria
393 4050 455 4098 sua
470 4031 554 4120 lixit,
569 4038 603 4099 et
624 4030 793 4118 quomodo
816 4031 965 4118 prediola
981 4032 1057 4100 looa
1076 4033 1258 4101 vastaverit
1278 4047 1330 4118 per
1344 4025 1390 4092 bol

288 4147 408 4198 versus
425 4131 633 4218 presencium
649 4130 790 4217 soriptor
806 4131 975 4220 exprimit,
995 4132 1050 4218 oui
1071 4149 1113 4199 eo
1132 4137 1278 4220 tempore
1290 4137 1391 4216 propt·

287 4230 374 4298 sitas
402 4229 469 4298 looi
483 4228 571 4296 illius
589 4227 665 4296 luit:
