2890 4832
295 221 365 292 3t2
644 249 682 294 rr
703 247 868 295 eoorrumo
890 247 1071 295 cononurrsr.

211 396 278 452 mcc
295 386 440 457 Heinrici
457 385 499 455 de
516 384 687 474 Lymburg
712 387 755 455 ad
778 392 921 456 castrum
938 384 1030 473 quod
1047 383 1165 453 dieitur
1181 383 1408 453 Wcssinbcrob
1434 373 1437 418 l

291 505 367 556 eum
383 486 568 576 prosecuti,
594 491 628 554 et
652 487 687 552 in
703 487 862 575 palustria
884 485 959 554 loca
977 483 1129 574 deducti,
1155 489 1188 552 et
1205 483 1246 552 ab
1264 483 1408 551 hostibus
1433 551 1434 554 ,

291 586 521 674 circumventi,
548 590 641 670 terga
668 583 788 653 dantes
812 584 930 672 lugere
956 588 1124 672 ceperunt.
1151 581 1243 663 Quos
1260 600 1340 650 mox
1357 581 1434 650 ad?

290 685 430 754 versarii
446 685 664 770 insequentes
673 735 684 772 ,
703 691 736 752 et
753 685 864 753 omnia
882 701 947 772 que
965 701 1079 751 secum
1097 681 1285 750 detulerant
1299 681 1409 769 deprc-
1437 767 1438 776 ἵ

291 783 429 872 danteS,
453 783 565 870 plures
590 782 696 850 eciam
721 782 766 850 ibi
791 784 912 850 milites
940 786 1108 868 oeperunt.
1142 779 1214 848 Rex
1236 797 1319 847 vero
1346 797 1408 846 curn
1437 797 1438 802 ¹

291 883 455 970 episcopo
474 885 617 950 castrum
634 881 828 971 ingressus,
849 880 911 949 sed
929 881 1037 948 statim
1055 880 1096 947 ab
1114 879 1255 946 inimicis
1272 877 1409 964 undique
1437 903 1438 908 ¹

291 981 454 1068 vallatus,
486 979 617 1048 occulte
641 979 719 1048 inde
746 978 925 1066 egredrens
951 997 1024 1048 curn
1044 978 1147 1046 tribus
1174 979 1277 1045 sociis
1303 979 1408 1045 evasit.

291 1080 481 1168 Episcopus
492 1083 602 1146 autem
611 1077 731 1146 ibidem
742 1079 868 1168 capitur
876 1078 1065 1165 etPhilippo
1075 1078 1146 1162 regi
1155 1075 1302 1146 cllertur.
1317 1073 1409 1155 Quen

291 1179 428 1246 manicis
446 1176 562 1246 terreis
581 1177 796 1244 constrictum
820 1195 935 1246 secum
957 1176 1034 1246 duci
1056 1176 1158 1244 iubet.
1192 1175 1289 1242 Multi
1318 1175 1410 1241 eoian

291 1277 337 1344 ibi
356 1276 397 1344 de
416 1277 485 1342 vita
502 1273 694 1344 diffidentes
717 1274 859 1364 paludes
883 1281 918 1344 et
940 1291 1069 1364 aquosa
1092 1274 1166 1342 loca
1185 1272 1226 1341 ad
1246 1273 1410 1342 occultan·
1438 1301 1439 1306 ,

292 1375 355 1444 dos
374 1393 412 1442 se
429 1373 659 1459 ingrediuntur
666 1397 675 1461 ;
687 1380 798 1443 cetera
814 1374 989 1444 multitudo
1003 1374 1102 1442 armis
1116 1372 1251 1462 spoliati
1266 1379 1300 1440 et
1314 1373 1410 1438 vesti·
1438 1362 1439 1374 ’

291 1473 355 1542 bus
372 1472 488 1541 nudati
505 1474 642 1560 turpiter
657 1478 871 1542 revertuntur.
1438 1462 1439 1466 ’

365 1573 445 1640 Post
469 1571 533 1639 hec
557 1571 654 1640 ambo
680 1589 780 1658 reges
811 1570 978 1654 mediante
1000 1570 1158 1642 Heinrioo
1182 1571 1227 1640 dc
1254 1570 1410 1638 llalintbin

292 1669 448 1738 familiare
474 1670 675 1757 colloquium
706 1673 798 1739 iuxta
820 1670 990 1741 Coloniam
1015 1671 1212 1740 habuerunt.
1248 1669 1319 1738 Sed
1346 1668 1412 1756 quid

292 1769 389 1838 simul
406 1768 606 1837 contulerint
621 1769 676 1838 vel
702 1769 869 1840 consiliati
885 1769 1022 1860 suerint,
1046 1789 1114 1839 non
1140 1769 1298 1839 omnibns
1316 1769 1411 1836 illoin

290 1873 438 1956 tempore
455 1868 607 1936 innotuit.

365 1966 534 2054 Philippus
552 1967 654 2052 igitur
676 1985 735 2035 rex
752 1973 924 2036 revertens
943 1967 1108 2055 quendam
1125 1971 1273 2035 montem
1291 1965 1411 2033 nomine

290 2063 487 2134 Landzoron
510 2066 601 2133 iuxta
618 2065 858 2152 Regiomagum
882 2072 1042 2157 occupat,
1068 2071 1101 2134 et
1124 2065 1168 2133 ad
1190 2065 1411 2133 detrimentum

291 2164 399 2232 tocius
417 2165 587 2252 provincie
611 2163 734 2233 ibidem
751 2171 894 2233 castrum
910 2165 1064 2234 collocat.
1099 2163 1324 2234 colonienses
1343 2177 1411 2230 vero
1439 2191 1440 2198 κ

291 2262 544 2330 considerantes
571 2263 635 2331 sibi
653 2268 754 2332 totum
772 2265 940 2352 imperium
959 2263 1129 2332 adversari
1146 2269 1180 2330 et
1197 2263 1323 2348 ubique
1342 2275 1412 2328 snos
1436 2311 1437 2314 ,

253 2389 258 2402 ·
292 2366 433 2428 conatus
451 2359 609 2450 frustrari,
628 2362 769 2430 consilio
794 2370 828 2430 et
845 2363 967 2431 auxilio
987 2362 1081 2430 ducis
1100 2361 1288 2429 Brabuncie
1312 2364 1346 2426 et
1362 2375 1411 2426 ee-

291 2465 436 2528 terorum
453 2459 613 2528 nobilium
632 2467 716 2529 terre
725 2514 734 2550 ,
753 2461 937 2550 Philippum
955 2479 1068 2547 regem
1086 2459 1252 2528 Bohardr'e
1271 2457 1412 2526 adierunt

292 2565 325 2626 et
342 2557 464 2626 ibidem
484 2559 514 2626 ei
532 2559 735 2628 reconciliati
752 2562 898 2646 graciam
916 2561 989 2628 eius
1008 2565 1207 2628 meruerunt.
1234 2556 1301 2638 Qui
1319 2557 1411 2626 celan
1440 2549 1441 2592 ³

290 2663 411 2746 postea
434 2658 537 2725 misso
556 2659 706 2746 Spirensi
732 2660 892 2748 episcopo
910 2659 1082 2727 Coloniam
1106 2657 1279 2726 fidelitatis
1309 2656 1349 2724 ab
1372 2653 1411 2720 eis

289 2758 506 2824 duramentum
528 2757 640 2844 exigit

364 2855 426 2922 Per
443 2854 529 2922 idem
554 2860 685 2942 tempus
712 2852 790 2924 Otto
815 2873 875 2926 rex
899 2857 940 2925 de
963 2855 1103 2926 Colonia
1128 2855 1247 2923 exiens
1271 2853 1409 2920 anes·

291 2953 380 3020 wiolr
404 2955 514 3042 venit,
540 2953 653 3041 ibique
679 2955 780 3022 rebus
805 2956 875 3024 suis
900 2955 1059 3024 ordinatis
1082 2971 1143 3044 per
1167 2969 1257 3020 mare
1284 2949 1407 3034 navigio

291 3047 600 3137 Angliamintravit.
640 3053 703 3120 Ubi
729 3070 851 3139 arege
869 3051 992 3140 Anglie
1017 3053 1183 3121 avunculo
1211 3051 1341 3118 scillcet
1357 3061 1408 3114 suo

293 3155 326 3216 et
344 3150 474 3216 cunctis
493 3150 566 3217 eius
584 3150 763 3219 baronibus
791 3170 863 3220 oum
888 3169 1010 3239 magno
1037 3153 1165 3220 bonore
1185 3150 1363 3236 suscipitur
1383 3149 1409 3210 et

291 3265 351 3336 per
367 3248 494 3334 aliquot
511 3255 642 3336 tempus
667 3249 851 3340 detinetur,
875 3257 909 3319 et
925 3258 1046 3340 postea
1064 3250 1222 3318 dimissus
1242 3247 1285 3315 ub
1304 3243 1409 3314 eodem
1440 3273 1441 3338 j

292 3351 433 3434 accepta
449 3364 570 3432 magna
588 3349 729 3434 pecunia
746 3351 928 3418 revertitur.
1440 3341 1441 3366 ³

364 3445 508 3532 Eclipsis
540 3445 623 3514 solis
649 3445 736 3514 lacta
768 3453 820 3515 est
848 3449 880 3516 ii.
914 3448 976 3516 hal.
1012 3447 1118 3515 martii
1147 3445 1230 3514 hora
1264 3443 1328 3512 diei
1358 3439 1407 3507 de-

292 3542 385 3611 cima.
436 3543 519 3611 Nam
550 3544 676 3632 plurimi
709 3544 886 3614 humanum
917 3553 1017 3636 caput
1052 3547 1088 3614 in
1118 3545 1191 3614 sole
1228 3561 1267 3612 se
1297 3540 1405 3609 vidisse

291 3647 463 3710 testantur.

364 3737 465 3809 Anno
483 3739 607 3810 domini
625 3742 772 3809 mccvii.
790 3742 959 3830 Philippus
975 3761 1034 3810 rex
1047 3741 1211 3810 Sinceche
1222 3737 1406 3824 colloquium

295 3853 368 3904 cum
386 3837 583 3925 quibusdam
609 3840 815 3927 principibus
840 3848 873 3908 et
897 3843 1059 3929 primariis
1083 3846 1167 3908 terre
1192 3839 1283 3907 illius
1301 3833 1406 3904 habuit.

294 3935 357 4002 Ubi
385 3955 404 4002 a
431 3936 690 4006 coloniensibus
716 3940 873 4008 invitatus
899 3941 933 4006 in
961 3941 1075 4025 vigilia
1098 3939 1226 4027 pasche
1254 3935 1334 4027 [apr.
1351 3925 1404 4017 21]

295 4032 465 4102 Coloniam
490 4038 599 4125 venit,
631 4043 664 4106 et
690 4055 763 4105 oum
789 4041 930 4107 maximo
960 4037 1088 4106 honore
1114 4043 1149 4106 et
1175 4036 1289 4105 lavore
1315 4038 1406 4100 tama

296 4131 385 4199 clero
408 4150 505 4218 quam
530 4153 549 4201 a
574 4140 693 4204 cuncto
719 4137 843 4224 populo
862 4138 1048 4226 suscipitur.
1079 4134 1144 4218 Qui
1170 4137 1274 4205 eciam
1297 4132 1337 4199 ibi
1359 4143 1406 4215 per

296 4245 416 4298 novem
434 4230 507 4298 dies
525 4230 725 4322 demoratus,
752 4251 869 4304 omnes
894 4237 1035 4304 iniustas
1054 4236 1248 4304 exactiones
1270 4228 1405 4312 vectiga-
