2886 4834
274 183 342 252 106
638 215 766 262 aurnuns
785 215 1032 266 nuatnrrmmes.

190 357 258 414 leta
275 365 388 418 eorum
415 349 600 441 adiutores,
623 353 849 440 relinquentes
874 353 919 420 ibi
937 354 1046 444 spolia
1062 360 1243 423 eastromm
1261 356 1404 444 plurima
1440 365 1441 390 ¹

270 449 304 516 in
327 448 552 536 papilionibus
577 450 611 518 in
634 451 786 519 vestibus
812 453 847 520 in
864 457 1030 521 armatura
1046 453 1079 520 in
1097 454 1319 542 animalibuS,
1340 473 1403 540 que

271 547 381 616 omnia
406 547 538 616 sublata
564 556 642 617 sunt
666 569 686 617 a
709 556 801 639 parte
825 550 985 638 adversa,
1003 551 1115 640 plures
1140 553 1186 620 ibi
1204 553 1352 620 mutilati
1375 561 1406 619 et

270 647 454 735 mulnerati,
471 647 602 734 plurimi
619 651 777 737 captivati
794 656 882 720 sunt.
907 650 958 719 Ex
974 650 1404 720 hooautemeirretenses

271 750 305 813 et
321 746 472 816 divitates
491 748 581 833 regis
599 752 724 816 tantum
740 748 901 836 pudorem
925 755 958 816 et
976 767 1082 818 rerum
1099 752 1321 823 emissionem
1340 768 1406 818 non

270 841 432 934 serentes,
459 848 614 914 eommoti
638 854 716 915 sunt
732 849 780 915 ira
798 848 1004 938 uehementi,
1024 866 1097 918 eum
1115 850 1213 916 etiam
1235 851 1331 935 regis
1350 851 1405 915 in-

271 941 421 1028 dignatio
440 944 621 1032 superbae
639 963 783 1015 aeeensa
799 945 928 1015 luisset.
953 947 995 1015 Et
1011 953 1227 1033 augmentato
1245 954 1407 1036 postmo-

271 1039 347 1108 dum
366 1043 532 1132 exercitu,
557 1047 712 1131 sequenti
737 1044 895 1114 videlieet
912 1063 1017 1134 enno,
1036 1046 1133 1115 villas
1153 1047 1312 1135 episeopi
1330 1046 1405 1134 plu-

270 1140 368 1208 rimas
387 1141 542 1209 inoendio
561 1149 813 1212 eonoremontes
832 1144 1129 1233 depopulatisunt.
1149 1198 1155 1213 .
1175 1199 1182 1212 .
1201 1198 1209 1212 .
1441 1222 1442 1226 Ἴ

342 1237 442 1308 Anno
457 1239 580 1310 domini
592 1260 763 1312 moeuxrr.
781 1243 984 1313 reeoneiliati
1002 1249 1080 1312 sunt
1097 1261 1154 1314 rex
1171 1244 1356 1314 Heinrious
1375 1251 1405 1310 et
1441 1261 1442 1326 ι

270 1337 451 1426 episeopus
480 1335 753 1432 Argentinensis,
782 1348 816 1410 et
839 1359 924 1427 paee
948 1341 1077 1411 reddita
1097 1343 1187 1410 siluit
1210 1348 1245 1410 et
1279 1344 1406 1430 quievit
1441 1375 1442 1402 ι

270 1442 354 1503 terra
373 1455 393 1502 a
411 1439 550 1506 tumultu
567 1439 736 1508 bellorum.
1207 1483 1211 1490 ·
1441 1495 1442 1526 ,

343 1530 441 1603 Anno
466 1535 587 1606 domini
605 1540 793 1608 meonxui.
811 1538 898 1608 laeta
917 1545 969 1608 est
991 1541 1180 1627 persecutio
1199 1547 1324 1608 eontra
1342 1539 1403 1605 be·
1441 1587 1442 1598 ,

269 1633 409 1722 retioos,
436 1634 553 1704 hostes
579 1637 672 1728 iidei,
698 1640 849 1706 veritatis
872 1639 1041 1727 iuimioos,
1066 1656 1205 1724 quorum
1224 1638 1404 1706 multitudo

268 1749 391 1820 magna
407 1730 561 1802 latitabat
577 1736 611 1803 in
627 1738 754 1826 populo
772 1736 825 1806 dei
834 1789 844 1826 ,
869 1738 904 1804 in
927 1736 1115 1806 eivitatibus
1134 1737 1268 1825 oppidis
1289 1743 1328 1804 et
1344 1737 1404 1804 vil-

269 1830 328 1920 lis,
356 1831 589 1902 subvertentes
617 1842 650 1903 et
673 1839 706 1903 in
724 1853 867 1905 errorem
892 1837 1060 1904 mittentes
1079 1854 1164 1923 quos
1182 1842 1347 1924 poterant
1364 1835 1402 1902 de

269 1931 422 1998 eoeleste.
457 1929 603 2012 Quorum
626 1935 739 2022 plures
765 1934 998 2022 eomprebensi
1023 1941 1057 2002 et
1081 1937 1114 2002 in
1132 1937 1309 2022 presentia
1329 1934 1403 2001 oleri

268 2036 302 2096 et
318 2030 432 2118 populi
450 2033 593 2100 eonvioti
611 2032 752 2102 luerunt.
778 2035 819 2102 Et
836 2035 921 2102 inter
937 2040 1047 2102 oetera
1062 2032 1198 2102 nefandi
1212 2035 1344 2102 erroris
1354 2034 1401 2100 sui

267 2127 392 2214 llagitia
415 2129 566 2198 oonlessi
589 2139 683 2220 suut,
711 2132 802 2220 quod
826 2133 924 2200 eliam
941 2132 983 2200 ab
1010 2149 1072 2200 esu
1090 2133 1238 2200 earnium
1255 2134 1296 2200 in
1316 2150 1401 2219 qua-

268 2224 457 2312 dragesima
474 2247 542 2298 nou
556 2231 771 2321 abstinerent,
791 2237 825 2298 et
841 2230 931 2318 quod
946 2231 1123 2300 annualem
1137 2249 1276 2300 oensum
1293 2237 1401 2298 trans-

267 2326 396 2393 mittere
415 2326 570 2395 solebant
586 2329 828 2420 Mediolanum,
847 2329 903 2398 ubi
922 2328 1131 2398 diversarum
1146 2330 1321 2398 heresium
1336 2330 1400 2418 pri-

267 2430 374 2492 matus
393 2425 564 2510 agebatur.
636 2443 638 2446 ’

340 2522 467 2592 Eodem
494 2544 583 2595 anno
608 2527 798 2597 liudevitus
826 2527 894 2596 dux
919 2528 1059 2596 Bavarie
1085 2525 1282 2596 inlerieotus
1312 2525 1400 2594 obiit

265 2621 338 2690 Fuit
355 2628 464 2691 eutem
484 2625 661 2694 transimus
680 2627 813 2696 eultello
830 2633 1000 2715 preaento,
1020 2643 1118 2714 quem
1136 2643 1200 2694 nos
1218 2641 1400 2712 possumus

266 2721 435 2809 appellare
454 2724 573 2812 sieam,
593 2744 613 2792 a
631 2725 773 2812 quadam
791 2743 937 2814 persona
952 2731 989 2792 ut
1000 2723 1172 2793 dieebatur
1185 2723 1243 2794 vili
1253 2729 1290 2792 et
1300 2723 1398 2808 igno-

266 2819 342 2908 bili,
368 2821 484 2908 quales
507 2825 634 2892 mittere
660 2824 747 2892 solet
773 2823 905 2912 quidam
923 2831 1062 2912 potens,
1082 2825 1137 2911 qui
1156 2823 1276 2892 dieitur
1295 2839 1399 2890 senen

265 2916 307 2985 de
325 2918 507 2988 blontanie.
535 2921 784 3010 Comprehenso
804 2930 914 2991 autem
936 2922 1167 3012 interleotore,
1194 2940 1268 2990 eum
1288 2920 1397 2988 mrrltis

265 3016 438 3103 supplieiis
461 3025 652 3106 torquerent
677 3041 751 3090 eum
770 3027 804 3089 et
820 3028 982 3108 cogerent
999 3020 1041 3089 ad
1060 3020 1286 3090 oonlitendum
1307 3020 1396 3086 euius

263 3115 424 3186 iustinetu
446 3118 500 3185 vel
524 3119 618 3187 iussu
644 3128 769 3188 tentum
792 3119 921 3189 laoinus
940 3126 1104 3188 attentare
1122 3119 1394 3209 presumpsisset,

265 3212 345 3280 nibil
370 3213 411 3282 ab
439 3233 480 3284 eo
505 3223 660 3305 poteraut
683 3225 891 3307 extorquere.
918 3220 960 3286 Et
977 3220 1027 3288 sio
1043 3236 1104 3308 per
1122 3219 1233 3288 omnia
1251 3219 1394 3286 laniatus

266 3318 300 3380 et
317 3311 503 3402 discerptus
521 3318 625 3403 periit.

338 3411 437 3482 Anno
457 3413 580 3482 domini
600 3435 639 3483 m.
642 3435 687 3484 ee.
691 3435 766 3484 xxx.
769 3417 811 3484 iii.
832 3415 931 3484 irater
949 3415 1122 3484 Cuuradus
1141 3415 1183 3483 de
1201 3413 1393 3500 Margburg,

265 3527 324 3598 per
341 3512 440 3580 multa
460 3521 609 3602 tempora
632 3517 737 3583 arrreis
755 3515 960 3634 predioator,
988 3515 1179 3602 emalignis
1207 3512 1392 3582 bominibus

265 3608 456 3680 interiectus
477 3620 537 3680 est.

340 3709 428 3821 lpsis
453 3712 658 3800 temporibus
684 3710 856 3780 Elisabeth
887 3711 1101 3800 provincialis
1127 3709 1300 3780 eomitissa
1326 3708 1392 3775 Τιι-

267 3806 391 3896 ringie,
420 3809 485 3876 filia
510 3812 599 3897 regis
625 3810 791 3898 Ungarie,
816 3829 901 3879 uxor
924 3809 1091 3898 quondam
1117 3808 1279 3878 Ludeviei
1303 3807 1391 3874 lant-

266 3906 370 3988 gravii
380 3957 390 3994 ,
410 3909 466 3993 qui
484 3910 518 3976 in
535 3911 653 3978 itinere
678 3911 787 3978 oruois
806 3909 894 3998 apud
913 3908 1136 3978 Brundusium
1149 3909 1219 3977 vita
1237 3905 1390 3991 deeessit,

265 4002 382 4070 mulier
400 4012 518 4075 saneta
536 4014 570 4076 et
586 4008 745 4094 religiosa
754 4061 764 4098 ,
783 4013 1019 4097 postmortem
1036 4008 1140 4076 mariti
1159 4005 1267 4092 signis
1285 4008 1320 4074 et
1335 4003 1392 4070 mi-

264 4101 387 4170 raculis
407 4103 592 4175 elaresoere
612 4107 709 4195 oepit.

338 4197 438 4270 Anno
457 4201 581 4274 domini
598 4224 639 4272 m
643 4222 801 4275 eo.xxx..v
821 4204 1095 4275 oumFrideriorrs
1110 4205 1289 4293 imperator
1307 4201 1396 4269 osset
