2888 4824
424 241 462 288 rx
483 242 608 289 nurnero
630 241 790 290 uroorrusr.
1104 219 1174 290 387

43 379 286 451 benefactorem
305 382 594 468 consanguineum
611 379 779 450 dominum
798 399 894 451 suum
908 389 942 453 et
955 389 1080 475 patrem
1100 389 1172 477 spi·
1193 401 1257 457 ¹225

43 481 193 549 ritualem
218 481 471 570 Engelbertum,
498 479 708 566 magnificum
731 479 966 552 Coloniensem
991 486 1177 576 archiepis·
1216 527 1218 532 ·

44 597 178 670 eopum,
199 579 242 649 de
259 581 335 669 ipso
354 587 521 668 tamquam
539 578 581 647 de
600 584 746 666 cognato
765 586 799 648 et
821 583 964 652 conviva
981 583 1067 654 bene
1091 604 1176 656 con-

45 679 225 770 fidentem,
245 680 279 748 in
302 681 420 748 itinere
446 697 520 761 cum
537 679 655 770 paucis
672 679 892 768 interceptum
909 700 969 772 per
986 701 1025 754 se
1043 691 1075 754 et
1093 703 1175 755 suos

45 779 241 870 complices,
260 779 397 866 triginta
415 781 545 867 septem
561 777 753 846 vulneribus
772 778 932 871 inllictiS,
950 781 1177 855 crudelissime

45 877 229 947 trucidavit.
248 875 311 960 Qui
326 896 427 968 super
443 885 508 945 tarn
519 877 646 946 enormi
660 876 787 946 scelere
800 879 835 947 in
856 881 947 949 curia
963 884 1054 969 regis
1069 882 1176 955 Hein-

45 979 117 1067 rici,
135 977 295 1046 Frideriei
311 977 521 1066 imperatoris
539 976 611 1066 filii,
629 973 752 1044 iudicio
769 978 963 1065 optimatum
982 983 1091 1052 tocius
1108 985 1175 1054 im-

46 1078 123 1164 perii
150 1076 352 1166 dampnatus
381 1082 452 1166 est,
480 1074 650 1145 domicilia
675 1081 709 1144 et
735 1077 874 1147 castella
901 1080 1040 1150 eiusad
1066 1083 1174 1154 solum

46 1175 162 1266 diruta,
180 1175 389 1246 hereditates
410 1174 591 1264 disperdita
617 1181 712 1265 sunt,
733 1177 855 1265 etipse
878 1197 986 1265 vagus
1011 1185 1045 1249 et
1058 1182 1175 1271 prolu-

46 1294 104 1362 gus
132 1283 167 1343 et
194 1275 238 1344 ab
261 1277 350 1345 omni
374 1274 519 1344 fidelium
544 1275 705 1344 societate
730 1279 1052 1372 excommunicatus,
1083 1283 1175 1352 nulla

48 1382 132 1442 certa
149 1375 236 1444 sede
256 1375 420 1444 consistit.
447 1375 604 1444 Preterea
627 1373 694 1442 duo
713 1372 832 1444 iratres
852 1378 905 1444 sui
921 1377 1173 1450 Monasterien-

48 1475 89 1543 sis
111 1479 145 1543 et
175 1471 453 1562 Osnabrugensis
479 1474 649 1564 episcopi,
678 1490 765 1562 quos
786 1473 875 1544 idem
899 1477 1174 1570 archiepiscopus
1212 1467 1216 1478 ⁴

47 1579 271 1664 promoverat,
291 1573 333 1642 de
350 1573 559 1642 conscientia
572 1573 686 1642 mortis
705 1574 778 1644 cius
792 1573 940 1644 inlamati
949 1629 960 1666 ‚
979 1583 1013 1646 at
1029 1577 1073 1648 ad
1093 1599 1174 1669 pura

49 1675 213 1758 gallonem
235 1692 255 1741 a
279 1672 413 1741 domino
437 1670 592 1742 Conrado
616 1671 710 1740 sedis
736 1675 924 1761 apostolice
944 1677 1059 1766 legato
1084 1679 1174 1769 apud

47 1769 203 1842 leodium
224 1773 358 1862 vocati,
384 1789 458 1842 cnm
480 1773 515 1841 in
542 1769 739 1861 probatione
760 1771 968 1843 deiecissent
987 1777 1031 1846 ad
1053 1796 1173 1868 papam

51 1872 189 1962 remissi,
209 1870 420 1942 documentis
439 1869 649 1942 evidentibus
671 1889 731 1960 per
751 1875 948 1944 sententiam
971 1875 1118 1965 depositi
1141 1886 1175 1947 et

52 1969 278 2059 condempnati
300 1977 394 2061 sunt,
414 1975 448 2040 et
464 1970 519 2040 alii
535 1971 569 2040 in
588 1971 682 2060 ipsas
703 1969 805 2040 sedes
826 1972 1006 2043 substituti.
1025 1973 1173 2058 Quorum

51 2087 135 2137 unus*
152 2071 265 2140 statim
289 2071 323 2139 in
348 2069 454 2138 reditu
473 2071 608 2138 moritur
624 2068 709 2136 inira
733 2088 855 2140 annum
877 2077 942 2140 lam
964 2073 1172 2146 detestabilis

53 2168 220 2256 parricidii.
253 2169 393 2239 Moritur
410 2169 576 2238 Gerardus
601 2166 644 2237 de
666 2167 779 2238 Hcrne
804 2176 837 2240 ct
860 2169 959 2241 irater
975 2175 1046 2244 eius
1068 2175 1172 2246 Gale-

53 2285 165 2338 rannus
190 2269 261 2338 dux
278 2267 461 2359 Ardennie,
484 2273 518 2337 et
535 2267 602 2336 lilia
622 2269 695 2336 cius
718 2287 803 2338 uxor
823 2270 977 2341 briderici
992 2272 1172 2362 proditoris

52 2365 270 2438 ludificatione
298 2367 475 2438 demonum
499 2385 573 2438 curn
595 2366 734 2456 parvulo
759 2367 828 2438 lilio
852 2372 1008 2442 extincta.
1040 2373 1172 2449 conse-

55 2472 183 2551 quenter
206 2467 296 2536 idem
317 2465 503 2536 Fridericus
524 2475 629 2557 prope
644 2465 775 2555 lloyum
791 2470 825 2537 in
846 2469 959 2539 habitu
979 2475 1173 2544 mercatoris

55 2581 118 2633 cum
138 2567 214 2636 aliis
238 2566 369 2636 duobus
390 2565 591 2636 aBalduino
609 2566 711 2635 milite
729 2565 772 2634 de
791 2567 929 2638 Genetle
950 2573 1172 2660 comprehen-

56 2660 145 2754 ditur,
162 2671 197 2736 et
221 2671 300 2754 post
316 2667 445 2754 aliquot
463 2665 535 2734 dies
554 2663 643 2754 apud
659 2665 821 2735 Visatium
837 2669 949 2737 comiti
965 2669 1007 2739 de
1023 2671 1121 2741 Gelre
1140 2679 1174 2742 et

58 2778 171 2834 summo
194 2764 362 2835 advocato
389 2763 529 2834 Colonia
552 2765 694 2852 aliisque
719 2765 901 2835 baronibus
925 2768 988 2836 sub
1016 2771 1173 2842 custodia

57 2861 176 2942 vinctus
196 2863 342 2934 traditur.
368 2863 533 2952 Aquibus
552 2863 725 2933 Coloniam
740 2863 933 2958 perductus,
952 2872 985 2937 ct
1000 2887 1060 2959 per
1076 2871 1172 2940 vicos

57 2965 83 3028 et
100 2961 227 3049 plateas
247 2965 378 3032 vinctus
405 2969 438 3032 et
460 2981 565 3052 eques
587 2961 848 3055 circumductus,
877 2966 1009 3055 publica
1032 2967 1173 3040 conses-

58 3059 142 3130 sione
166 3063 220 3131 sui
245 3063 382 3132 sceleris
406 3061 528 3132 multos
551 3063 655 3131 movit
680 3063 713 3131 in
740 3062 914 3152 lacrymas.
947 3064 1000 3136 Ad
1025 3069 1174 3139 ultimum

59 3159 224 3232 contractis
248 3161 391 3232 brachiis
416 3168 449 3230 et
464 3161 630 3252 cruribus,
648 3161 889 3250 patientissime
906 3168 1077 3237 sustinens
1093 3188 1174 3239 cru·-

60 3257 169 3350 ciatus,
186 3262 223 3330 in
242 3261 504 3331 eminentissimo
519 3261 612 3349 ligno
628 3259 823 3331 sublevatus
842 3269 876 3333 et
897 3265 931 3334 in
949 3273 1024 3335 rota
1043 3267 1174 3338 disten-

60 3359 103 3424 tus
119 3358 249 3430 deiecit.
266 3411 274 3430 .
294 3414 301 3428 .
574 3359 579 3364 '

121 3455 218 3528 Anno
237 3458 360 3528 domini
378 3459 593 3528 mocnxuiii.
610 3459 696 3528 inter
712 3477 832 3548 papam
851 3457 1045 3547 Gregorium
1062 3469 1097 3532 et
1110 3464 1173 3532 im-

62 3562 232 3638 peratorem
246 3557 447 3628 Fridericnm
469 3563 542 3627 orta
558 3563 611 3627 est
626 3559 826 3644 gravissima
842 3557 1011 3629 discordia
1020 3613 1030 3650 ,
1049 3575 1112 3650 pro·
1132 3581 1173 3633 eo

63 3654 139 3737 quod
158 3657 244 3726 idem
263 3659 441 3747 imperator
464 3656 507 3726 ad
526 3657 754 3726 liberationem
776 3663 893 3726 sancte
910 3663 995 3728 terre
1014 3661 1100 3729 siout
1116 3663 1174 3732 iu-

64 3761 177 3826 raverat
192 3773 256 3828 nec
271 3755 407 3846 quando
422 3755 538 3826 debuit
551 3775 616 3826 nec
630 3757 717 3826 sicut
732 3757 840 3846 potuit
857 3755 922 3826 deo
939 3758 1174 3832 etebristiani-

63 3851 110 3917 tati
130 3871 164 3923 se
189 3855 346 3925 devotum
369 3855 534 3945 exhibuit,
553 3855 615 3926 sed
631 3857 744 3946 potius
761 3854 995 3928 confederatus
1014 3865 1067 3928 est
1090 3861 1174 3931 Sar-

64 3955 176 4024 racenis
194 3960 228 4025 et
242 3973 360 4044 pacem
372 3956 628 4042 ignominiosam
645 3961 679 4024 et
699 3954 952 4026 abominabilem
969 3955 1086 4028 iecerit
1100 3979 1173 4030 cum

66 4046 120 4138 ais,
141 4059 171 4120 et
192 4059 309 4124 terram
336 4056 587 4124 transmarinam
610 4057 643 4122 in
670 4055 812 4123 maximo
826 4054 958 4144 reliquit
972 4059 1121 4146 periculo
1142 4067 1175 4129 et

67 4148 220 4222 ecclesiam
239 4152 293 4222 dei
311 4154 506 4246 impugnare
521 4171 590 4222 non
605 4160 732 4223 cessat:
750 4171 811 4244 pro
835 4153 885 4224 his
907 4161 941 4226 et
966 4156 1041 4226 aliis
1064 4159 1175 4250 pluri-

68 4239 119 4313 bus
134 4268 152 4319 a
167 4251 299 4323 domino
317 4272 405 4344 papa
423 4253 624 4342 generaliter
642 4253 945 4324 excommunicatus
964 4261 1026 4324 cst.

481 4377 733 4387 -—----
917 4363 977 4417 25*
