2886 4834
372 263 533 310 cerrnrnus
554 263 591 308 nrr
613 263 779 310 rrsnrncrn.
1075 235 1143 303 113

42 409 69 478 al
91 403 380 474 onnibuselectus
401 399 643 493 Rornanorum,
669 419 732 472 nec
757 419 826 471 non
850 403 969 471 electio
996 403 1038 472 dc
1062 405 1136 492 ipso
1157 409 1227 464 lara

42 510 105 575 loeta
117 523 184 573 curn
202 521 324 590 inagna
340 503 584 591 sollempnitate
603 502 645 570 ab
662 501 816 570 ominibus
838 503 1041 594 confirmata,
1060 505 1146 571 sicut

43 607 132 675 decuit.
162 603 330 692 Principes
355 619 435 671 vcro
462 608 494 668 et
515 603 680 670 electores
701 600 802 670 leuda
829 620 892 670 sua
915 602 957 669 ab
980 621 1022 671 eo
1042 622 1143 670 reve-

17 721 18 726 ’
42 711 123 772 center
143 709 336 791 receperunt
357 719 430 768 curn
451 701 643 769 obedientia
667 699 778 770 debita
798 706 831 769 et
845 707 1025 792 consueta,
1052 704 1142 770 iura-

17 795 18 800 ’
42 809 124 872 nenio
148 803 242 870 eliani
269 801 310 868 ab
328 802 411 890 ipsis
429 802 567 889 prestito
585 801 767 890 corporali,
795 800 886 888 qnod
905 801 967 870 sibi
987 808 1142 889 tanquam

18 953 25 972 l.
41 903 228 970 lornanornn
255 901 326 987 regi
351 901 510 968 assistere
538 900 664 968 vellent
687 906 803 968 eontra
828 901 1004 969 invaseres
1031 907 1065 969 ct
1081 899 1144 968 de-

42 1009 157 1070 tentores
175 1000 337 1068 bonorurn
354 1000 481 1088 imperii
497 999 644 1067 Romani.
662 997 761 1080 Quod
780 1000 876 1067 etianr
896 998 1048 1082 fideliter,
1068 1001 1143 1088 ipso

17 1091 18 1094 ’
43 1102 147 1168 donnino
170 1098 313 1168 Rudolio
332 1099 551 1168 coadiuvante
561 1151 570 1187 ‚
595 1098 638 1165 ad
656 1097 803 1166 debiturn
822 1105 920 1187 prout
938 1098 1049 1167 decuit
1065 1117 1144 1186 per·
1275 1141 1278 1146 -

17 1215 18 1274 j
42 1199 347 1267 duxeruntellectunr.
373 1199 411 1266 ln
428 1204 550 1265 tanturn
562 1200 671 1284 etiam,
688 1197 778 1286 quod
793 1199 928 1266 retraxit
941 1197 984 1265 ad
999 1215 1036 1265 se
1057 1197 1145 1266 botru
1252 1209 1256 1215 '

41 1301 137 1386 inperii
144 1353 153 1388 ‚
170 1299 233 1386 illa·
243 1297 402 1366 videlieet
410 1351 419 1387 ,
440 1315 505 1384 que
522 1297 785 1384 predecessores
805 1299 856 1365 sui
874 1298 1092 1385 irnperatcres
1113 1304 1146 1364 et
1187 1344 1190 1352 ,

42 1416 115 1483 reges
131 1417 149 1465 a
165 1399 338 1466 retroactis
363 1397 476 1482 longis
501 1395 707 1485 temporibus
735 1413 797 1465 suo
824 1414 890 1464 non
909 1390 1064 1484 poterant
1081 1395 1145 1464 do·

41 1499 114 1565 nrinio
138 1497 333 1584 subiugum,
358 1499 445 1566 sieut
468 1495 594 1585 patebit
618 1495 756 1564 interius
784 1496 918 1564 cuilibet
936 1495 1145 1584 infrascripta

42 1603 112 1680 gesta
127 1597 261 1682 legenti.

93 1696 255 1762 dleetione
290 1713 370 1764 vero
405 1694 447 1762 de
471 1695 546 1783 ipso
577 1694 711 1764 dornino
734 1693 877 1764 lludollo
904 1713 994 1763 anno
1021 1693 1144 1763 donini

44 1795 210 1862 n.ce.lxx.iii.
234 1794 298 1862 lral.
317 1794 464 1863 octobris
484 1794 650 1863 celebrata
670 1801 702 1862 et
720 1794 913 1864 confirmata
931 1813 1003 1862 curn
1024 1811 1145 1880 magna

41 1893 103 1959 sicut
125 1893 232 1961 decuit
257 1893 517 1983 sollempnitate,
543 1900 577 1961 et
594 1893 746 1962 ornnibus
766 1895 826 1961 rite
845 1894 926 1960 actis
946 1911 1011 1980 que
1030 1893 1073 1960 ad
1092 1901 1144 1960 ta-

41 1991 85 2058 len
100 1991 285 2079 dignitatern
304 1992 451 2081 expediri
468 1992 675 2082 videbantur,
694 1993 843 2062 insonuit
856 1995 963 2060 status
982 2009 1142 2080 prospere

17 2167 19 2170 ,
40 2107 82 2156 sne
97 2097 179 2177 regie
204 2091 377 2178 dignitatis
395 2111 455 2179 per
473 2091 623 2160 diversas
642 2091 754 2160 rnundi
774 2097 896 2178 partes.
923 2091 963 2157 Et
980 2093 1066 2158 inter
1083 2109 1142 2158 oe-

42 2195 90 2256 lcra
103 2191 234 2259 invaluit
252 2209 361 2260 rurnor
379 2190 421 2258 ad
440 2192 604 2259 civitaten
625 2191 853 2278 Basiliensen‚
874 2209 971 2277 quam
988 2191 1061 2278 ipse
1078 2189 1142 2257 do·
1252 2247 1255 2252 r

41 2289 120 2355 ninus
135 2289 296 2358 Rudollus
314 2291 419 2378 prino
438 2290 619 2358 obsederat
637 2309 709 2358 cunr
725 2291 872 2358 exercitu
890 2307 1011 2375 magno
1030 2297 1064 2358 et
1077 2307 1141 2377 po-

41 2388 97 2471 pulo
118 2389 351 2482 innumerabili.
376 2389 417 2456 lit
441 2408 513 2457 curn
538 2392 750 2478 pervenisset
768 2388 810 2456 ad
830 2390 1025 2476 episeopurn
1043 2389 1141 2455 Basi-

17 2553 19 2578 Ρ
40 2483 166 2579 larsem,
184 2487 352 2556 donrinunr
372 2487 558 2556 Heinricurn
582 2481 821 2556 videlieetdc1
839 2487 1073 2575 Nunenhurg,
1092 2489 1140 2554 ir-

41 2586 85 2649 ruit
105 2587 134 2653 in
156 2605 229 2655 eum
257 2589 354 2658 timor
379 2593 412 2654 et
437 2594 573 2678 tremor,
601 2593 713 2657 tarrtns'
741 2589 837 2655 etiarn
857 2585 947 2674 qnod
964 2604 1022 2675 pre
1041 2587 1141 2652 ninrio

17 2679 116 2786 3lirore
139 2693 214 2774 post
242 2687 406 2754 modicum
432 2692 561 2776 tempus
588 2693 738 2755 rnortuus
763 2692 831 2776 est,
858 2684 973 2752 dicens
999 2686 1141 2751 eircum-

17 2799 18 2856 ζ
41 2783 192 2853 stantibus:
218 2786 309 2871 quod
329 2787 482 2871 ceperim
509 2784 591 2853 rudit
610 2790 700 2852 esset
721 2787 811 2870 inopi
835 2803 908 2851 eum
931 2787 1085 2868 serperet
1107 2785 1142 2850 in

40 2879 139 2963 otton·
162 2903 203 2952 ex
227 2903 268 2952 eo
297 2886 374 2972 quia
400 2885 533 2952 fortuna
557 2887 712 2952 arriserat
737 2884 876 2972 principi
901 2882 1070 2951 antedicto
1090 2881 1142 2949 di·

41 2995 100 3046 eens
116 2983 313 3052 susurrando
339 2990 372 3053 ct
395 2983 556 3053 vertendo
575 3001 612 3052 se
630 2983 802 3051 hincinde
820 2989 956 3071 propter
974 2982 1142 3050 arniratie-

41 3093 96 3145 nen
111 3099 200 3168 quam
220 3083 385 3152 audierat:
403 3083 493 3169 quod
504 3089 534 3150 ci
550 3083 672 3151 domine
684 3085 717 3150 in
733 3081 799 3149 doe
813 3083 880 3148 nitu
895 3082 1011 3154 elocati
1026 3085 1143 3166 potere

41 3184 128 3256 posset
143 3186 267 3250 meotes
293 3183 340 3249 od
362 3182 458 3249 denne
481 3186 517 3248 et
535 3184 569 3249 in
592 3183 698 3249 locum
711 3183 816 3267 ipsius
834 3181 1040 3263 succedendi,
1057 3179 1147 3266 quod

42 3273 92 3356 ipsc
107 3279 250 3348 dominer
262 3280 425 3365 liudolfus
440 3281 633 3348 succederet
646 3283 679 3348 ln
693 3281 800 3348 locum
817 3281 896 3348 cies.
922 3278 1036 3347 Medio
1056 3287 1142 3346 tern-

43 3389 101 3455 pore
121 3385 223 3448 autern
250 3381 402 3449 doninus
425 3379 589 3448 liudolfus
614 3398 672 3448 rex
698 3379 819 3448 lanatis
838 3377 978 3447 tabernis
998 3376 1040 3446 ad
1058 3395 1142 3467 pro-

43 3473 94 3554 pria
107 3480 274 3570 remeavit,
295 3486 328 3547 et
345 3479 422 3546 laeti
442 3485 521 3546 sunt
538 3481 620 3547 liniti
643 3479 747 3547 antici.

97 3572 246 3646 Dominus
273 3580 359 3647 eninr
383 3577 544 3652 Rudollus
563 3597 621 3646 rex
642 3577 863 3646 llornanorunr
882 3575 983 3644 nobili
1003 3593 1044 3642 ex
1062 3591 1142 3662 pro·

46 3671 116 3755 sapia
137 3679 259 3745 exstitit
283 3673 461 3766 oriundus,
487 3684 603 3765 utpote
623 3677 709 3745 lilius
727 3674 853 3744 Alberti
873 3675 1001 3744 comitis
1019 3675 1053 3740 in
1072 3672 1142 3741 Ha-

46 3763 222 3865 titlestrop,
239 3778 295 3864 qui
313 3777 373 3844 luit
390 3777 596 3862 lantgravius
616 3773 743 3844 Alsotio
762 3775 954 3863 superioris²
974 3773 1057 3840 etin
1076 3775 1142 3840 rni-

45 3860 125 3937 litiaa
144 3875 311 3944 inventute
337 3877 488 3944 nutritus
522 3875 600 3942 Erat
627 3875 713 3942 enirn
740 3872 808 3942 dux
835 3873 946 3941 nrilitic
972 3878 1005 3940 et
1028 3879 1143 3941 vector

47 3967 130 4036 vexilli
154 3975 291 4042 civitatis
317 3973 574 4061 Argentinensis
599 3991 707 4061 usqne
734 3973 777 4041 ad
804 3979 952 4062 tempora
978 3973 1045 4040 vito
1074 3989 1143 4039 sue.

47 4055 124 4134 llulta
139 4073 272 4141 comoda
291 4080 323 4141 et
340 4075 498 4143 victorias
518 4073 729 4142 eonllietunnr
748 4073 866 4140 civitas
885 4070 1141 4158 Argentinensis

47 4161 162 4251 tenpore
184 4171 304 4240 domini
329 4172 472 4241 Heinriei
491 4172 533 4242 dc
552 4173 720 4258 Veringen
741 4176 773 4238 et
791 4170 915 4239 domini
934 4170 1080 4238 Bertoldi
1099 4168 1140 4238 dc

71 4271 94 4356 l)
109 4272 137 4328 de
151 4277 215 4334 lrabe
232 4280 276 4335 iclr
293 4281 496 4351 eingeschaltet.

70 4363 183 4418 cornuae
199 4379 317 4423 rennes.
336 4379 359 4424 a.
928 4361 948 4414 8
