2890 4832
370 269 409 312 rx
431 266 596 312 sonarrnno
619 265 796 312 ceromensi.
1076 233 1150 302 369

43 406 210 496 llarbureh,
236 405 289 473 ubi
312 407 346 473 in
368 405 520 474 kalendis
548 407 624 472 maii
647 404 894 472 innumerabilis
917 407 1030 496 populi
1057 406 1234 474 adaltrute

44 506 208 574 multitudo.
226 505 306 574 Nam
324 523 344 572 a
361 507 472 572 multis
491 503 708 593 prudentibus
727 503 911 572 duodecies
930 513 1061 574 eentum
1079 507 1153 574 mil·

41 609 76 674 lin
98 606 256 673 hominnm
281 605 459 692 promisenl
484 621 586 671 sexus
613 605 765 671 estimato
790 609 869 670 sunt
889 607 1094 674 convenisse
1109 605 1152 673 ad

43 705 214 772 nemoriani
240 708 355 770 saneto
380 702 480 770 vidae
506 701 695 792 Elisabeth,
714 703 809 770 euius
828 703 1012 788 glorilleum
1030 722 1152 792 eorpus

42 803 75 872 ad
91 821 221 890 nepsam
246 819 380 869 auream
404 809 457 870 est
477 802 670 869 translatum
687 801 882 870 auctoritate
902 804 1019 870 summi
1036 805 1154 892 ponti-

41 903 116 991 fieiS,
135 903 189 989 qui
208 901 272 970 hoe
288 903 459 986 negotium
478 901 583 968 tribus
602 903 772 990 episeopis
790 903 971 993 eommisit,
998 901 1156 971 videlieet

41 1002 223 1086 lllagnntinu
241 1001 440 1094 Treverensi
458 1005 491 1068 et
503 999 759 1090 Hildesemensi,
779 1017 977 1088 quamquam
1003 1001 1049 1069 lbi
1063 1001 1155 1070 multi
1275 1032 1278 1039 ·

42 1101 86 1166 alii
109 1100 256 1188 episeopi
282 1103 315 1166 et
336 1100 504 1188 prinsipes
531 1099 713 1168 affuissent.
745 1101 821 1188 lpse
848 1102 953 1168 eniam
976 1102 1156 1188 imperator

41 1201 149 1286 primus
172 1197 317 1286 lapidem
343 1197 385 1266 de
412 1198 623 1286 sarcophago
650 1197 774 1266 levavit
797 1205 830 1265 el
847 1216 1003 1268 eoronam
1021 1218 1155 1268 auream

41 1298 73 1365 de
94 1315 153 1366 suo
180 1297 336 1365 thesauro
366 1315 463 1366 sacro
493 1298 593 1385 capiti
621 1298 831 1366 sanctissime
861 1297 961 1366 vidue
986 1300 1155 1386 imposuit.

40 1396 79 1464 lbi
100 1402 207 1484 preter
230 1395 512 1465 multamiraoula
536 1395 646 1464 oleum
670 1395 712 1466 de
739 1413 836 1465 saoro
860 1415 998 1486 eorpore
1018 1397 1155 1489 ellluxit,

41 1495 117 1582 qaod
141 1496 310 1581 religiosis
335 1497 432 1585 viria,
457 1495 613 1564 basilleas
638 1503 671 1563 et
695 1496 811 1564 altaria
828 1497 861 1563 in
880 1496 1040 1565 bonorem
1058 1497 1155 1565 beate

40 1595 125 1662 lidae
141 1593 316 1663 Elisabeth
334 1596 590 1682 oonstrneturis,
610 1611 670 1681 per
690 1593 805 1663 tratres
829 1595 1005 1684 hospitalis
1028 1597 1156 1665 Teuto-

39 1696 172 1762 nleorum
200 1699 254 1760 est
276 1695 331 1782 ple
354 1700 386 1781 et
408 1696 575 1779 sagaoiter
596 1693 811 1762 distributum.
845 1694 952 1782 Super
972 1697 1066 1764 euius
1087 1695 1157 1763 vila

40 1792 184 1860 laudabili
199 1797 233 1860 et
246 1791 423 1860 virtutibus
441 1793 598 1881 specialis
614 1793 753 1860 historia
772 1798 825 1861 est
842 1799 1008 1861 eontexta.

101 1891 182 1960 lnde
197 1893 373 1980 imperator
390 1893 529 1960 veniens
541 1891 793 1980 continentiam,
812 1891 1002 1960 inferiorum
1017 1894 1157 1982 partium

40 1991 171 2058 militiam
193 1992 328 2058 invooat
349 1997 465 2058 eontra
481 1990 745 2077 Langobardos;
773 1990 834 2058 sed
859 1993 976 2078 paneis
1004 1991 1066 2060 sibi
1091 2009 1157 2060 an-

41 2091 224 2179 mentibus,
243 2089 363 2158 milites
383 2089 425 2156 de
444 2089 568 2158 Saenia
586 2097 619 2157 et
636 2087 773 2157 Alsaeia
792 2089 854 2181 sibi
873 2093 1020 2158 assumit.
1041 2089 1157 2179 ltaque

42 2187 155 2256 doeens
178 2190 357 2256 exereitum
376 2196 492 2256 eontra
509 2187 773 2278 Langobardos,
793 2191 956 2257 commisit
979 2192 1051 2276 regi
1068 2191 1159 2258 Boe-

42 2288 166 2356 ninrom
185 2293 218 2356 et
233 2287 308 2356 dnei
326 2288 478 2356 Bawarie
502 2295 535 2356 el
554 2287 752 2375 quibusdam
770 2289 938 2377 episeopis
956 2296 1075 2356 terram
1095 2287 1159 2356 dn·-

42 2387 81 2452 eis
103 2385 236 2455 nasute
261 2387 534 2476 expugnandam,
561 2393 696 2476 propter
721 2388 917 2474 multiplices
940 2405 1104 2457 excessus
1128 2395 1161 2456 et

42 2482 179 2554 laninora
205 2485 325 2572 quibus
342 2484 430 2554 idem
449 2486 516 2554 dux
535 2485 622 2554 lama
643 2485 775 2573 publiea
797 2486 980 2554 laborabat.
1007 2487 1070 2568 Qui
1087 2485 1160 2555 Au-

44 2585 144 2651 slriam
160 2586 324 2673 ingressi,
344 2584 506 2653 adiunctis
527 2585 590 2653 sibi
607 2585 775 2653 nobilibus
801 2590 885 2653 terre
904 2603 988 2672 quos
1003 2587 1076 2674 ipse
1092 2583 1161 2653 dux

42 2688 127 2750 antea
153 2685 278 2752 iniuste
303 2691 518 2771 oppresserat
544 2691 577 2752 et
609 2684 759 2752 deterre
786 2701 847 2752 sua
871 2685 1030 2773 eieoerat,
1058 2690 1160 2752 totam

42 2777 196 2850 austriam
219 2782 478 2850 devastaverunt
495 2790 528 2851 et
547 2785 742 2871 imperatori.
754 2783 1032 2872 subiugarerunt,
1051 2789 1161 2871 preter

42 2897 139 2966 panea
163 2888 273 2950 eastra
296 2883 532 2972 munitissima,
559 2882 730 2970 inquibus
749 2882 823 2971 ipse
851 2881 918 2949 dax
938 2879 1100 2970 prologus
1124 2899 1161 2949 se

42 2983 165 3068 reoepit.
218 3035 222 3042 .

107 3079 238 3147 Interim
260 3081 437 3166 imperator
455 3079 639 3167 Augustam
660 3082 820 3171 venians,
839 3099 970 3148 manum
993 3081 1164 3148 militarem

44 3176 71 3242 in
92 3181 216 3266 eampis
241 3177 323 3247 Lioi¹
338 3180 482 3268 colligit,
510 3186 543 3247 et
564 3181 642 3248 inde
669 3180 838 3267 proiectus
863 3182 897 3248 in
919 3181 1033 3266 vigilia
1056 3181 1163 3246 saneti

45 3274 152 3344 laeobi
172 3274 247 3367 [iuli
267 3275 330 3367 aa]
351 3279 438 3346 mille
456 3279 576 3346 milites
595 3280 628 3346 in
647 3279 771 3346 ltaliam
788 3297 900 3347 seeum
919 3279 1019 3346 duait.
1038 3279 1164 3344 Trans-

47 3377 118 3443 aetis
143 3378 255 3464 itaque
281 3377 411 3463 alpibus
438 3379 585 3445 militiam
604 3397 696 3446 suam
721 3379 810 3466 apud
834 3377 1000 3446 Veronam
1026 3377 1163 3463 colligit,

48 3489 103 3557 pne
124 3475 246 3542 ibidem
269 3483 362 3542 extra
386 3495 497 3544 muros
515 3477 592 3564 plus
610 3495 706 3563 quom
722 3495 781 3564 per
796 3495 943 3544 mensem
958 3473 1162 3564 perendina-

46 3573 92 3637 vit.
117 3573 245 3641 Debine
267 3574 548 3642 Cremonensibus
569 3577 623 3662 qni
648 3577 699 3644 sui
721 3574 869 3643 lautores
891 3581 986 3641 erant
1002 3574 1164 3640 eoniune-

48 3675 109 3758 tus,
133 3674 210 3740 lieet
233 3670 509 3741 Mediolanenses
534 3680 566 3740 et
593 3675 644 3741 soi
668 3674 846 3760 eompliees
873 3672 990 3740 frustra
1020 3673 1164 3738 resiste·

47 3775 110 3836 rent
128 3777 161 3838 et
178 3771 339 3860 imperiali
359 3773 482 3856 agmini
511 3778 605 3858 terga
631 3771 764 3860 darent,
788 3773 966 3859 imperator
988 3789 1061 3837 enm
1084 3769 1165 3838 Cre-

49 3871 252 3938 monensibus
278 3869 447 3937 Mantuam
470 3871 534 3938 sibi
557 3871 714 3938 rebellem
736 3871 878 3959 invadit,
912 3878 945 3937 et
966 3885 1165 3956 quoeunque

48 3972 253 4041 extramuros
272 3975 365 4036 erant
383 3967 547 4038 devastat.
574 3970 669 4038 Duos
686 3970 789 4037 eciam
808 3987 940 4037 snorum
960 3969 1085 4054 burgos
1103 3985 1166 4034 sn·-

48 4081 98 4149 per
119 4067 249 4136 lluvium
277 4069 332 4154 qui
361 4067 478 4135 dieitur
498 4065 592 4156 Opus
616 4070 698 4136 sitos
721 4075 875 4156 potenter
899 4069 994 4155 oapit.
1021 4066 1166 4147 Quorum

49 4167 302 4235 unnslllaebaria
316 4165 506 4234 alterblosa
522 4169 718 4234 nominatur.
737 4167 936 4254 lmperalore
954 4173 1062 4234 antem
1078 4162 1167 4252 apnd

50 4258 228 4334 Cremonam
261 4274 416 4332 manente
440 4263 586 4333 Paduani
607 4267 772 4334 Terrisini
794 4265 982 4333 Vineentini
1006 4281 1069 4330 neo
1098 4278 1166 4329 non

73 4384 204 4430 bonbnnit
222 4387 342 4430 FONTES.
362 4386 384 4430 2.
937 4373 970 4423 24
