2950 4836
440 278 612 324 uranrurrus
635 278 820 324 rrnrnnsusrs.
849 248 850 251 ¹
1138 251 1204 318 511

71 416 158 481 nium
178 413 346 482 Austriam
371 423 404 483 et
429 415 572 503 Styriam
602 423 635 484 et
651 416 836 484 Moraviam
862 424 1071 507 vastaverat,
1097 417 1205 486 nruitis
1227 429 1292 483 tart

69 514 204 580 milibus
223 514 391 581 hominum
409 515 593 583 interiectis
613 522 646 584 et
659 519 692 582 in
708 517 931 603 captivitatem
947 515 1111 605 abductis,
1126 535 1210 584 con-

71 613 221 680 cordiam
245 613 324 680 iaoit
346 633 419 682 cum
439 612 584 683 Otahero
603 615 708 704 duce,
733 617 898 702 recipiens
925 616 1079 683 ducatum
1100 617 1209 704 Styrie

69 729 203 798 sueque
221 715 379 800 potestati
405 715 574 782 subiciens
600 723 718 782 terram
744 716 860 802 ipsam.
896 715 972 803 ipse
998 723 1108 784 autem
1127 713 1209 783 Ota-

69 812 173 880 herus
193 811 260 880 dux
277 813 311 878 in
330 814 434 880 trihus
453 816 523 882 suis
541 815 791 902 principatibus
810 814 965 881 videlicet
983 815 1118 882 Bocmia
1132 814 1209 882 hdo-

66 913 165 978 ravia
185 917 217 977 et
234 909 384 1002 dustria,
413 919 577 1000 tamquam
603 915 759 1001 princeps
784 915 872 981 omni
897 914 1060 1002 probitate
1079 914 1209 1002 procla-

65 1029 145 1100 ma,
166 1012 369 1098 inopinatam
389 1018 421 1079 et
439 1016 593 1101 optimam
613 1031 727 1100 paoem
753 1011 848 1104 iaoit7
873 1012 1002 1080 vadens
1028 1015 1062 1080 in
1088 1013 1207 1100 hyeme

66 1110 294 1196 subsequenti
312 1115 344 1178 in
365 1113 529 1179 Prusciam
549 1131 645 1180 cruce
674 1113 827 1197 signatus
855 1118 888 1178 et
911 1130 1064 1198 magnam
1082 1120 1208 1200 partem

66 1211 181 1296 ipsius
201 1219 285 1276 terre
304 1212 404 1278 cultui
423 1211 570 1280 subdidit
589 1212 778 1279 christiano.

145 1307 297 1377 Mochv.
324 1311 504 1378 Ludwious
535 1317 568 1378 et
592 1311 768 1378 Heinrious
805 1308 908 1376 ducos
936 1310 1088 1378 Bawarie
1120 1311 1208 1378 circa

63 1407 198 1494 pascha
225 1408 330 1494 [marn
357 1407 421 1501 28]
451 1429 533 1478 suos
558 1412 643 1477 inter
669 1428 707 1476 se
739 1408 890 1476 dividunt
912 1411 1127 1498 principatus.
1168 1409 1209 1478 Et

64 1505 229 1574 Heinrico
249 1511 353 1576 cessit
371 1527 492 1576 nomen
508 1509 686 1576 duciacum
704 1509 819 1576 maiori
834 1515 926 1596 parte
942 1509 1092 1576 Bouana
1106 1507 1208 1577 vide·-

63 1606 149 1672 iieet
182 1605 363 1694 Ratispona
396 1608 554 1676 Chambia
586 1609 755 1676 Cholheim
786 1607 913 1693 Erding
945 1626 1018 1675 oum
1043 1608 1208 1676 Lantshut

65 1703 198 1791 Oeting
216 1706 430 1774 Purohhusen
450 1715 483 1774 et
500 1707 596 1775 Hatte
616 1713 649 1774 ct
667 1707 824 1794 quioquid
843 1715 895 1774 est
920 1709 1007 1775 inter
1031 1708 1108 1776 loca
1130 1725 1207 1795 prc-

63 1803 159 1872 dicta
179 1813 211 1872 et
229 1811 332 1874 terras
351 1805 485 1874 dustria
504 1814 537 1874 et
557 1808 700 1874 Boomie.
719 1806 882 1874 Ludwioo
900 1814 1010 1874 autem
1027 1809 1131 1874 cessit
1148 1825 1207 1874 su-

62 1905 181 1990 perior
197 1923 275 1992 pars
287 1907 436 1974 Barvarie
456 1925 526 1973 oum
545 1907 668 1994 palatio
686 1905 792 1972 Rehni
811 1911 844 1971 et
862 1923 982 1972 nomen
996 1905 1207 1993 purchgravii

62 2001 335 2090 Ratisponensis.
372 2004 466 2072 Unde
492 2013 525 2072 et
543 2012 685 2072 castrum
712 2009 742 2071 in
763 2004 987 2094 Regenstaui,
1018 2006 1052 2070 in
1069 2005 1206 2090 Legen-

63 2101 188 2190 veidc,
216 2102 409 2171 Chalmuntz
437 2111 470 2171 et
496 2106 559 2171 alia
579 2122 643 2192 que
662 2104 704 2171 ad
717 2103 865 2192 eundem
885 2106 1051 2191 pertinent
1069 2106 1208 2172 comita-

64 2209 137 2268 tum
166 2201 228 2268 sibi
254 2204 288 2269 in
314 2209 437 2270 sortem
469 2211 654 2270 cesserunt.
698 2203 873 2270 Heinrious
901 2205 1014 2290 itaque
1041 2202 1108 2270 dux
1135 2221 1208 2270 cunr

64 2297 207 2367 Alberto
230 2304 392 2390 episcopo
410 2301 644 2390 Ratisponensi
664 2304 763 2390 piene
788 2302 1017 2392 concordans,
1043 2309 1208 2370 monetam

65 2399 354 2468 Lantshutensem
374 2420 470 2488 quam
489 2409 583 2490 pater
602 2419 683 2468 suns
711 2401 862 2469 fabricari
887 2403 1032 2470 iusserat
1050 2403 1207 2490 cassavit,

65 2505 103 2565 et
138 2501 331 2568 innovatam
374 2510 539 2568 monetam
571 2500 864 2588 Ratisponensium
897 2500 1104 2569 denariorum
1139 2501 1208 2568 dari

65 2599 159 2664 sieut
176 2600 265 2686 prius
292 2619 352 2688 per
380 2617 475 2666 suum
503 2600 684 2668 districtum
704 2601 852 2687 permisit
870 2609 902 2667 et
920 2601 1078 2688 precepit.
1114 2600 1208 2667 Con-

66 2697 219 2764 cordiam
248 2700 350 2765 eciam
384 2698 460 2765 iacit
486 2717 559 2766 cum
585 2699 719 2766 domino
748 2697 871 2766 Ottone
896 2699 1085 2766 Pataviensi
1111 2700 1206 2786 epis-

65 2813 175 2884 copo,
204 2814 242 2863 ac
267 2798 475 2866 interdictum
494 2797 679 2866 divinorum
703 2800 766 2865 iam
794 2799 869 2886 plus
897 2816 993 2884 qrrarrr
1019 2815 1079 2884 per
1104 2799 1207 2866 trien-

65 2896 159 2962 nium
179 2895 392 2964 ohservatum
416 2899 450 2963 in
469 2897 617 2966 districtu
646 2916 708 2965 suo
728 2897 877 2966 eiusdem
892 2897 1052 2984 dyocesis
1072 2898 1207 2964 retaxa-

65 3002 132 3060 tnr.
160 2994 479 3070 lutereaWithelmo
499 3015 580 3082 rege
599 2996 820 3064 Romanorum
838 3014 910 3064 oum
928 2995 1208 3064 comitissuFian·

66 3093 142 3160 drie
170 3099 203 3160 et
220 3094 422 3162 Fresonibus
448 3095 566 3162 bellica
592 3103 713 3182 agente
739 3097 900 3185 negocia,
925 3097 1077 3164 civitates
1103 3093 1207 3162 Rehni

67 3193 169 3278 quasi
188 3192 346 3260 destitute
361 3197 452 3281 regia
473 3195 672 3262 detonsione
689 3195 823 3263 vinculo
838 3197 1010 3263 societatis
1029 3194 1207 3263 fortissime

64 3291 257 3360 adinvicem
277 3295 532 3383 coniunguntur,
552 3296 762 3382 capitaneum
780 3295 919 3383 eligunt,
933 3295 1089 3361 thelonea
1114 3296 1207 3360 cius·

65 3389 144 3457 dem
163 3389 307 3459 iluminr's
327 3411 391 3479 que
410 3412 429 3460 a
446 3394 594 3480 pluribus
613 3392 743 3462 fuerant
760 3402 919 3478 agravata
936 3399 1124 3481 removent,
1150 3393 1206 3458 vi-

65 3491 165 3556 cinos
190 3492 357 3578 principes
385 3499 417 3559 et
440 3495 577 3560 comites
609 3511 669 3562 sue
694 3493 846 3559 societati
870 3492 1030 3560 adherere
1058 3491 1207 3578 compel-

66 3589 161 3676 lunt,
189 3589 336 3676 undique
359 3593 393 3657 in
421 3591 541 3659 dnibus
561 3594 631 3659 suis
650 3609 766 3680 pacem
786 3591 979 3658 ordinantes
999 3591 1152 3677 optimam
1174 3597 1207 3658 et

66 3689 234 3754 haetenus
257 3690 446 3758 inauditam.
493 3688 567 3770 Quo
588 3692 831 3780 superveniens
851 3689 1006 3758 dommus
1024 3689 1206 3758 Ludwious

66 3803 180 3853 novus
214 3788 382 3856 Palatinus
417 3807 529 3858 comes
557 3789 660 3872 Rehni
694 3789 791 3858 iedus
826 3789 1002 3857 laudabilis
1034 3791 1205 3856 societatis
1235 3835 1237 3840 -

66 3887 142 3952 iniit
160 3905 235 3953 oum
257 3889 446 3956 civitatibus
464 3889 672 3977 supradictis.
701 3890 768 3957 ista
782 3895 889 3955 autem
908 3907 973 3976 pax
993 3907 1083 3956 more
1099 3887 1205 3956 Lom-

67 3984 277 4052 bardiearcm
296 3989 462 4054 civitatum
481 3989 635 4057 inchoata
653 3995 790 4077 propter
807 3987 968 4054 maliciam
982 3989 1204 4055 resistentium

67 4102 139 4150 non
157 4083 213 4150 diu
230 4083 370 4154 duravit.

143 4183 303 4252 Mochvi.
321 4185 502 4254 Ludwious
520 4186 587 4254 dux
602 4204 715 4255 comcs
730 4185 899 4253 Palatinus
914 4185 1019 4253 Rehni
1041 4185 1204 4252 dominam

66 4281 207 4350 Mariam
226 4300 364 4352 uxorem
382 4304 486 4374 suom,
509 4285 809 4354 sororenrHeinrioi
829 4284 924 4354 ducis
941 4283 1129 4371 Brabantie,
1145 4300 1205 4348 su-
