2886 4834
380 235 545 286 cunnnrcon
567 238 773 286 casanatensi.
1093 215 1140 282 bil

32 375 177 444 bectores
201 373 291 442 cobis
316 375 517 462 eponae,
548 378 687 462 quaest
710 377 875 445 colueritis
895 379 986 460 titius
1008 383 1138 448 nestros
1158 380 1223 437 ¹²⁷3

31 475 121 558 raptet
140 474 223 540 dore
237 473 355 541 tutibus
370 475 516 559 waninc,
532 478 566 542 in
580 493 761 562 repentens
776 477 896 562 etipertt
911 476 1141 548 bononorum.

32 571 79 652 Qui
96 571 279 659 respondit:
306 573 376 640 Hec
392 580 425 642 et
444 591 633 660 praecauere
647 574 718 641 otto
734 575 882 660 implebo.
916 575 1009 644 Tunc
1025 577 1140 646 literas
1175 603 1178 608 λ

33 672 183 738 electionis
210 677 244 738 et
262 671 521 742 connrnactonts
540 673 693 741 ornnibus
720 673 885 762 patefecit.
919 673 989 743 Rex
1007 675 1070 744 biis
1088 679 1140 745 vi-

31 771 80 858 sis,
109 770 177 836 suis
205 771 356 839 omnibus
387 771 485 840 dixit:
520 772 645 839 Pacem
679 790 753 839 cum
777 771 922 840 crambes
948 772 1082 858 lebete,
1109 779 1142 842 et

31 885 120 935 annac
135 869 283 953 cepticos
298 871 455 938 restituite
466 871 605 956 pristine
625 871 774 938 libertati.
810 871 882 938 Hits
901 871 1021 940 auditis
1040 879 1140 961 atque
1237 905 1240 912 λ

30 967 92 1033 visis
109 965 232 1034 domini
249 969 390 1036 invicern
409 969 647 1057 loquebantur:
681 971 772 1037 ticet
783 970 871 1036 ree!
885 977 918 1038 et
934 977 1055 1059 postea
1073 972 1140 1040 bo-

32 1083 121 1132 ncren
145 1066 273 1151 regium
299 1067 362 1134 sibi
386 1068 577 1138 tribuerunt.
623 1068 753 1138 Deinde
778 1086 851 1135 curn
875 1087 979 1137 uxore
1006 1069 1080 1138 liliis
1107 1077 1141 1139 et

32 1163 134 1232 filiabus
152 1163 195 1232 ad
214 1161 362 1234 Rhenum
377 1168 531 1254 perrexit.
558 1168 599 1236 Et
615 1185 688 1235 ourn
704 1170 738 1235 in
751 1166 955 1236 Rinveldiarn
973 1169 1140 1258 veniebat,

32 1265 102 1329 cives
126 1281 199 1356 curn
226 1264 317 1332 velut
342 1283 456 1352 regern
480 1283 552 1334 cunr
574 1285 698 1353 magno
724 1264 849 1353 gaudio
868 1274 1080 1358 receperunt,
1108 1275 1141 1336 et

32 1368 149 1429 castrant
166 1367 270 1450 atque
288 1365 461 1432 castellnm
485 1365 548 1434 sibi
566 1365 670 1434 libere
689 1365 901 1434 tradiderunt.
936 1366 1057 1434 Postea
1075 1384 1140 1435 ve-

32 1462 66 1526 nit
84 1461 113 1526 in
136 1461 320 1551 Basilcarn,
347 1469 379 1530 ct
405 1463 451 1531 illi
478 1482 553 1534 cunr
578 1464 789 1533 laudabiliter
819 1470 1025 1553 receperunt.
1060 1465 1141 1534 Post

32 1557 77 1626 beo
98 1561 184 1628 venit
210 1559 431 1649 Nuwenburg
455 1569 489 1630 et
511 1564 698 1653 Brisacurn‚
728 1571 761 1631 ct
786 1563 832 1630 illi
857 1581 931 1631 curn
957 1564 1139 1632 honorilice
1206 1600 1211 1608 ·

33 1665 201 1745 receperunt
229 1666 264 1726 et
281 1663 474 1729 necessaria
492 1661 707 1730 tradiderunt.
746 1663 815 1730 Has
842 1663 995 1730 civitates
1020 1669 1053 1730 et
1077 1681 1140 1730 ca-

34 1755 106 1823 stctla
130 1756 285 1826 dominus
312 1758 487 1829 Heinrious
509 1762 705 1830 Basiliensis
732 1763 912 1849 episcopus
940 1763 1047 1850 pretio
1076 1763 1140 1830 sibi

33 1864 257 1942 comparaverat
293 1858 345 1925 vel
375 1877 435 1947 per
461 1860 670 1929 obsidionem
702 1861 909 1948 obtinuerat,
942 1879 1007 1948 que
1033 1863 1139 1928 eciam

33 1954 163 2043 episcopo
189 1955 296 2023 libere
325 1959 516 2027 serviebant
542 1965 576 2027 et
598 1961 751 2028 cornitern
777 1956 952 2028 Rudollurn
981 1965 1139 2046 quantuni

33 2059 157 2137 poterant
173 2056 425 2143 inpugnabant.
460 2057 509 2126 Dc
528 2058 590 2126 hae
608 2062 790 2126 mutatione
808 2057 1008 2125 venerabilis
1027 2057 1138 2127 dorni-

34 2167 79 2217 rus
103 2154 280 2242 episcopus
299 2156 495 2224 basiliensis
514 2156 689 2226 Heinrious
708 2159 741 2224 in
757 2164 882 2224 tanturn
900 2155 1021 2245 doluit,
1048 2155 1139 2244 quod

35 2255 58 2314 ut
72 2249 230 2320 dicebatur
249 2257 362 2322 rnortis
376 2257 555 2343 perieulum
571 2258 715 2324 incurrit.
743 2253 867 2323 Onrnes
884 2256 970 2322 enirn
987 2256 1138 2324 inimicos

35 2352 57 2412 ct
69 2358 290 2435 persecutores
308 2355 399 2440 ragis
424 2353 507 2423 deus
525 2362 562 2422 ut
579 2353 752 2424 dicebatur
770 2353 812 2422 de
831 2354 896 2424 hoc
915 2354 1030 2422 seculo
1049 2352 1138 2443 paa-

34 2444 101 2513 latin
116 2449 337 2519 subtrahebat.

34 2592 68 2660 lle
88 2597 235 2668 electione
263 2605 296 2672 et
318 2603 567 2688 locupletatione
592 2601 721 2684 chlolfi
745 2605 834 2690 repis
858 2603 1089 2672 Romanorum.

13 2753 14 2766 .
86 2727 240 2800 boninus
274 2733 315 2802 de
343 2733 484 2821 Clingen
511 2737 560 2803 vir
584 2736 686 2803 libere
712 2734 912 2804 conditionis
935 2738 1136 2823 personatus

36 2824 106 2894 lires
123 2837 153 2896 et
169 2831 312 2901 devotus
331 2833 413 2903 vidit
429 2836 596 2923 principes
616 2841 649 2902 et
666 2835 830 2902 electores
844 2834 969 2922 inperii
985 2849 1135 2918 congre-

35 2930 107 3007 gatos
124 2936 155 2996 et
172 2929 341 3000 dicentesz
369 2932 557 3020 wwnqrae
579 2952 623 3001 ee
639 2933 732 3000 nobb
747 2932 833 3000 bunc
850 2949 1008 3000 eoronam
1024 2931 1135 2998 tenere

31 3028 124 3102 potent
144 3045 206 3096 ree
232 3029 286 3110 ebv
301 3030 447 3099 omnbus
471 3032 649 3100 bobebitur.
682 3031 829 3118 Singulis
855 3037 965 3100 autent
991 3049 1028 3100 sc
1052 3049 1134 3118 pro-

35 3117 156 3195 bantibus
174 3128 285 3197 nullus
312 3147 425 3198 corurn
450 3131 563 3200 levare
582 3132 688 3220 potuit
706 3149 787 3198 earn.
828 3129 976 3198 Tandem
1002 3127 1134 3197 thdol-

35 3215 68 3286 lus
89 3221 124 3290 le
148 3225 331 3296 Habsburo
359 3245 472 3297 conces
500 3247 656 3298 coronam
684 3236 839 3318 potenter
866 3229 1009 3298 elevavit
1027 3245 1134 3316 seque

36 3325 181 3393 coronavit.
207 3326 379 3396 Visionern
412 3326 498 3396 banc
523 3335 663 3397 eventus
689 3329 900 3416 subsequens
927 3326 1132 3416 approbavit,

37 3414 137 3502 cligitur
153 3425 239 3492 enirn
258 3427 292 3492 in
310 3427 455 3494 crastino
473 3426 670 3496 Michabelis
697 3445 786 3496 anno
811 3427 1015 3495 mectxxin.
1051 3425 1132 3491 Turn

38 3513 110 3598 igitur
133 3525 279 3610 captivos
313 3543 445 3614 onnes,
486 3528 590 3594 eciam
615 3532 777 3614 perpetuo
801 3527 925 3594 carceri
953 3523 1132 3612 deputatos

38 3615 142 3695 pristina
160 3624 303 3690 restituit
328 3624 480 3692 libertati.
522 3625 622 3692 Venit
648 3623 864 3711 Magantian.
907 3621 968 3690 Hic
985 3637 1130 3710 presen-

40 3716 119 3782 tantur
142 3721 170 3786 ei
192 3722 318 3807 regalia
345 3740 410 3810 que
428 3721 690 3811 predecessores
714 3741 814 3809 reges
841 3739 961 3808 magna
987 3722 1131 3810 pecunia

40 3824 86 3878 nnn
105 3823 249 3903 poterant
275 3819 434 3889 obtinere.
477 3821 563 3890 Hinc
589 3819 844 3909 Aquisgranurn.
887 3818 1131 3888 Multitudinenn

41 3903 169 3984 honinun
197 3924 298 3986 strata
324 3919 457 4007 publica
476 3939 582 4008 usque
601 3919 643 3989 ad
664 3922 722 3988 tria
742 3921 888 3988 milliaria
906 3919 961 3987 vix
980 3935 1129 3987 aninmo·
1188 3965 1191 3972 ,

41 4001 67 4070 dc
81 4014 274 4102 recipiebant.
322 4015 509 4087 Occurrunt
527 4019 593 4088 dux
611 4019 751 4087 Bavaria
770 4019 914 4087 saxonie
934 4023 967 4086 et
984 4018 1039 4084 alii
1058 4035 1131 4085 cunr

41 4103 127 4188 viginti
147 4115 284 4184 nillibns
317 4118 471 4203 equiturn.
512 4118 608 4186 Panis
642 4116 792 4186 rnodicns
826 4115 956 4185 duobus
984 4114 1129 4184 denariis

42 4205 220 4302 vendebatur,
239 4217 404 4284 sextarius
424 4235 530 4285 avene
548 4235 608 4306 pro
627 4215 743 4285 decenn
761 4214 1021 4285 coloniensibus.

60 4321 172 4374 torenna
187 4333 296 4380 ronnas
315 4337 338 4382 a.
914 4327 932 4376 b
