2886 4834
395 253 557 303 cuncmcou
580 251 786 300 conunnrnrsr.
1107 228 1153 332 bi

46 392 235 481 exigentibus
250 391 313 460 bec
331 393 379 460 eis
396 389 541 459 creditur
560 391 735 460 accidisse.
763 391 907 460 Sanctus
925 395 1011 461 enim
1034 394 1155 463 lirido-

46 498 113 562 linus
132 493 238 560 locum
264 491 352 558 illum
377 489 544 578 usquead
568 491 649 558 illud
672 498 801 580 tempas
821 492 1042 584 custodierat,
1065 494 1155 582 quod

46 593 133 661 nullus
156 590 363 658 dominorum
387 607 447 658 eos
481 593 658 658 enormiter
686 597 817 679 poterat
843 591 1010 661 inlestare.
1057 591 1155 660 Cives

47 710 108 759 tero
128 691 190 758 loci
208 689 297 757 illius
319 707 386 758 non
410 689 619 758 consedentes
645 691 679 756 in
702 689 839 758 donnino
860 707 922 759 suo
941 699 1060 760 sancto
1081 691 1156 761 rn-

46 791 154 878 totino,
173 795 310 877 pontem
325 787 491 876 lapideum
505 805 602 876 quem
624 790 699 877 ipse
721 795 954 859 construxerat
975 791 1156 860 destruxe-

45 895 115 978 runt,
130 887 251 976 predas
269 907 449 976 pauperum
474 889 690 956 innocentum
716 887 983 980 introduxerunt,
1009 895 1042 958 et
1060 907 1156 959 eorn-

4 1027 5 1036 κ
45 987 281 1056 messationibus
302 994 342 1078 et
354 987 491 1056 luxuriis
514 987 725 1056 insistebant.
760 987 830 1056 lliis
852 995 886 1056 et
908 988 971 1058 lrils
994 989 1157 1058 similibus

44 1093 263 1176 peccauerunt,
279 1085 358 1154 ideo
370 1089 548 1174 perierunt.
575 1085 843 1172 indignationem
858 1089 943 1156 onim
961 1105 1055 1157 suam
1071 1107 1156 1156 san-

45 1194 100 1254 ctus
116 1185 301 1254 lridolinus
320 1184 452 1254 duobus
467 1187 563 1254 annis
580 1195 657 1254 autc
677 1185 938 1255 destructionem
955 1187 1020 1258 loci
1036 1189 1156 1278 pulsa-

44 1285 180 1373 tionibus,
205 1300 293 1372 quas
310 1283 455 1353 iaciebat
470 1287 504 1353 in
524 1303 627 1373 capsa
643 1303 709 1372 qua
723 1285 796 1353 eius
811 1285 950 1374 reliquie
966 1287 1155 1377 quiescunt,

44 1383 168 1472 pluribus
186 1391 220 1451 et
233 1385 346 1453 multis
362 1385 492 1452 vicibus
508 1383 717 1454 ostendebat.
745 1383 866 1454 Custos
881 1386 984 1454 eciam
1001 1386 1156 1477 ecclesie,

5 1509 6 1536 2
46 1483 153 1551 lomina
169 1483 211 1550 de
227 1483 354 1572 Gitone,
374 1484 577 1554 conditionis
595 1483 716 1573 libere,
740 1484 934 1572 sollempnis
956 1487 1156 1574 receptatrix

47 1581 156 1650 lectrum
177 1581 348 1650 Minorum
371 1589 471 1672 atque
489 1582 734 1652 Prcdieatorum
753 1590 787 1651 et
806 1601 987 1672 pauperum
1004 1584 1155 1673 aliorum,

47 1680 110 1748 linit
123 1686 273 1749 eanemm
285 1681 483 1750 Feidolincm
496 1681 628 1764 filiabus
644 1683 713 1748 satie
726 1684 910 1750 eancnbsts
926 1683 995 1750 ends
1014 1686 1049 1752 in
1065 1701 1156 1752 sone-

49 1783 93 1846 nis
104 1783 298 1866 oppomisse
312 1785 346 1848 et
356 1781 611 1868 indignationem
623 1797 719 1848 ertcm
732 1783 842 1866 sepiem
859 1783 1049 1850 ostendisse.
1075 1783 1156 1851 lira-

49 1886 84 1945 ter
96 1880 283 1969 hospitalis,
300 1887 415 1948 custos
430 1881 574 1948 ecclesie
599 1881 704 1948 sancti
721 1879 895 1970 Fridolini,
919 1882 1025 1969 quiin
1043 1882 1156 1950 eccle-

4 1995 5 1998 ’
47 1979 82 2046 sia
102 1996 227 2067 semper
250 1980 355 2047 iacuit
379 1997 519 2068 eamque
536 1978 732 2068 custodivit,
757 1975 846 2048 inira
863 1977 949 2048 duos
967 1997 1075 2050 annos
1098 1999 1156 2048 se-

46 2079 102 2164 pius
118 2095 186 2146 eum
204 2097 243 2146 sa
260 2079 370 2147 retulit
382 2078 562 2147 audivisse.
589 2079 682 2147 Loco
698 2078 762 2146 hcc
776 2078 947 2148 destructo
962 2097 1022 2168 per
1033 2081 1158 2169 ignem,

46 2178 117 2243 venit
135 2178 337 2246 venerabilis
366 2177 521 2247 domiuus
551 2178 728 2246 Heinrieus
755 2178 952 2246 Basiliensis
976 2181 1157 2268 episcopus

48 2281 71 2340 et
89 2275 196 2345 domos
222 2276 376 2365 lapideas
409 2295 448 2344 ac
479 2295 591 2346 muros
617 2278 761 2345 civitatis
791 2279 826 2344 in
852 2277 936 2346 locis
962 2277 1072 2347 multis
1096 2278 1158 2346 de·

48 2376 114 2458 iecit,
134 2383 165 2443 et
181 2378 296 2451 omnia
315 2393 380 2464 que
398 2375 520 2444 ibidem
540 2378 662 2464 reperit
680 2375 877 2466 deportavit.

103 2474 309 2542 Venerabilis
328 2475 461 2544 domina
480 2475 652 2544 abbatissa
675 2474 717 2544 de
743 2493 871 2562 genere
898 2478 1052 2544 comitum
1078 2475 1157 2543 Phi-

49 2579 163 2640 reterum
188 2582 270 2662 post
297 2577 505 2644 exustionem
524 2575 653 2643 castelli
678 2577 712 2642 in
736 2575 914 2643 claustrum
934 2583 967 2643 et
984 2575 1158 2642 castellum

50 2670 132 2760 rediit,
150 2673 309 2761 reliquias
329 2677 435 2742 sancti
452 2673 608 2742 Fridolini
625 2675 747 2762 reperit
764 2691 803 2741 ac
821 2676 960 2762 accepit.
999 2673 1079 2741 Post
1097 2673 1159 2741 hec

51 2772 199 2839 eonsilium
223 2774 286 2840 init
311 2789 383 2841 curn
401 2775 600 2842 ‘canonissis
625 2773 697 2840 suis
721 2773 801 2858 quid
820 2773 938 2858 fecere
963 2771 1094 2840 deberet
1118 2771 1159 2838 de

50 2867 169 2954 reliquiis
192 2873 245 2939 sni
272 2873 392 2940 donant
416 2874 524 2940 saneti
548 2871 713 2940 Fridoline'.
749 2872 843 2940 Tunc
860 2873 1040 2940 eanonisse
1059 2869 1158 2939 dixe-

10 3018 13 3044 ,
51 2975 121 3034 runt:
149 2969 183 3037 st
204 2971 468 3038 transtuleramus
491 2971 649 3056 reliquias
671 2973 779 3037 ennete·
810 2971 966 3039 madalene
986 2972 1036 3038 cd
1052 2970 1158 3038 locunt

51 3065 245 3153 sollempnem
267 3071 393 3137 scilieet
417 3073 451 3137 e'n
471 3070 656 3152 Basileon,
678 3075 755 3137 tune
775 3087 840 3156 per
863 3070 1048 3138 taciendam
1070 3072 1158 3155 ep'ae-

4 3219 5 3222 ,
52 3181 130 3246 equs
153 3171 185 3233 et
208 3171 361 3236 oenomai
385 3167 587 3249 retinebam&
616 3171 773 3236 enatem
795 3167 957 3252 frctmdes
981 3167 1160 3236 Minoribus

53 3263 90 3328 eet
107 3264 370 3336 Prede‘ecton'boe
394 3268 447 3335 oei
467 3269 543 3335 aliis
564 3269 727 3354 sediciosis
749 3269 932 3336 dederimus
952 3269 1000 3334 ced
1020 3284 1158 3335 sereon-

54 3359 124 3446 dmn,
146 3365 269 3434 abillis
294 3369 467 3452 episeopus
491 3367 621 3451 auferet
642 3367 807 3434 dolenter.
843 3365 917 3434 Hiis
936 3366 1158 3435 consideratis

54 3457 193 3531 dixemnt:
204 3465 329 3532 Demos
340 3467 497 3551 reliquias
512 3465 781 3534 sanedFitdolt‘ni
795 3466 894 3533 alteret·
905 3467 1083 3532 monument
1097 3465 1159 3532 do·

53 3559 248 3649 tutoremque
263 3565 410 3632 ceccano
425 3567 539 3632 nostro
554 3565 841 3650 allqoofidclt'tatis
856 3563 985 3632 mecedo
1003 3564 1159 3631 astrictas

54 3658 181 3728 tenecbrr.
218 3661 461 3731 Commiserunt
477 3665 577 3750 igitur
601 3665 711 3732 conniti
735 3663 776 3731 de
802 3661 992 3749 munsture,
1022 3663 1076 3750 qui
1100 3679 1158 3730 cas

55 3753 251 3828 inhonestam
272 3779 434 3845 cameram
455 3762 649 3852 collocavit,
668 3763 805 3850 insuper
822 3764 854 3830 in
873 3779 913 3830 ee
931 3765 1039 3830 noctis
1060 3769 1159 3830 tene-

56 3847 112 3922 bras
127 3857 243 3928 lumine
263 3860 444 3929 decoravit.
480 3859 552 3942 Qtre
572 3880 645 3929 cum
663 3879 723 3950 per
742 3861 841 3930 breve
862 3869 990 3949 tempus
1008 3859 1052 3928 ibi
1073 3859 1158 3930 luis·

57 3962 126 4042 sent,
149 3959 410 4045 indignationem
435 3977 528 4028 suam
556 3967 715 4049 ceperunt
740 3977 798 4049 pet·
821 3960 1040 4049 pulsationem
1065 3977 1159 4030 suern

59 4047 152 4122 ltnilie
176 4057 412 4128 demonstrare.
451 4056 600 4128 Audiens
628 4060 690 4127 bec
714 4057 885 4128 abbatissa
909 4061 941 4127 in
959 4059 1160 4127 Louiinberc

59 4148 88 4213 td
102 4158 339 4226 eanonissarum
359 4157 536 4246 collegium
557 4157 784 4227 transferebat.
821 4158 888 4227 Sed
915 4175 987 4227 cum
1007 4163 1040 4226 et
1056 4157 1100 4226 ibi
1118 4156 1160 4225 cd

60 4249 161 4338 tenpus
186 4256 319 4344 aliquod
345 4256 506 4348 tuissent,
542 4257 804 4344 indignationem
838 4275 928 4325 stram
955 4275 1013 4346 per
1040 4257 1158 4344 puisa-
