2890 4832
288 159 359 226 3lid
642 191 680 234 nu
702 189 865 236 oonurnrno
888 189 1065 242 conourmsr.

204 335 271 391 1208
287 325 455 414 Meranie,
483 331 611 393 etcum
637 328 779 394 maxima
808 324 930 413 gloria
948 325 990 394 ad
1017 326 1245 395 deducendam
1267 331 1407 418 puellam

284 426 519 514 processisset,
531 430 564 492 el
581 442 737 492 reversus
748 427 781 493 in
800 427 975 516 civitatem,
986 425 1318 515 meridianotempore
1329 449 1403 496 om-

284 524 390 591 nibus'
401 523 645 613 recedentibuS,
656 525 748 592 solus
762 526 795 590 in
811 523 955 612 quodam
969 521 1062 592 lobio
1075 543 1146 592 curn
1163 527 1406 615 episcopoSpi-

285 624 374 690 rensi
393 630 426 689 et
442 623 515 690 aliis
535 621 664 690 duobus
674 675 684 712 ,
703 624 829 691 scilieet
846 625 1024 692 camerario
1044 630 1078 691 et
1095 623 1246 712 dapilero
1265 643 1330 714 suo,
1342 646 1403 694 rc-

285 723 475 810 mansisset,
494 721 549 789 ille
568 719 712 789 nefarius
730 722 829 789 homo
849 739 921 789 oum
940 722 1086 790 sedecim
1103 723 1260 790 militibus
1279 728 1405 793 armatis

175 893 177 898 ,
269 819 470 898 ,adveniens
489 821 655 887 introitum
673 822 782 908 peciit.
809 817 872 899 Qui
892 838 964 888 oum
982 823 1076 890 iussu
1094 823 1185 907 regis
1203 823 1403 891 intromissus

285 917 422 1008 luisset,
447 919 521 986 aliis
545 918 626 987 loris
652 920 915 1007 remanentibus,
934 919 1080 1005 gladium
1097 920 1239 988 latenter
1256 921 1297 988 de
1314 941 1406 988 manu

286 1016 458 1085 cuiusdam
481 1018 632 1103 armigeri
660 1018 750 1107 tulit,
770 1023 803 1085 et
821 1019 918 1105 quusi
936 1036 1050 1104 regem
1068 1019 1272 1086 salutaturus
1291 1039 1405 1087 acces-

287 1117 330 1182 sit
338 1138 347 1203 ;
373 1135 470 1203 quem
497 1135 570 1184 oum
596 1115 755 1184 audacter
779 1118 813 1183 in
837 1121 937 1204 eaput
955 1119 1027 1184 cius
1046 1117 1234 1203 vibrasset,
1261 1137 1326 1186 uno
1339 1121 1406 1185 ictu

285 1233 359 1282 eum
377 1214 549 1282 interiecit.
576 1210 649 1295 Quo
669 1217 778 1284 statim
796 1221 935 1304 mortuo,
954 1217 1114 1304 episcopo
1130 1215 1282 1303 Spirensi
1300 1235 1333 1284 se
1345 1235 1404 1286 oc-

283 1314 439 1403 cultante,
458 1315 540 1382 alios
559 1313 645 1381 duos
660 1315 694 1380 iu
712 1332 785 1381 eum
800 1316 924 1382 irruere
940 1315 1093 1382 volentes
1111 1315 1239 1382 lortiter
1254 1316 1405 1382 vuluera-

284 1414 347 1501 vit,
375 1419 406 1479 et
425 1431 501 1480 mox
523 1430 681 1498 egressus
700 1430 845 1481 ascenso
868 1429 956 1500 equo
979 1432 1053 1481 cum
1076 1414 1146 1480 suis
1176 1413 1294 1498 lugere
1313 1416 1402 1501 oepit.

285 1510 340 1578 Sic
359 1529 417 1578 rex
435 1512 603 1599 Philippus
623 1530 696 1578 cum
714 1530 772 1600 per
791 1511 906 1580 decem
922 1530 1029 1580 annos
1048 1513 1303 1598 circumquaque
1320 1515 1405 1600 prin-

285 1610 379 1696 cipes
401 1615 432 1676 et
454 1610 586 1677 nobiles
602 1610 825 1700 subdidisset,
843 1611 1031 1698 provincias
1050 1617 1083 1677 el
1108 1613 1259 1678 civitates
1284 1610 1403 1698 perdo-

284 1709 440 1799 muisset,
467 1727 586 1796 papam
610 1711 713 1776 eciam
736 1710 798 1777 sibi
817 1711 889 1777 iam·
908 1708 1156 1777 reconciliatum
1178 1708 1333 1799 haberet,
1351 1728 1404 1775 se-

284 1805 427 1874 cundum
446 1807 698 1895 dispositionem
717 1807 789 1898 dei,
807 1811 841 1876 in
860 1809 954 1876 cuius
972 1825 1074 1875 manu,
1089 1814 1168 1875 sunt
1185 1809 1328 1876 omnium
1345 1827 1402 1896 po-

284 1911 424 1974 testates
444 1913 477 1973 et
494 1908 566 1973 iura
584 1925 760 1992 reg-norum
769 1960 778 1997 ,
798 1914 831 1976 et
849 1909 904 1994 qui
921 1907 1077 1975 transiert
1094 1924 1201 1993 regna
1214 1912 1314 1993 atquo
1328 1925 1403 1974 oon·

285 2006 407 2094 stituit,
425 2005 601 2072 undecimo
621 2023 708 2073 anno
734 2007 833 2074 vitam
854 2025 927 2074 oum
948 2024 1053 2092 regno
1075 2005 1226 2094 perdidit.
1255 2005 1402 2094 Sepultus

282 2109 337 2174 est
354 2103 475 2171 ibidem
494 2105 648 2190 sequenti
666 2103 719 2172 die
740 2125 770 2174 x.
788 2105 851 2172 kal.
873 2105 960 2194 iulii,
982 2105 1108 2172 scilicet
1133 2107 1167 2172 in
1187 2105 1276 2173 lesio
1303 2105 1403 2173 suncti

220 2285 223 2289 ¹
284 2199 394 2270 Albini
414 2200 498 2292 [iuni
518 2200 594 2293 22].

361 2301 501 2370 Silridus
519 2303 618 2386 igitur
631 2301 861 2391 illoguntinus,
882 2307 978 2390 capto
989 2301 1078 2389 apud
1087 2301 1311 2388 Wassinberg
1325 2303 1403 2369 Bru-

284 2417 372 2466 none
397 2401 668 2490 archiepiscopo,
694 2403 823 2469 occulte
841 2400 883 2468 de
910 2400 1049 2469 Colonia
1071 2401 1197 2490 exiens,
1216 2399 1349 2468 Romam
1366 2399 1402 2466 ad

285 2498 503 2585 apostolicum
514 2517 552 2566 se
563 2500 736 2566 transtulit.
754 2500 816 2568 Ubi
829 2518 889 2588 per
904 2499 1070 2566 biennium
1085 2501 1118 2566 in
1137 2500 1283 2567 ecclesia
1298 2505 1402 2566 sancte

286 2597 428 2682 Sabine,
456 2599 513 2666 ubi
534 2597 710 2666 cardinalis
733 2604 820 2688 erat,
847 2599 995 2686 degens,
1020 2597 1171 2686 Philippo
1192 2615 1274 2681 rege
1298 2600 1401 2666 occiso

286 2715 410 2784 upupa
434 2696 610 2764 adsedem
635 2698 800 2785 propriam
819 2699 1006 2786 remittitur,
1034 2702 1066 2764 el
1093 2699 1289 2764 auctoritate
1307 2698 1400 2784 ipsius

286 2795 393 2862 eiecto
410 2795 583 2885 Lupoldo,
603 2815 622 2862 a
639 2797 767 2864 cunetis
790 2795 964 2882 Mogontie
990 2813 1062 2863 cum
1092 2796 1200 2881 gloria
1225 2796 1398 2882 suscipitur.

286 2893 366 2960 Cum
386 2912 452 2980 quo
474 2896 577 2962 eciam
596 2895 705 2962 Bruno
723 2895 995 2982 archiepiscopus
1020 2912 1142 2981 apapa
1162 2894 1344 2962 honorilice
1359 2892 1400 2959 di-

286 2993 408 3058 missus
430 2993 582 3082 rediens,
608 2995 642 3060 in
668 2992 755 3060 sesto
781 2999 966 3060 sanctorum
990 2999 1166 3079 martyrum
1187 2993 1275 3060 Proti
1295 3000 1327 3060 et
1347 2991 1397 3058 tn-

287 3091 397 3174 cynoti
424 3086 526 3178 [sept.
548 3089 610 3182 ll]
639 3111 712 3160 cum
736 3093 877 3160 maximo
896 3091 1038 3179 tripudio
1058 3097 1091 3158 et
1108 3091 1234 3177 gaudio
1254 3109 1274 3158 a
1293 3095 1398 3158 ounoto

288 3187 376 3254 clero
396 3195 428 3254 et
444 3190 569 3276 populo
589 3190 726 3258 Colouie
746 3191 933 3278 suscipitur.
961 3189 1046 3279 Sed,
1065 3190 1168 3277 proch
1191 3190 1304 3278 dolor,
1322 3207 1397 3276 gau-

286 3285 374 3354 dium
391 3287 472 3354 illud
489 3289 522 3355 in
544 3289 636 3357 brevi
652 3295 806 3356 mutatum
825 3296 876 3356 est
896 3291 929 3355 in
950 3307 1107 3356 merorem
1126 3295 1159 3354 et
1178 3289 1310 3356 luctum.
1328 3287 1395 3354 Nam

284 3389 409 3454 terrore
426 3385 590 3454 aduentus
608 3389 680 3455 eius
701 3407 774 3455 oum
789 3393 858 3456 tota
875 3389 1044 3476 provincia
1064 3406 1082 3454 u
1105 3387 1311 3475 predonibus
1328 3404 1395 3474 pur-

285 3489 365 3570 gata
383 3487 585 3574 quiesceret,
604 3485 747 3554 Adollus
764 3489 868 3554 eciam
889 3485 1055 3574 quondam
1076 3485 1287 3554 Coloniensis
1304 3483 1395 3552 arciri-

286 3585 477 3674 episcopuS,
494 3587 600 3670 gratia
613 3585 892 3654 reconciliationis
914 3584 956 3651 ad
972 3604 1046 3652 eum
1066 3583 1237 3652 Coloniam
1261 3585 1393 3666 veniam,

286 3682 469 3750 secundum
493 3691 683 3772 preceptum
702 3703 787 3772 pape
809 3687 880 3751 cius
905 3683 1100 3752 obediencie
1125 3701 1162 3750 se
1188 3683 1392 3764 submisisset,

286 3782 389 3846 ceteri
409 3800 543 3869 quoque
572 3783 643 3849 eius
668 3782 815 3850 lautores
834 3784 970 3850 comites
996 3788 1029 3850 ct
1049 3781 1179 3850 nobiles
1200 3783 1344 3849 certatim
1362 3774 1393 3844 ad

286 3896 360 3944 eum
384 3882 559 3948 uenientes
586 3881 753 3948 fidelitatis
780 3883 995 3948 iuramentum
1021 3883 1246 3968 prestitissent
1272 3886 1306 3947 et
1322 3879 1392 3946 obe-

286 3975 440 4044 dientiam
459 3981 699 4065 promitterent:
714 3981 875 4066 languore
892 3982 1080 4069 corripitur,
1100 3987 1133 4048 el
1145 3981 1178 4046 in
1194 3985 1302 4047 castro
1320 3971 1392 4064 quod

286 4073 403 4141 dieitur
420 4076 643 4164 Blanlrinberg
666 4098 725 4166 per
743 4081 868 4166 aliquot
885 4079 957 4146 dies
976 4079 1008 4146 i‘n
1027 4079 1115 4147 lecto
1134 4077 1322 4165 decubans,
1346 4091 1390 4142 se·

287 4175 400 4258 quenti
426 4173 478 4242 die
502 4183 580 4263 post
602 4176 721 4245 leslum
743 4179 886 4246 omnium
909 4178 1105 4246 Sanctorum
1130 4175 1223 4269 [nov.
1248 4175 1286 4268 2]
1308 4175 1390 4242 morte
