2890 4832
377 228 512 276 cnrsnnn
535 227 602 276 1111
625 229 859 276 straminei.
1104 199 1175 270 297

47 369 223 457 proficiens
241 369 286 436 ita
304 384 342 436 se
361 368 516 438 omnihus
535 367 740 438 conlormare
761 367 904 458 studuit,
931 372 968 436 ut
986 367 1116 438 clericis
1135 387 1174 438 se

48 470 215 557 clericum,
242 474 275 536 et
301 467 458 536 militibus
487 486 525 536 se
550 469 684 535 militem
710 467 891 534 exhiheret.
923 466 1003 534 Erat
1020 469 1125 534 eclam
1142 469 1176 536 ln

48 567 162 635 eadem
191 573 278 635 etate
296 572 387 634 tante
405 567 681 656 pulchritudlnlS,
705 572 742 634 ut
766 567 801 633 in
825 567 914 634 omni
939 566 1041 655 clero,
1060 569 1176 636 necin

47 667 138 736 laicis
167 665 300 754 quidem
308 719 318 756 ,
346 668 396 734 vir
421 667 478 734 illo
504 666 673 755 pulchrior
696 665 837 734 inveniri
855 683 923 733 non
940 671 1068 754 posset.
1103 664 1176 734 nd-

47 771 162 854 spectu
187 765 350 854 decorus,
377 770 503 836 statura
529 783 705 855 procems,
723 763 849 834 viribus
867 764 1043 854 robustus,
1069 765 1114 832 ita
1141 770 1178 833 ut

48 865 185 954 speciali
211 863 354 953 quodam
379 866 556 954 privilegio
578 869 815 946 maternalem
833 868 923 932 tante
942 865 1070 952 speciei
1088 881 1177 932 con-

46 965 211 1054 gaudere,
231 969 264 1031 el
281 965 314 1030 in
331 964 388 1032 illo
408 966 504 1051 quasi
521 966 555 1032 in
574 963 714 1053 speculo
732 962 893 1032 resultare
911 963 1087 1032 videretur.
1104 962 1177 1030 Hu-

46 1063 188 1132 iusmodi
207 1063 328 1131 divitiis
347 1069 462 1132 nature
481 1069 701 1132 accesserunt
717 1061 830 1130 divitie
846 1068 882 1130 ut
899 1063 943 1130 ite
958 1061 1094 1131 dixerim
1106 1061 1177 1130 lor-

47 1171 133 1231 tune.
159 1163 243 1230 Nam
269 1181 343 1230 cum
367 1161 476 1232 adhuc
500 1163 657 1252 puerulus
683 1159 833 1230 studeret
849 1162 884 1230 in
903 1161 1030 1230 scholis
1048 1163 1097 1230 sic
1114 1162 1176 1230 sti-

48 1261 176 1352 pendiis
211 1262 452 1331 ecclesiasticis
478 1267 636 1331 oneratus
661 1267 771 1330 estet
796 1261 978 1330 honoratus
1010 1260 1175 1349 ecclesiis,

46 1361 203 1432 videlicet
225 1359 402 1450 prebendis
430 1368 464 1430 et
486 1363 724 1451 preposituriS,
749 1366 786 1428 ut
808 1361 916 1446 magis
941 1360 1123 1446 dignitates
1143 1366 1177 1428 et

46 1461 158 1530 divitie
178 1479 252 1528 eum
270 1461 432 1552 venerari,
452 1481 548 1549 quam
567 1463 642 1550 ipse
659 1460 745 1550 illas,
762 1459 964 1528 viderentur.
983 1459 1058 1529 Non
1073 1477 1177 1548 opera

45 1562 165 1630 iustitie
184 1559 247 1628 hec
266 1577 376 1648 neque
397 1560 514 1628 salutis
533 1560 665 1650 divitie,
685 1557 747 1628 sed
764 1560 846 1628 retia
864 1557 1102 1649 demoniorum,
1121 1560 1176 1626 in-

47 1665 229 1728 strumenta
247 1664 280 1726 et
295 1659 407 1746 laquei
424 1666 658 1749 pcccatorum,
678 1675 764 1746 quos
782 1660 855 1747 ipse
874 1657 1017 1726 evadere
1033 1676 1175 1746 nonpo-

45 1761 113 1826 tuit.
139 1758 222 1827 Nam
241 1757 407 1826 mundane
426 1759 683 1846 glorie-deditus
699 1764 788 1826 totus
806 1758 872 1826 illis
890 1757 1109 1846 multipliciter
1123 1763 1177 1826 est

46 1860 197 1928 irretitus.
226 1856 294 1925 Sed
312 1857 443 1942 clectis,
462 1865 548 1927 teste
566 1857 665 1926 heato
685 1859 787 1926 Paulo
806 1857 973 1946 apostolo,
991 1859 1174 1938 01011000-

46 1961 226 2043 operantur
241 1959 275 2024 lo
290 1956 418 2024 donum.
444 1957 516 2026 llec
533 1957 659 2026 idcirco
678 1974 915 2046 commemoro,
934 1963 970 2024 ut
988 1962 1176 2042 cognoscat

46 2059 148 2125 lector
172 2056 214 2124 de
238 2056 326 2144 quali
344 2058 416 2125 viro
435 2064 610 2144 martyrem
629 2057 693 2126 sihi
712 2057 815 2142 elegit
834 2055 1005 2145 deminuo,
1031 2055 1073 2123 de
1092 2073 1174 2124 vase

45 2159 87 2225 ire
115 2155 244 2223 iaciens
268 2172 330 2224 vus
356 2157 472 2242 glorie.
497 2157 548 2224 De
574 2156 700 2224 scholis
718 2157 945 2244 emancipatus
963 2156 996 2222 in
1014 2156 1174 2243 preposi-

48 2264 111 2324 tum
139 2256 296 2323 maiorem
321 2262 373 2324 est
399 2257 536 2324 electus.
561 2256 698 2324 Electus
717 2261 769 2322 est
786 2253 908 2322 deinde
926 2255 961 2320 in
980 2255 1174 2342 episcopum

46 2356 361 2444 hlonasteriensem,
387 2355 448 2424 sed
480 2354 621 2424 eundem
652 2355 882 2443 episcopatum
909 2356 1080 2443 suscipere
1105 2371 1174 2422 non

45 2455 227 2542 acquievit,
247 2453 475 2524 adolescentie
494 2473 555 2523 suc
574 2453 657 2523 lorte
674 2454 928 2542 pertimescens.

116 2555 229 2639 Caput
254 2556 394 2621 tertium.
431 2554 524 2623 Circa
550 2553 637 2622 idem
664 2559 793 2641 tempus
819 2552 972 2634 dominus
998 2549 1173 2640 Adolphus

48 2652 256 2722 coloniensis
284 2653 575 2743 archiepiscopus,
608 2671 629 2719 a
653 2654 764 2741 pravis
792 2653 989 2721 consiliariis
1015 2651 1173 2720 seductus

46 2752 180 2840 insuper
203 2752 305 2820 multa
329 2755 472 2840 pecunia
500 2757 694 2842 corruptus,
721 2751 763 2819 ah
788 2748 911 2820 Ottone
936 2751 1003 2820 lilio
1028 2749 1174 2818 llclnrici

48 2849 137 2918 ducis
165 2850 330 2940 Saxonie,
357 2871 454 2939 quem
480 2853 553 2941 ipse
581 2871 623 2920 ex
647 2868 818 2920 consensu
842 2849 964 2918 domini
986 2849 1173 2918 innocentii

47 2969 130 3038 pape
146 2949 369 3018 Romanorum
387 2969 501 3038 regern
520 2955 689 3020 creaverat
707 2955 741 3018 et
757 2948 960 3038 Aquisgmni
980 2965 1174 3018 coronave-

49 3054 109 3138 rat,
127 3055 224 3137 rupto
242 3051 453 3142 iureiurando
469 3052 610 3118 recessit
629 3046 745 3140 [12011
762 3046 876 3141 nov.],
897 3054 930 3118 et
948 3047 1173 3118 adversarium

49 3149 116 3216 eius
142 3149 326 3238 Philippum
352 3149 469 3218 ducem
495 3149 634 3238 Suevie,
660 3147 762 3218 hlium
782 3147 935 3217 Friderici
953 3150 1173 3238 imperatoris,

50 3247 173 3333 eligens
200 3250 234 3315 in
261 3247 343 3316 sede
368 3251 460 3336 regia
479 3249 700 3318 corrsecravit.
726 3249 863 3336 Propter
881 3247 971 3335 quod
989 3250 1022 3315 in
1041 3249 1173 3316 civitate

49 3348 173 3434 proprie
183 3399 193 3436 ,
214 3347 354 3416 Colonia
373 3348 516 3437 scilicet,
536 3367 578 3416 ex
596 3347 752 3416 mandato
771 3349 835 3416 iam
854 3346 931 3414 dicti
949 3347 1135 3414 Innocentii
1154 3364 1173 3413 a

49 3444 205 3514 iudicibus
225 3445 267 3514 ad
285 3446 350 3514 hoc
367 3446 531 3531 delegatis
551 3449 673 3515 citatus
692 3447 994 3514 excommunicatus
1013 3451 1046 3512 et
1064 3444 1173 3532 depo-

50 3544 127 3611 situs
154 3551 215 3612 est.
241 3545 525 3614 Exoommunicati
544 3551 620 3614 sunt
641 3564 714 3614 cum
738 3563 779 3614 eo
803 3545 951 3613 universi
969 3561 1055 3633 pene
1074 3541 1173 3612 nohi-

50 3641 94 3709 les
112 3649 214 3734 terre,
234 3645 385 3732 ecquod
404 3647 435 3714 ci
453 3645 652 3714 adhererent
670 3651 702 3714 et
720 3644 858 3733 Philippi
880 3649 992 3732 partes
1011 3642 1173 3712 soverent.

51 3737 173 3820 Quanta
191 3742 310 3812 eodem
331 3750 477 3833 tempore
496 3747 528 3812 ln
557 3746 754 3834 episcopatu
773 3743 966 3812 Coloniensi
984 3748 1174 3831 perpetrata

51 3841 111 3908 sint
127 3841 297 3932 incendia,
324 3845 495 3932 provincie
521 3849 670 3932 vastate,
696 3842 909 3912 ecclesiarum
928 3841 1016 3910 hona
1035 3841 1173 3930 direpta,

50 3955 130 4008 nunc
152 3939 274 4010 Ottone
299 3961 388 4010 nuno
415 3943 564 4032 Philippo
592 3941 806 4032 prevalente,
832 3943 949 4030 paucis
975 3959 1043 4010 non
1060 3947 1174 4030 potest

52 4040 207 4126 explicari.
241 4039 399 4129 Adolpho
425 4043 590 4111 successit
614 4041 724 4110 Bruno
751 4043 941 4130 prepositus
968 4041 1172 4130 Bonnensis,

54 4137 103 4220 qui
120 4157 137 4204 a
154 4139 303 4229 Philippo
331 4157 430 4230 rege,
463 4143 518 4229 qul
544 4159 617 4210 cum
644 4142 791 4208 exercitu
815 4141 1044 4229 episcopatum
1070 4139 1172 4208 Colo-

52 4235 190 4308 niensem
207 4241 398 4329 intraverat,
416 4241 449 4308 in
469 4245 579 4310 castro
597 4239 833 4330 Wcssinherg,
852 4241 961 4328 magis
980 4239 1059 4308 dolo
1075 4255 1173 4325 quam
