2884 4834
399 223 530 274 surmus
549 224 787 274 wounrrrrsrs.
1091 198 1160 268 199
1223 183 1227 188 ’

54 361 157 432 auxilio
168 379 284 433 manus
297 364 445 454 ipsorum
462 361 612 434 evadens
630 363 754 434 occidit
768 361 956 434 Conradnm
974 361 1158 451 Sulgelocb
1179 377 1244 434 taoo

52 465 111 550 ipsa
125 461 177 531 die
195 463 231 532 in
247 463 338 554 loro,
365 470 399 533 et
415 479 573 533 reversus
592 461 756 550 fugiendo
778 464 913 532 intravit
927 462 1160 532 Wormaciam.

21 573 22 628 l
52 561 137 630 Etsie
157 567 228 632 tota
249 563 421 651 provincia
433 563 573 632 liberata
593 567 646 630 est
663 580 683 630 a
701 563 843 632 maximo
861 569 1003 650 tyranno
1029 567 1062 631 et
1084 581 1160 631 ma-

52 659 200 730 lefactore.
226 661 306 730 Erat
328 668 438 732 autern
456 661 520 730 hiis
539 661 743 750 temporibus
759 659 909 730 Jacobus
930 665 1047 730 cantor
1069 666 1162 731 extra

52 760 197 828 civitatem
215 766 331 830 contra
343 762 435 830 cives
452 759 625 830 incedens.
659 759 728 828 lllis
743 777 824 830 vero
841 759 1043 848 temporibus
1060 761 1161 830 auxi-

51 859 84 926 lio
96 858 260 946 Spirensis
279 861 430 950 episcopi
452 858 561 930 laetus
583 863 635 928 est
656 859 831 928 auxiliator
846 859 982 928 illustris
1006 857 1161 928 dominus

50 957 166 1028 limicbo
187 976 304 1030 comes
321 957 364 1028 dc
382 958 550 1046 biningen
567 959 720 1048 episcopi
744 963 779 1026 et
793 960 915 1027 civium
928 957 1161 1027 Wormaeien·

50 1058 117 1124 sium
134 1056 297 1128 adversus
315 1057 478 1128 Jacobum
497 1056 540 1126 de
559 1056 703 1147 Lapide,
727 1056 895 1126 Simonem
917 1055 959 1125 do
978 1055 1163 1124 Gundbeim

51 1160 205 1226 eteorum
228 1157 429 1248 complices,
451 1174 491 1226 ac
515 1161 631 1226 contra
658 1173 775 1226 omnes
798 1173 911 1224 eorum
939 1156 1161 1244 iniuriatores,

50 1260 76 1322 et
91 1255 233 1326 similiter
249 1257 315 1345 ipsi
332 1257 401 1346 sui,
426 1257 514 1324 sicut
528 1257 563 1324 in
576 1256 681 1324 literis
699 1272 800 1343 super
818 1254 882 1324 boc
897 1253 1061 1322 conlectis
1075 1271 1161 1322 eon-

51 1354 152 1423 tinetur
164 1373 256 1422 anno
275 1356 411 1424 mcclx.
426 1355 462 1424 in
476 1353 531 1424 die
545 1358 653 1424 sancti
669 1353 831 1424 Bonilaeii
846 1350 933 1444 [iuni
948 1349 1000 1444 5].

107 1451 203 1522 Anno
220 1454 361 1524 mcclx.
373 1455 406 1524 in
425 1460 545 1524 octava
562 1454 670 1522 sancti
683 1452 848 1522 lobannis
865 1452 1009 1540 baptiste
1029 1446 1104 1542 [iuli
1122 1446 1160 1541 l]

51 1551 205 1621 exiverunt
223 1554 319 1622 cives
337 1552 609 1622 Wormaoicnses
626 1570 701 1622 cum
719 1551 827 1622 multis
845 1550 988 1646 dominis
1011 1556 1097 1618 terre
1119 1549 1163 1618 ad

52 1649 270 1720 destmendam
294 1653 487 1742 speluncam
509 1652 673 1722 latronum
687 1649 861 1719 llltzeiam.
894 1648 967 1730 Que
993 1648 1162 1738 expeditio

52 1751 187 1820 constitit·
202 1752 298 1820 cives
322 1751 594 1820 Wormacienses
618 1750 706 1818 mille
732 1767 862 1818 marcas
886 1749 1102 1836 etamplius,
1129 1748 1163 1814 in

51 1850 127 1916 cuius
142 1849 329 1920 subsidium
342 1849 443 1920 ludai
461 1851 589 1920 civibus
605 1848 769 1918 dederunt
783 1847 1046 1936 quadringentas
1061 1846 1163 1914 libras

51 1945 111 2014 hall.
126 1949 160 2016 iu
176 1950 269 2018 iulio.
295 1949 344 2018 lbi
370 1954 481 2018 autem
497 1950 634 2019 viriliter
651 1954 685 2018 et
700 1954 856 2037 potenter
881 1947 1078 2035 existentes,
1103 1961 1163 2012 ac-

52 2055 207 2117 cessemnt
222 2049 330 2118 eciam
345 2049 465 2118 illuoin
477 2049 598 2118 malum
608 2047 695 2116 dicto
713 2047 857 2115 civitatis
869 2045 1075 2112 Weruberus
1087 2043 1163 2111 Ma-

52 2146 207 2238 guntinus‚
234 2146 411 2216 Heinrious
431 2147 600 2236 Spirensis
618 2152 652 2215 ot
668 2143 879 2216 Eberhardus
898 2142 1163 2212 Wormacieusis

52 2243 199 2337 episcopi,
219 2252 256 2316 et
273 2249 411 2316 comites
429 2247 465 2316 E.
485 2254 518 2316 et
535 2247 569 2315 F.
588 2245 630 2314 de
647 2245 832 2333 liningen,
858 2243 890 2312 S.
909 2242 951 2312 do
970 2241 1164 2331 sponheim,

53 2343 204 2415 Cunradus
241 2364 355 2414 comes
374 2345 535 2415 silvester
559 2363 633 2414 curn
659 2343 790 2414 duobus
817 2343 891 2411 liliis
917 2341 1100 2410 llmicbono
1132 2345 1166 2408 et

53 2441 231 2534 dodelrido,
251 2444 428 2514 Heinricus
445 2443 611 2534 Rupertus
630 2449 662 2512 ct
681 2442 855 2512 Conradus
874 2443 1011 2510 comites
1029 2438 1165 2528 Hirsuti,

51 2539 208 2614 llietberus
228 2562 343 2614 oomes
360 2543 401 2612 de
417 2543 713 2629 Catzeuelnbogen
731 2547 764 2610 et
780 2540 925 2610 ll.lrater
942 2557 1036 2628 suus,
1050 2555 1164 2606 eomes

52 2638 85 2706 de
99 2641 297 2733 Nassowen‚
316 2660 430 2714 eomes
456 2642 498 2711 de
518 2644 623 2731 Dietz,
642 2658 755 2710 comes
774 2639 816 2708 de
829 2640 1029 2728 Wilenowc,
1041 2637 1165 2704 Wern-

53 2737 134 2808 leros
153 2748 185 2810 et
202 2741 375 2831 Philippus
399 2741 524 2811 domini
548 2741 590 2810 de
609 2739 783 2810 Bolanden
809 2745 843 2806 et
860 2739 913 2806 alii
932 2737 1031 2805 multi.
1063 2734 1164 2803 Cives

52 2835 309 2910 Wormaoieuses
324 2859 399 2910 curn
411 2841 626 2910 universitate
645 2838 810 2908 etvexillo
828 2855 868 2904 ac
883 2855 979 2904 ourru
989 2852 1051 2904 suo
1065 2834 1164 2902 heer-

53 2954 156 3023 wagen
178 2946 335 3028 potenter
358 2939 516 3030 aderant,
543 2946 578 3008 et
603 2957 677 3007 curn
699 2936 859 3005 machinis
886 2941 919 3003 et
935 2933 1164 3002 instrumentis

54 3052 84 3102 ao
105 3040 279 3124 sagittariis
305 3041 479 3108 maximam
500 3039 546 3108 ibi
566 3038 754 3107 habuerunt
777 3051 975 3124 expansam3
1010 3031 1165 3102 victualia

54 3136 181 3206 etiamde
192 3137 384 3206 Wormacia
400 3137 607 3208 abundanter
624 3135 839 3206 advenerunt.
852 3134 890 3202 ln
907 3133 971 3202 bac
989 3130 1165 3200 obsidione

53 3237 220 3321 captivatus
247 3236 308 3306 luit
325 3237 530 3306 Wembenrs
555 3235 682 3324 dapiler
704 3251 810 3303 senex
834 3251 908 3300 oum
934 3233 1008 3300 aliis
1033 3229 1165 3299 duobus

54 3334 189 3406 militibus
212 3336 294 3406 suis.
341 3335 383 3404 lit
407 3337 515 3424 ipsum
540 3333 722 3424 dapiferum
748 3331 955 3402 vulneratum
977 3347 1018 3398 ae
1046 3329 1165 3396 milites

55 3427 169 3503 dondno
192 3435 231 3504 ll.
257 3435 366 3504 comiti
392 3433 434 3504 de
459 3434 626 3521 biningen
656 3435 948 3521 presentavemnt,
978 3428 1035 3516 qui
1059 3428 1168 3515 ipsum

54 3525 200 3619 liningen
222 3532 361 3604 deduxit
378 3539 413 3602 et
429 3533 471 3602 ab
496 3535 571 3621 ipso
594 3531 857 3620 quadiingentas
881 3544 1010 3596 marcas
1027 3524 1166 3613 accepit.

54 3624 194 3700 Dominus
211 3633 380 3722 Philippus
404 3631 446 3701 de
467 3630 652 3700 Hobenlels
671 3631 765 3700 solus
779 3629 814 3696 in
830 3625 958 3696 Altzeia
981 3629 1060 3714 crat,
1079 3640 1166 3691 con-

57 3729 94 3793 tra
114 3745 225 3802 omnes
256 3731 411 3800 dominos
439 3731 611 3819 provincie
636 3730 731 3818 ipsos
758 3745 831 3796 cum
864 3725 934 3794 suis
966 3719 1167 3793 adiuvando.

56 3821 158 3898 Postea
187 3829 352 3900 mediante
382 3831 543 3920 episcopo
579 3827 780 3914 Moguntino
807 3824 994 3893 Wernbero
1025 3821 1169 3892 totaliter

57 3920 105 3992 luit
115 3933 357 4019 pertractatum,
375 3927 465 4016 quod
483 3929 599 3998 liceret
619 3925 761 3996 dominis
787 3929 820 3993 et
841 3922 1030 3992 civitatibus
1056 3937 1168 3990 muros

58 4025 393 4098 etvallallltzeiensia
411 4026 615 4115 disrumpere
638 4031 672 4094 et
697 4024 885 4094 devastare.
920 4022 961 4090 Et
979 4039 1081 4109 super
1103 4019 1168 4088 boo

60 4129 254 4195 communitas
280 4123 482 4196 Altzeiensis
511 4124 663 4194 omuibus
690 4121 843 4211 dampnis
872 4121 1044 4209 suispure
1069 4117 1167 4186 etde

59 4218 141 4303 plano
164 4227 441 4296 renuntiaverunt.
489 4223 531 4294 ut
553 4225 604 4294 sic
628 4221 750 4294 laetum
776 4227 831 4291 est
851 4222 884 4287 in
911 4220 1024 4305 vigilia
1053 4220 1168 4284 sancte
