2950 4836
287 201 359 272 520
661 229 832 278 nenorosus
853 229 1046 276 ιιιτιιιῑιιςιε.

207 379 272 435 tate
289 372 451 460 exercitu,
470 385 511 438 ac
528 368 641 438 habito
658 369 813 436 conilictu
832 385 905 437 cum
924 367 1046 436 Karolo
1065 384 1144 453 rege
1160 367 1269 434 uictus
1285 372 1319 434 et
1333 384 1412 454 oap-

285 476 339 538 tns
366 475 436 556 cst3
463 473 543 557 aput
565 467 738 556 Neapolim
764 469 858 536 iussu
882 466 1023 555 predicti
1042 466 1151 534 Karoli
1170 464 1356 533 decollatur
1371 467 1411 532 iiii

285 567 350 637 hal.
368 567 558 637 novembris
578 561 658 656 [oct.
677 563 743 656 29]
764 566 844 635 teria
859 565 1018 633 secunda.
1037 565 1116 634 sum
1131 566 1208 652 ipso
1224 566 1323 632 etium
1342 571 1413 632 tuuc

285 667 470 737 decollatus
489 671 542 734 est
558 664 742 733 Fridericus
753 665 829 753 dux,
846 664 931 732 itlius
947 663 1124 732 Hermanni
1142 663 1316 751 quondam
1334 681 1414 730 mur-

286 767 417 834 chionis
443 764 486 832 de
512 763 634 832 Pedem
660 763 755 831 ducis
780 760 931 852 bustric,
956 762 999 832 de
1019 781 1084 850 quo
1103 780 1184 850 spes
1203 779 1275 829 non
1294 761 1413 828 modico

287 865 411 954 lucrat,
437 862 529 952 qrrod
553 861 689 931 deberet
715 861 895 950 aliquando
921 870 1077 950 paternos
1102 860 1267 948 ducatus,
1286 859 1414 928 hostria

286 963 444 1031 videlicet
470 969 504 1029 et
527 961 653 1052 styrie,
675 963 835 1049 optinere.
863 961 1029 1049 Deinceps
1047 959 1188 1028 liarohrs
1208 967 1415 1046 memoratus,

287 1070 453 1149 tamquam
478 1060 610 1128 duobus
634 1060 789 1147 regibus,
814 1057 990 1140 Municedo
1017 1059 1145 1127 scilicet
1171 1058 1239 1125 hlio
1266 1057 1415 1125 Friderici

286 1160 494 1249 imperatoris
522 1164 555 1227 et
582 1157 759 1226 Chuorado
786 1158 940 1227 iratruele
970 1159 1077 1246 ipsius
1108 1155 1299 1246 Muniredi‚
1327 1159 1415 1224 uictis
1466 1189 1467 1248 p

288 1267 322 1328 et
339 1260 482 1346 occisis,
500 1275 605 1344 regno
625 1258 737 1326 sicilie
754 1257 858 1325 libere
883 1259 1021 1346 potitur,
1047 1256 1259 1324 detensionis
1280 1255 1416 1323 ecclesie
1466 1253 1467 1260 ’

288 1358 330 1427 de
348 1358 494 1447 plurimis
520 1356 648 1426 habeus
674 1356 815 1425 laudem.
843 1356 1096 1443 subsequenter
1113 1357 1145 1423 in
1165 1354 1290 1422 eodem
1310 1372 1417 1421 mense

288 1457 469 1526 novembre
492 1457 525 1523 in
551 1454 605 1523 die
632 1457 737 1523 sancti
763 1455 963 1541 Chrisogoni
988 1451 1084 1545 [nov.
1102 1453 1167 1540 it]
1186 1454 1329 1520 moritur
1345 1453 1418 1520 Cle-

289 1573 383 1623 mens
401 1573 505 1668 papa,
525 1556 580 1640 quui
599 1559 755 1640 quoniam
773 1555 805 1620 in
823 1562 947 1642 papatu
970 1571 1136 1640 nunquam
1155 1551 1298 1620 Romam
1318 1553 1418 1619 intru-

289 1661 397 1743 vcrut‚
416 1655 448 1720 in
473 1653 549 1720 loco
575 1653 659 1720 ubi
649 1671 714 1720 ram
732 1652 789 1720 diu
807 1659 947 1721 steterat
963 1650 1146 1720 videlicet
1137 1671 1170 1718 ru
1189 1651 1347 1718 Viterbio
1364 1669 1420 1718 se-

288 1752 416 1841 pelitur.
441 1751 491 1820 ux
508 1750 584 1819 hinc
602 1750 704 1820 sedas
722 1751 869 1820 Romanu
887 1750 942 1819 diu
955 1769 1077 1818 uacare
1091 1753 1181 1838 cepit
1197 1757 1342 1838 propter
1353 1741 1468 1828 dis-l

289 1850 434 1920 cordium
459 1849 671 1917 cardinalium
682 1851 766 1938 ,qui
783 1852 991 1938 permittente
1010 1849 1144 1917 domiuo
1162 1849 1205 1916 ad
1226 1849 1351 1916 urralum
1373 1855 1421 1916 to-

289 1951 361 2018 cius
387 1949 653 2016 christianismi
643 1967 676 2016 m
704 1948 862 2036 eligendo
884 1955 1053 2038 pastorem
1080 1948 1228 2017 ecclesie
1255 1948 1421 2016 katholico

290 2067 357 2117 non
375 2053 536 2160 poteraut,
546 2047 760 2162 concordare.

290 2246 432 2340 tilitatis
451 2244 575 2313 domini
602 2251 694 2312 tanta
719 2244 805 2313 iacta
831 2249 885 2312 est
912 2197 1083 2311 inundatio
1108 2263 1274 2330 aquarum
1301 2251 1469 2348 quauta

291 2357 458 2430 irunquam
477 2363 495 2411 a
516 2351 594 2412 tune
614 2344 802 2412 viventibus
828 2343 901 2410 visu
925 2341 995 2410 inii
1028 2343 1206 2428 Gregorius
1236 2323 1469 2431 patriarchai

290 2442 542 2529 Aquilagiensis
561 2443 678 2530 obiit,
669 2461 701 2510 ru
721 2444 818 2511 cuius
834 2441 943 2511 locum
963 2443 1094 2527 eligitur
1107 2442 1297 2530 Phplippus
1316 2461 1422 2529 gruon-

291 2541 365 2609 dum
386 2541 641 2630 salzpurgensis
660 2541 804 2631 electum,
825 2540 924 2608 irater
937 2539 1139 2608 Ulriuiducis
1151 2539 1339 2610 Kerinthie.
1354 2541 1423 2622 Ouo

291 2641 403 2710 Ulrico
430 2647 508 2728 post
532 2641 594 2708 hec
612 2642 645 2707 in
664 2641 755 2709 brevi
774 2641 848 2707 sine
866 2639 1045 2708 heredibus
1064 2639 1235 2728 defuncto,
1256 2659 1423 2707 ureurora-

291 2747 345 2808 tus
371 2739 552 2827 Phylippus
578 2739 641 2807 sibi
668 2739 810 2810 eundem
834 2737 988 2806 ducatum
1017 2745 1172 2825 tartunam
1198 2757 1302 2806 uerus
1329 2740 1422 2807 heres
1469 2747 1470 2818 l

291 2839 397 2927 ipsius
424 2838 587 2905 attrahere
606 2836 846 2926 attemptabat,
867 2837 927 2905 sed
946 2856 1006 2924 pcr
1023 2835 1180 2904 Otalrhcri
1201 2840 1295 2924 regis
1315 2839 1422 2906 Bohe-

293 2938 355 3004 mie
380 2939 560 3050 potentiam
585 2937 770 3025 impeditur
818 2935 973 3004 Heinrich
1000 2935 1074 3002 duci
1099 2937 1252 3004 Buwarie
1280 2940 1423 3006 nascitur

293 3035 413 3103 iulius
404 3053 438 3102 m
461 3034 515 3103 dic
540 3038 648 3105 suncti
671 3036 825 3123 Dponisii
851 3030 936 3126 [oct.
956 3035 995 3122 o]
1021 3035 1077 3122 qui
1095 3040 1237 3102 vocatus
1257 3043 1314 3104 est
1331 3035 1420 3104 Lud-

292 3134 410 3200 wicus.

366 3228 464 3298 luno
491 3231 533 3299 ab
559 3231 787 3301 incarnatione
812 3229 935 3300 domini
961 3231 1117 3299 m..eulxx
1135 3230 1354 3302 Wladizlaus
1371 3252 1421 3300 ar-

292 3328 528 3418 chiepiscopus
544 3331 802 3419 salzpurgensis
822 3330 911 3398 obiit.
938 3329 997 3398 Cui
1016 3330 1218 3416 subrogatur
1235 3331 1420 3400 Fridericus

292 3428 443 3497 eiusdem
461 3429 605 3498 ecclesie
623 3431 827 3516 prepositus.
852 3429 932 3497 Bclu
950 3430 1046 3496 etiam
1066 3447 1123 3496 rex
1140 3429 1309 3519 Ungarie‚
1329 3431 1422 3498 irater

290 3527 456 3596 uidelicet¹
474 3536 588 3596 sancte
613 3527 795 3615 Elysabeth
822 3533 855 3595 et
879 3533 973 3616 pater
997 3527 1178 3614 lllysabeth
1196 3527 1338 3598 ducisse
1357 3529 1419 3596 Ba-

292 3627 412 3716 warie,
438 3645 479 3694 ex
503 3627 565 3694 huc
590 3629 658 3694 vita
682 3625 846 3717 decessit,
873 3627 1065 3713 relinquens
1091 3625 1298 3714 Stephanum
1330 3628 1420 3695 hlium

294 3741 389 3792 suum
416 3729 509 3812 regui
535 3742 775 3794 successorem.
810 3725 915 3794 hieria
935 3726 1038 3792 eciam
1055 3726 1172 3811 regina
1192 3725 1341 3812 Ungarie
1360 3743 1417 3794 rron

295 3830 370 3910 post
388 3823 523 3910 longum
544 3833 674 3913 tempus
693 3823 784 3892 obiit.
812 3824 1064 3911 subsequenter
1081 3825 1183 3891 eciam
1203 3826 1236 3892 in
1257 3824 1349 3894 sesto
1368 3842 1417 3891 as-

294 3922 498 4008 sumpoiouis
517 3923 614 3992 heato
633 3923 737 3990 hlorie
759 3923 939 4010 hlysaheht
955 3924 1068 4012 virgo,
1089 3922 1154 3991 filiu
1172 3921 1299 3991 domini
1322 3923 1418 3991 Heiu-

294 4019 350 4086 rici
375 4018 470 4088 ducis
497 4023 664 4110 Bawarie,
691 4023 753 4088 iarn
781 4021 1077 4090 terciumdecimum
1103 4040 1226 4089 arrrmm
1246 4025 1348 4090 etatis
1366 4037 1417 4090 suc

294 4135 434 4203 gerens,
459 4120 493 4186 in
518 4122 720 4188 monasterio
745 4122 779 4188 in
805 4121 968 4188 lmntshut
993 4121 1137 4188 habitum
1165 4122 1343 4206 religionis
1368 4139 1417 4188 as-

294 4217 444 4305 sumpsit.
471 4216 506 4283 lu
533 4219 606 4308 ipsa
632 4220 735 4286 eciam
760 4226 868 4288 estate
890 4226 979 4288 tanta
999 4220 1135 4288 siccitas
1156 4219 1215 4288 luit
1232 4221 1373 4310 ubique,
1390 4223 1418 4285 ut
