<?xml version="1.0" encoding="UTF-8"?>
<!DOCTYPE html PUBLIC "-//W3C//DTD XHTML 1.0 Transitional//EN"
    "http://www.w3.org/TR/xhtml1/DTD/xhtml1-transitional.dtd">
<html xmlns="http://www.w3.org/1999/xhtml" xml:lang="en" lang="en">
 <head>
  <title>
</title>
<meta http-equiv="Content-Type" content="text/html;charset=utf-8" />
  <meta name='ocr-system' content='tesseract 3.04.00' />
  <meta name='ocr-capabilities' content='ocr_page ocr_carea ocr_par ocr_line ocrx_word'/>
</head>
<body>
  <div class='ocr_page' id='page_1' title='image "./fontesrerumgerm00hubegoog_0622.png"; bbox 0 0 2950 4836; ppageno 0'>
   <div class='ocr_carea' id='block_1_1' title="bbox 420 293 1196 368">
    <p class='ocr_par' dir='ltr' id='par_1_1' title="bbox 420 293 1196 368">
     <span class='ocr_line' id='line_1_1' title="bbox 420 293 1196 368; baseline -0.005 -4"><span class='ocrx_word' id='word_1_1' title='bbox 420 319 584 366; x_wconf 82' lang='lat' dir='ltr'><strong>canonicor</strong></span> <span class='ocrx_word' id='word_1_2' title='bbox 606 317 850 368; x_wconf 83' lang='lat' dir='ltr'><strong>osrrrrrrorrrrsr.</strong></span> <span class='ocrx_word' id='word_1_3' title='bbox 1127 293 1196 360; x_wconf 83' lang='lat'><strong>559</strong></span> 
     </span>
    </p>
   </div>
   <div class='ocr_carea' id='block_1_2' title="bbox 56 455 1307 4088">
    <p class='ocr_par' dir='ltr' id='par_1_2' title="bbox 56 455 1307 1924">
     <span class='ocr_line' id='line_1_2' title="bbox 57 455 1281 544; baseline 0.001 -18"><span class='ocrx_word' id='word_1_4' title='bbox 57 466 132 526; x_wconf 91' lang='lat' dir='ltr'><strong>tum</strong></span> <span class='ocrx_word' id='word_1_5' title='bbox 148 458 292 526; x_wconf 91' lang='lat' dir='ltr'><strong>validum</strong></span> <span class='ocrx_word' id='word_1_6' title='bbox 314 455 491 528; x_wconf 87' lang='lat' dir='ltr'><strong>descendit</strong></span> <span class='ocrx_word' id='word_1_7' title='bbox 508 474 567 544; x_wconf 92' lang='lat' dir='ltr'><strong>per</strong></span> <span class='ocrx_word' id='word_1_8' title='bbox 590 455 775 526; x_wconf 86' lang='lat' dir='ltr'><strong>Bawariam</strong></span> <span class='ocrx_word' id='word_1_9' title='bbox 792 473 915 542; x_wconf 83' lang='lat' dir='ltr'><strong>magno</strong></span> <span class='ocrx_word' id='word_1_10' title='bbox 933 456 1073 528; x_wconf 88' lang='lat' dir='ltr'><strong>vallatus</strong></span> <span class='ocrx_word' id='word_1_11' title='bbox 1094 475 1195 526; x_wconf 85' lang='lat' dir='ltr'><strong>exer·</strong></span> <span class='ocrx_word' id='word_1_12' title='bbox 1214 470 1281 527; x_wconf 78' lang='lat' dir='ltr'><strong>rate</strong></span> 
     </span>
     <span class='ocr_line' id='line_1_3' title="bbox 56 553 1307 647; baseline -0.001 -22"><span class='ocrx_word' id='word_1_13' title='bbox 56 559 150 647; x_wconf 88' lang='lat' dir='ltr'><strong>citu,</strong></span> <span class='ocrx_word' id='word_1_14' title='bbox 178 557 313 626; x_wconf 91' lang='lat' dir='ltr'><strong>domino</strong></span> <span class='ocrx_word' id='word_1_15' title='bbox 338 553 462 624; x_wconf 89' lang='lat' dir='ltr'><strong>Ottone</strong></span> <span class='ocrx_word' id='word_1_16' title='bbox 492 554 577 624; x_wconf 88' lang='lat' dir='ltr'><strong>duce</strong></span> <span class='ocrx_word' id='word_1_17' title='bbox 605 555 758 624; x_wconf 88' lang='lat' dir='ltr'><strong>Bauarie</strong></span> <span class='ocrx_word' id='word_1_18' title='bbox 785 555 848 624; x_wconf 91' lang='lat' dir='ltr'><strong>sibi</strong></span> <span class='ocrx_word' id='word_1_19' title='bbox 875 561 1097 645; x_wconf 87' lang='lat' dir='ltr'><strong>cooperante,</strong></span> <span class='ocrx_word' id='word_1_20' title='bbox 1125 573 1199 624; x_wconf 91' lang='lat' dir='ltr'><strong>eum</strong></span> <span class='ocrx_word' id='word_1_21' title='bbox 1304 568 1307 574; x_wconf 78' lang='grc'>’</span> 
     </span>
     <span class='ocr_line' id='line_1_4' title="bbox 58 651 1200 724; baseline 0 -2"><span class='ocrx_word' id='word_1_22' title='bbox 58 657 141 722; x_wconf 91' lang='lat' dir='ltr'><strong>aliis</strong></span> <span class='ocrx_word' id='word_1_23' title='bbox 160 655 271 722; x_wconf 91' lang='lat' dir='ltr'><strong>multis</strong></span> <span class='ocrx_word' id='word_1_24' title='bbox 291 654 332 722; x_wconf 92' lang='lat' dir='ltr'><strong>de</strong></span> <span class='ocrx_word' id='word_1_25' title='bbox 350 653 445 722; x_wconf 89' lang='lat' dir='ltr'><strong>Reno</strong></span> <span class='ocrx_word' id='word_1_26' title='bbox 462 653 647 722; x_wconf 80' lang='lat' dir='ltr'><strong>franconia</strong></span> <span class='ocrx_word' id='word_1_27' title='bbox 666 653 789 722; x_wconf 85' lang='lat' dir='ltr'><strong>Suevia</strong></span> <span class='ocrx_word' id='word_1_28' title='bbox 805 653 961 723; x_wconf 87' lang='lat' dir='ltr'><strong>Bawarla</strong></span> <span class='ocrx_word' id='word_1_29' title='bbox 977 651 1112 724; x_wconf 83' lang='lat' dir='ltr'><strong>Austris</strong></span> <span class='ocrx_word' id='word_1_30' title='bbox 1132 656 1200 723; x_wconf 90' lang='lat' dir='ltr'><strong>Sti-</strong></span> 
     </span>
     <span class='ocr_line' id='line_1_5' title="bbox 57 751 1199 840; baseline 0.001 -20"><span class='ocrx_word' id='word_1_31' title='bbox 57 755 111 821; x_wconf 94' lang='lat' dir='ltr'><strong>ria</strong></span> <span class='ocrx_word' id='word_1_32' title='bbox 131 753 301 822; x_wconf 82' lang='lat' dir='ltr'><strong>lfarlnthia</strong></span> <span class='ocrx_word' id='word_1_33' title='bbox 319 770 359 820; x_wconf 88' lang='lat' dir='ltr'><strong>ae</strong></span> <span class='ocrx_word' id='word_1_34' title='bbox 377 752 538 840; x_wconf 86' lang='lat' dir='ltr'><strong>Ungaria,</strong></span> <span class='ocrx_word' id='word_1_35' title='bbox 557 769 694 821; x_wconf 89' lang='lat' dir='ltr'><strong>numero</strong></span> <span class='ocrx_word' id='word_1_36' title='bbox 714 754 811 840; x_wconf 83' lang='lat' dir='ltr'>quasi</span> <span class='ocrx_word' id='word_1_37' title='bbox 829 751 944 822; x_wconf 92' lang='lat' dir='ltr'><strong>decem</strong></span> <span class='ocrx_word' id='word_1_38' title='bbox 965 753 1107 822; x_wconf 90' lang='lat' dir='ltr'><strong>milibus.</strong></span> <span class='ocrx_word' id='word_1_39' title='bbox 1125 753 1199 821; x_wconf 91' lang='lat' dir='ltr'><strong>Ve-</strong></span> 
     </span>
     <span class='ocr_line' id='line_1_6' title="bbox 57 849 1198 940; baseline 0.002 -22"><span class='ocrx_word' id='word_1_40' title='bbox 57 854 112 919; x_wconf 91' lang='lat' dir='ltr'><strong>nit</strong></span> <span class='ocrx_word' id='word_1_41' title='bbox 127 854 162 920; x_wconf 90' lang='lat' dir='ltr'><strong>in</strong></span> <span class='ocrx_word' id='word_1_42' title='bbox 180 851 371 920; x_wconf 90' lang='lat' dir='ltr'><strong>Bohemiam</strong></span> <span class='ocrx_word' id='word_1_43' title='bbox 388 868 497 938; x_wconf 88' lang='lat' dir='ltr'><strong>usque</strong></span> <span class='ocrx_word' id='word_1_44' title='bbox 514 849 556 917; x_wconf 89' lang='lat' dir='ltr'><strong>ad</strong></span> <span class='ocrx_word' id='word_1_45' title='bbox 574 849 734 918; x_wconf 89' lang='lat' dir='ltr'><strong>Chuttam.</strong></span> <span class='ocrx_word' id='word_1_46' title='bbox 752 852 869 938; x_wconf 87' lang='lat' dir='ltr'><strong>Ibique</strong></span> <span class='ocrx_word' id='word_1_47' title='bbox 879 869 994 939; x_wconf 91' lang='lat' dir='ltr'><strong>parum</strong></span> <span class='ocrx_word' id='word_1_48' title='bbox 1007 852 1198 940; x_wconf 85' lang='lat' dir='ltr'><strong>proficiens,</strong></span> 
     </span>
     <span class='ocr_line' id='line_1_7' title="bbox 57 948 1198 1038; baseline 0 -21"><span class='ocrx_word' id='word_1_49' title='bbox 57 952 152 1018; x_wconf 92' lang='lat' dir='ltr'><strong>aeris</strong></span> <span class='ocrx_word' id='word_1_50' title='bbox 171 951 365 1038; x_wconf 73' lang='lat' dir='ltr'>intemperie</span> <span class='ocrx_word' id='word_1_51' title='bbox 383 948 602 1038; x_wconf 78' lang='lat' dir='ltr'><strong>impediente,</strong></span> <span class='ocrx_word' id='word_1_52' title='bbox 621 949 717 1018; x_wconf 90' lang='lat' dir='ltr'><strong>rediit</strong></span> <span class='ocrx_word' id='word_1_53' title='bbox 741 951 828 1018; x_wconf 91' lang='lat' dir='ltr'><strong>circa</strong></span> <span class='ocrx_word' id='word_1_54' title='bbox 852 949 975 1018; x_wconf 91' lang='lat' dir='ltr'><strong>festum</strong></span> <span class='ocrx_word' id='word_1_55' title='bbox 998 950 1085 1038; x_wconf 85' lang='lat' dir='ltr'><strong>beati</strong></span> <span class='ocrx_word' id='word_1_56' title='bbox 1106 951 1198 1018; x_wconf 88' lang='lat' dir='ltr'><strong>Mer-</strong></span> 
     </span>
     <span class='ocr_line' id='line_1_8' title="bbox 59 1039 1198 1136; baseline 0.002 -20"><span class='ocrx_word' id='word_1_57' title='bbox 59 1051 125 1116; x_wconf 91' lang='lat' dir='ltr'><strong>tini</strong></span> <span class='ocrx_word' id='word_1_58' title='bbox 144 1048 261 1116; x_wconf 92' lang='lat' dir='ltr'><strong>eadem</strong></span> <span class='ocrx_word' id='word_1_59' title='bbox 282 1049 336 1116; x_wconf 90' lang='lat' dir='ltr'><strong>via</strong></span> <span class='ocrx_word' id='word_1_60' title='bbox 354 1066 421 1135; x_wconf 86' lang='lat' dir='ltr'><strong>qua</strong></span> <span class='ocrx_word' id='word_1_61' title='bbox 435 1054 573 1116; x_wconf 91' lang='lat' dir='ltr'><strong>venerat</strong></span> <span class='ocrx_word' id='word_1_62' title='bbox 591 1046 634 1116; x_wconf 91' lang='lat' dir='ltr'><strong>ad</strong></span> <span class='ocrx_word' id='word_1_63' title='bbox 648 1053 765 1136; x_wconf 88' lang='lat' dir='ltr'><strong>partes</strong></span> <span class='ocrx_word' id='word_1_64' title='bbox 780 1039 863 1116; x_wconf 74' lang='lat' dir='ltr'><strong>Rani</strong></span> <span class='ocrx_word' id='word_1_65' title='bbox 881 1050 967 1118; x_wconf 88' lang='lat' dir='ltr'><strong>cirea</strong></span> <span class='ocrx_word' id='word_1_66' title='bbox 990 1066 1112 1132; x_wconf 88' lang='lat' dir='ltr'><strong>annum</strong></span> <span class='ocrx_word' id='word_1_67' title='bbox 1134 1047 1198 1118; x_wconf 91' lang='lat' dir='ltr'><strong>do-</strong></span> 
     </span>
     <span class='ocr_line' id='line_1_9' title="bbox 57 1145 1197 1235; baseline 0 -21"><span class='ocrx_word' id='word_1_68' title='bbox 57 1149 143 1214; x_wconf 90' lang='lat' dir='ltr'><strong>mini</strong></span> <span class='ocrx_word' id='word_1_69' title='bbox 161 1163 303 1216; x_wconf 75' lang='lat' dir='ltr'><strong>meoet.</strong></span> <span class='ocrx_word' id='word_1_70' title='bbox 330 1147 410 1216; x_wconf 87' lang='lat' dir='ltr'><strong>Post</strong></span> <span class='ocrx_word' id='word_1_71' title='bbox 423 1145 485 1214; x_wconf 92' lang='lat' dir='ltr'><strong>hec</strong></span> <span class='ocrx_word' id='word_1_72' title='bbox 503 1145 656 1214; x_wconf 89' lang='lat' dir='ltr'><strong>diversas</strong></span> <span class='ocrx_word' id='word_1_73' title='bbox 674 1146 855 1216; x_wconf 90' lang='lat' dir='ltr'><strong>tirannides</strong></span> <span class='ocrx_word' id='word_1_74' title='bbox 874 1163 1036 1216; x_wconf 88' lang='lat' dir='ltr'><strong>exercens</strong></span> <span class='ocrx_word' id='word_1_75' title='bbox 1050 1149 1084 1216; x_wconf 92' lang='lat' dir='ltr'><strong>in</strong></span> <span class='ocrx_word' id='word_1_76' title='bbox 1104 1165 1197 1235; x_wconf 93' lang='lat' dir='ltr'><strong>suos,</strong></span> 
     </span>
     <span class='ocr_line' id='line_1_10' title="bbox 59 1243 1197 1334; baseline 0.002 -22"><span class='ocrx_word' id='word_1_77' title='bbox 59 1263 138 1313; x_wconf 91' lang='lat' dir='ltr'><strong>cum</strong></span> <span class='ocrx_word' id='word_1_78' title='bbox 164 1249 313 1312; x_wconf 89' lang='lat' dir='ltr'><strong>maneret</strong></span> <span class='ocrx_word' id='word_1_79' title='bbox 339 1245 373 1311; x_wconf 91' lang='lat' dir='ltr'><strong>in</strong></span> <span class='ocrx_word' id='word_1_80' title='bbox 396 1250 484 1312; x_wconf 91' lang='lat' dir='ltr'><strong>terra</strong></span> <span class='ocrx_word' id='word_1_81' title='bbox 506 1243 641 1312; x_wconf 86' lang='lat' dir='ltr'><strong>Alsacie</strong></span> <span class='ocrx_word' id='word_1_82' title='bbox 668 1246 755 1312; x_wconf 90' lang='lat' dir='ltr'><strong>eirca</strong></span> <span class='ocrx_word' id='word_1_83' title='bbox 784 1244 928 1334; x_wconf 88' lang='lat' dir='ltr'><strong>Renum,</strong></span> <span class='ocrx_word' id='word_1_84' title='bbox 959 1247 993 1312; x_wconf 89' lang='lat' dir='ltr'><strong>in</strong></span> <span class='ocrx_word' id='word_1_85' title='bbox 1014 1245 1197 1314; x_wconf 90' lang='lat' dir='ltr'><strong>hereditate</strong></span> 
     </span>
     <span class='ocr_line' id='line_1_11' title="bbox 58 1340 1197 1433; baseline 0 -22"><span class='ocrx_word' id='word_1_86' title='bbox 58 1351 206 1432; x_wconf 90' lang='lat' dir='ltr'><strong>paterna</strong></span> <span class='ocrx_word' id='word_1_87' title='bbox 222 1345 257 1410; x_wconf 90' lang='lat' dir='ltr'><strong>in</strong></span> <span class='ocrx_word' id='word_1_88' title='bbox 275 1341 361 1410; x_wconf 93' lang='lat' dir='ltr'><strong>festo</strong></span> <span class='ocrx_word' id='word_1_89' title='bbox 380 1342 607 1430; x_wconf 90' lang='lat' dir='ltr'><strong>apostolorum</strong></span> <span class='ocrx_word' id='word_1_90' title='bbox 624 1341 765 1432; x_wconf 91' lang='lat' dir='ltr'><strong>Philippi</strong></span> <span class='ocrx_word' id='word_1_91' title='bbox 783 1349 815 1410; x_wconf 89' lang='lat' dir='ltr'><strong>et</strong></span> <span class='ocrx_word' id='word_1_92' title='bbox 832 1343 951 1412; x_wconf 84' lang='lat' dir='ltr'><strong>Jacobi</strong></span> <span class='ocrx_word' id='word_1_93' title='bbox 972 1340 1053 1432; x_wconf 91' lang='lat' dir='ltr'><strong>[mai</strong></span> <span class='ocrx_word' id='word_1_94' title='bbox 1072 1340 1123 1433; x_wconf 91' lang='lat' dir='ltr'><strong>l],</strong></span> <span class='ocrx_word' id='word_1_95' title='bbox 1141 1362 1197 1411; x_wconf 94' lang='lat' dir='ltr'><strong>re-</strong></span> 
     </span>
     <span class='ocr_line' id='line_1_12' title="bbox 59 1439 1197 1532; baseline -0.001 -21"><span class='ocrx_word' id='word_1_96' title='bbox 59 1444 193 1530; x_wconf 89' lang='lat' dir='ltr'><strong>cipiens</strong></span> <span class='ocrx_word' id='word_1_97' title='bbox 211 1442 317 1512; x_wconf 88' lang='lat' dir='ltr'><strong>ricem</strong></span> <span class='ocrx_word' id='word_1_98' title='bbox 334 1440 459 1508; x_wconf 92' lang='lat' dir='ltr'><strong>fraudis</strong></span> <span class='ocrx_word' id='word_1_99' title='bbox 475 1459 572 1528; x_wconf 89' lang='lat' dir='ltr'><strong>quam</strong></span> <span class='ocrx_word' id='word_1_100' title='bbox 596 1439 723 1508; x_wconf 88' lang='lat' dir='ltr'><strong>fecerat</strong></span> <span class='ocrx_word' id='word_1_101' title='bbox 744 1443 778 1510; x_wconf 90' lang='lat' dir='ltr'><strong>in</strong></span> <span class='ocrx_word' id='word_1_102' title='bbox 794 1460 890 1510; x_wconf 92' lang='lat' dir='ltr'><strong>suum</strong></span> <span class='ocrx_word' id='word_1_103' title='bbox 910 1441 1197 1532; x_wconf 78' lang='lat' dir='ltr'><strong>predecessorem,</strong></span> 
     </span>
     <span class='ocr_line' id='line_1_13' title="bbox 58 1539 1196 1629; baseline -0.001 -20"><span class='ocrx_word' id='word_1_104' title='bbox 58 1560 80 1609; x_wconf 88' lang='lat' dir='ltr'><strong>a</strong></span> <span class='ocrx_word' id='word_1_105' title='bbox 99 1541 258 1608; x_wconf 81' lang='lat' dir='ltr'><strong>fratruele</strong></span> <span class='ocrx_word' id='word_1_106' title='bbox 277 1557 339 1608; x_wconf 92' lang='lat' dir='ltr'><strong>suo</strong></span> <span class='ocrx_word' id='word_1_107' title='bbox 359 1539 444 1608; x_wconf 91' lang='lat' dir='ltr'><strong>duce</strong></span> <span class='ocrx_word' id='word_1_108' title='bbox 462 1539 634 1629; x_wconf 86' lang='lat' dir='ltr'><strong>lohanne,</strong></span> <span class='ocrx_word' id='word_1_109' title='bbox 654 1557 752 1627; x_wconf 90' lang='lat' dir='ltr'><strong>quern</strong></span> <span class='ocrx_word' id='word_1_110' title='bbox 772 1539 1036 1610; x_wconf 79' lang='lat' dir='ltr'><strong>exheredaverat</strong></span> <span class='ocrx_word' id='word_1_111' title='bbox 1053 1560 1073 1608; x_wconf 93' lang='lat' dir='ltr'><strong>a</strong></span> <span class='ocrx_word' id='word_1_112' title='bbox 1090 1557 1196 1626; x_wconf 87' lang='lat' dir='ltr'><strong>regno</strong></span> 
     </span>
     <span class='ocr_line' id='line_1_14' title="bbox 58 1637 1196 1729; baseline 0 -21"><span class='ocrx_word' id='word_1_113' title='bbox 58 1640 285 1708; x_wconf 91' lang='lat' dir='ltr'><strong>Bohemorum</strong></span> <span class='ocrx_word' id='word_1_114' title='bbox 303 1643 437 1727; x_wconf 92' lang='lat' dir='ltr'><strong>propter</strong></span> <span class='ocrx_word' id='word_1_115' title='bbox 455 1637 541 1705; x_wconf 88' lang='lat' dir='ltr'><strong>filios</strong></span> <span class='ocrx_word' id='word_1_116' title='bbox 561 1655 642 1706; x_wconf 93' lang='lat' dir='ltr'><strong>suos</strong></span> <span class='ocrx_word' id='word_1_117' title='bbox 662 1656 747 1725; x_wconf 84' lang='lat' dir='ltr'><strong>quos</strong></span> <span class='ocrx_word' id='word_1_118' title='bbox 765 1639 810 1706; x_wconf 91' lang='lat' dir='ltr'><strong>ibi</strong></span> <span class='ocrx_word' id='word_1_119' title='bbox 827 1639 931 1708; x_wconf 91' lang='lat' dir='ltr'><strong>voluit</strong></span> <span class='ocrx_word' id='word_1_120' title='bbox 948 1657 1027 1708; x_wconf 92' lang='lat' dir='ltr'><strong>esse</strong></span> <span class='ocrx_word' id='word_1_121' title='bbox 1042 1639 1196 1729; x_wconf 76' lang='lat' dir='ltr'><strong>heredeS,</strong></span> 
     </span>
     <span class='ocr_line' id='line_1_15' title="bbox 60 1736 1196 1825; baseline 0.001 -20"><span class='ocrx_word' id='word_1_122' title='bbox 60 1737 180 1824; x_wconf 81' lang='lat' dir='ltr'><strong>gladio</strong></span> <span class='ocrx_word' id='word_1_123' title='bbox 200 1737 377 1806; x_wconf 88' lang='lat' dir='ltr'><strong>transfrxus</strong></span> <span class='ocrx_word' id='word_1_124' title='bbox 397 1737 507 1804; x_wconf 91' lang='lat' dir='ltr'><strong>subito</strong></span> <span class='ocrx_word' id='word_1_125' title='bbox 526 1736 698 1825; x_wconf 91' lang='lat' dir='ltr'><strong>occubuit,</strong></span> <span class='ocrx_word' id='word_1_126' title='bbox 721 1737 960 1806; x_wconf 85' lang='lat' dir='ltr'><strong>ecclesiasticis</strong></span> <span class='ocrx_word' id='word_1_127' title='bbox 978 1738 1196 1806; x_wconf 88' lang='lat' dir='ltr'><strong>sacramentis</strong></span> 
     </span>
     <span class='ocr_line' id='line_1_16' title="bbox 59 1834 962 1924; baseline -0.002 -20"><span class='ocrx_word' id='word_1_128' title='bbox 59 1838 196 1904; x_wconf 89' lang='lat' dir='ltr'><strong>minime</strong></span> <span class='ocrx_word' id='word_1_129' title='bbox 214 1836 376 1924; x_wconf 79' lang='lat' dir='ltr'><strong>receptis,</strong></span> <span class='ocrx_word' id='word_1_130' title='bbox 396 1836 484 1902; x_wconf 88' lang='lat' dir='ltr'><strong>circa</strong></span> <span class='ocrx_word' id='word_1_131' title='bbox 501 1852 622 1902; x_wconf 89' lang='lat' dir='ltr'><strong>annum</strong></span> <span class='ocrx_word' id='word_1_132' title='bbox 640 1834 764 1904; x_wconf 91' lang='lat' dir='ltr'><strong>domini</strong></span> <span class='ocrx_word' id='word_1_133' title='bbox 782 1836 962 1914; x_wconf 86' lang='lat' dir='ltr'><strong>mcccviii.</strong></span> 
     </span>
    </p>

    <p class='ocr_par' dir='ltr' id='par_1_3' title="bbox 134 1925 1052 2020">
     <span class='ocr_line' id='line_1_17' title="bbox 134 1925 1052 2020; baseline -0.004 -17"><span class='ocrx_word' id='word_1_134' title='bbox 134 1934 349 2003; x_wconf 78' lang='lat' dir='ltr'><strong>Moermuiii.</strong></span> <span class='ocrx_word' id='word_1_135' title='bbox 368 1933 492 2002; x_wconf 87' lang='lat' dir='ltr'><strong>Civitas</strong></span> <span class='ocrx_word' id='word_1_136' title='bbox 510 1933 719 2004; x_wconf 88' lang='lat' dir='ltr'><strong>Pataviensls</strong></span> <span class='ocrx_word' id='word_1_137' title='bbox 740 1971 784 1980; x_wconf 91' lang='lat'><em>-</em></span> <span class='ocrx_word' id='word_1_138' title='bbox 804 1951 864 2020; x_wconf 90' lang='lat' dir='ltr'><strong>pro</strong></span> <span class='ocrx_word' id='word_1_139' title='bbox 883 1925 1052 2001; x_wconf 84' lang='lat' dir='ltr'><strong>emenda.1</strong></span> 
     </span>
    </p>

    <p class='ocr_par' dir='ltr' id='par_1_4' title="bbox 57 2029 1196 2200">
     <span class='ocr_line' id='line_1_18' title="bbox 135 2029 1196 2102; baseline -0.004 0"><span class='ocrx_word' id='word_1_140' title='bbox 135 2033 262 2102; x_wconf 89' lang='lat' dir='ltr'><strong>Eodem</strong></span> <span class='ocrx_word' id='word_1_141' title='bbox 287 2049 375 2102; x_wconf 90' lang='lat' dir='ltr'><strong>anno</strong></span> <span class='ocrx_word' id='word_1_142' title='bbox 400 2038 516 2100; x_wconf 84' lang='lat' dir='ltr'><strong>exorta</strong></span> <span class='ocrx_word' id='word_1_143' title='bbox 541 2038 593 2100; x_wconf 87' lang='lat' dir='ltr'><strong>est</strong></span> <span class='ocrx_word' id='word_1_144' title='bbox 618 2031 705 2100; x_wconf 90' lang='lat' dir='ltr'><strong>fama</strong></span> <span class='ocrx_word' id='word_1_145' title='bbox 729 2031 771 2100; x_wconf 92' lang='lat' dir='ltr'><strong>de</strong></span> <span class='ocrx_word' id='word_1_146' title='bbox 794 2029 911 2100; x_wconf 89' lang='lat' dir='ltr'><strong>Judeis</strong></span> <span class='ocrx_word' id='word_1_147' title='bbox 935 2069 979 2080; x_wconf 88' lang='lat'><strong>-—</strong></span> <span class='ocrx_word' id='word_1_148' title='bbox 1005 2029 1196 2100; x_wconf 90' lang='lat' dir='ltr'><strong>incendium</strong></span> 
     </span>
     <span class='ocr_line' id='line_1_19' title="bbox 57 2123 273 2200; baseline -0.014 0"><span class='ocrx_word' id='word_1_149' title='bbox 57 2123 273 2200; x_wconf 85' lang='lat' dir='ltr'><strong>evaserunt²</strong></span> 
     </span>
    </p>

    <p class='ocr_par' dir='ltr' id='par_1_5' title="bbox 58 2227 1198 2811">
     <span class='ocr_line' id='line_1_20' title="bbox 139 2227 1198 2317; baseline -0.006 -15"><span class='ocrx_word' id='word_1_150' title='bbox 139 2230 265 2302; x_wconf 89' lang='lat' dir='ltr'><strong>Eodem</strong></span> <span class='ocrx_word' id='word_1_151' title='bbox 293 2247 381 2297; x_wconf 90' lang='lat' dir='ltr'><strong>anno</strong></span> <span class='ocrx_word' id='word_1_152' title='bbox 407 2227 587 2298; x_wconf 83' lang='lat' dir='ltr'><strong>celebrauit</strong></span> <span class='ocrx_word' id='word_1_153' title='bbox 613 2229 735 2296; x_wconf 89' lang='lat' dir='ltr'><strong>curiam</strong></span> <span class='ocrx_word' id='word_1_154' title='bbox 753 2229 970 2317; x_wconf 87' lang='lat' dir='ltr'><strong>sollempnem</strong></span> <span class='ocrx_word' id='word_1_155' title='bbox 988 2234 1069 2316; x_wconf 90' lang='lat' dir='ltr'><strong>aput</strong></span> <span class='ocrx_word' id='word_1_156' title='bbox 1085 2227 1198 2296; x_wconf 89' lang='lat' dir='ltr'><strong>Nuru-</strong></span> 
     </span>
     <span class='ocr_line' id='line_1_21' title="bbox 60 2327 1198 2418; baseline -0.004 -20"><span class='ocrx_word' id='word_1_157' title='bbox 60 2329 176 2418; x_wconf 87' lang='lat' dir='ltr'><strong>bereh.</strong></span> <span class='ocrx_word' id='word_1_158' title='bbox 205 2327 264 2397; x_wconf 88' lang='lat' dir='ltr'><strong>Cui</strong></span> <span class='ocrx_word' id='word_1_159' title='bbox 281 2327 500 2396; x_wconf 89' lang='lat' dir='ltr'><strong>interfuerunt</strong></span> <span class='ocrx_word' id='word_1_160' title='bbox 516 2329 683 2416; x_wconf 88' lang='lat' dir='ltr'><strong>principes</strong></span> <span class='ocrx_word' id='word_1_161' title='bbox 701 2327 897 2396; x_wconf 82' lang='lat' dir='ltr'><strong>Alamannia</strong></span> <span class='ocrx_word' id='word_1_162' title='bbox 922 2327 1142 2398; x_wconf 87' lang='lat' dir='ltr'><strong>ecclesiastici</strong></span> <span class='ocrx_word' id='word_1_163' title='bbox 1163 2331 1198 2394; x_wconf 89' lang='lat' dir='ltr'><strong>et</strong></span> 
     </span>
     <span class='ocr_line' id='line_1_22' title="bbox 61 2424 1198 2513; baseline -0.003 -18"><span class='ocrx_word' id='word_1_164' title='bbox 61 2429 234 2496; x_wconf 87' lang='lat' dir='ltr'><strong>seculares</strong></span> <span class='ocrx_word' id='word_1_165' title='bbox 262 2427 372 2496; x_wconf 89' lang='lat' dir='ltr'><strong>etalii</strong></span> <span class='ocrx_word' id='word_1_166' title='bbox 397 2425 528 2495; x_wconf 91' lang='lat' dir='ltr'><strong>nobiles</strong></span> <span class='ocrx_word' id='word_1_167' title='bbox 552 2426 651 2494; x_wconf 91' lang='lat' dir='ltr'><strong>multi.</strong></span> <span class='ocrx_word' id='word_1_168' title='bbox 676 2427 717 2494; x_wconf 89' lang='lat' dir='ltr'><strong>Et</strong></span> <span class='ocrx_word' id='word_1_169' title='bbox 740 2427 774 2494; x_wconf 91' lang='lat' dir='ltr'><strong>in</strong></span> <span class='ocrx_word' id='word_1_170' title='bbox 792 2426 910 2494; x_wconf 92' lang='lat' dir='ltr'><strong>eadem</strong></span> <span class='ocrx_word' id='word_1_171' title='bbox 928 2428 1019 2496; x_wconf 89' lang='lat' dir='ltr'><strong>curia</strong></span> <span class='ocrx_word' id='word_1_172' title='bbox 1036 2424 1198 2513; x_wconf 86' lang='lat' dir='ltr'><strong>quasdam</strong></span> 
     </span>
     <span class='ocr_line' id='line_1_23' title="bbox 59 2523 1197 2615; baseline -0.002 -21"><span class='ocrx_word' id='word_1_173' title='bbox 59 2527 161 2612; x_wconf 88' lang='lat' dir='ltr'><strong>leges</strong></span> <span class='ocrx_word' id='word_1_174' title='bbox 180 2527 292 2615; x_wconf 86' lang='lat' dir='ltr'><strong>edixit,</strong></span> <span class='ocrx_word' id='word_1_175' title='bbox 311 2525 478 2612; x_wconf 85' lang='lat' dir='ltr'><strong>filiumque</strong></span> <span class='ocrx_word' id='word_1_176' title='bbox 493 2541 589 2592; x_wconf 93' lang='lat' dir='ltr'><strong>suum</strong></span> <span class='ocrx_word' id='word_1_177' title='bbox 602 2526 858 2613; x_wconf 83' lang='lat' dir='ltr'><strong>primogenitum</strong></span> <span class='ocrx_word' id='word_1_178' title='bbox 870 2523 1046 2594; x_wconf 89' lang='lat' dir='ltr'><strong>Rudolfum</strong></span> <span class='ocrx_word' id='word_1_179' title='bbox 1063 2525 1197 2594; x_wconf 92' lang='lat' dir='ltr'><strong>nomine</strong></span> 
     </span>
     <span class='ocr_line' id='line_1_24' title="bbox 58 2622 1197 2714; baseline 0 -22"><span class='ocrx_word' id='word_1_180' title='bbox 58 2643 123 2714; x_wconf 93' lang='lat' dir='ltr'><strong>pro</strong></span> <span class='ocrx_word' id='word_1_181' title='bbox 150 2624 236 2694; x_wconf 91' lang='lat' dir='ltr'><strong>duee</strong></span> <span class='ocrx_word' id='word_1_182' title='bbox 261 2623 395 2692; x_wconf 87' lang='lat' dir='ltr'><strong>Austrie</strong></span> <span class='ocrx_word' id='word_1_183' title='bbox 427 2622 606 2711; x_wconf 83' lang='lat' dir='ltr'><strong>deputavit.</strong></span> <span class='ocrx_word' id='word_1_184' title='bbox 633 2622 726 2690; x_wconf 85' lang='lat' dir='ltr'><strong>Circa</strong></span> <span class='ocrx_word' id='word_1_185' title='bbox 751 2623 839 2691; x_wconf 91' lang='lat' dir='ltr'><strong>idem</strong></span> <span class='ocrx_word' id='word_1_186' title='bbox 857 2629 987 2711; x_wconf 90' lang='lat' dir='ltr'><strong>tempus</strong></span> <span class='ocrx_word' id='word_1_187' title='bbox 1004 2622 1197 2692; x_wconf 90' lang='lat' dir='ltr'><strong>Bonilaeius</strong></span> 
     </span>
     <span class='ocr_line' id='line_1_25' title="bbox 59 2711 1162 2811; baseline -0.003 -20"><span class='ocrx_word' id='word_1_188' title='bbox 59 2729 202 2792; x_wconf 86' lang='lat' dir='ltr'><strong>octavus</strong></span> <span class='ocrx_word' id='word_1_189' title='bbox 222 2761 267 2770; x_wconf 85' lang='lat'><strong>-</strong></span> <span class='ocrx_word' id='word_1_190' title='bbox 288 2723 395 2811; x_wconf 88' lang='lat' dir='ltr'><strong>Super</strong></span> <span class='ocrx_word' id='word_1_191' title='bbox 412 2721 604 2792; x_wconf 86' lang='lat' dir='ltr'><strong>kathedram</strong></span> <span class='ocrx_word' id='word_1_192' title='bbox 622 2722 862 2810; x_wconf 82' lang='lat' dir='ltr'><strong>proeminentia</strong></span> <span class='ocrx_word' id='word_1_193' title='bbox 880 2722 1057 2810; x_wconf 89' lang='lat' dir='ltr'><strong>pastoralis</strong></span> <span class='ocrx_word' id='word_1_194' title='bbox 1077 2711 1162 2788; x_wconf 83' lang='lat' dir='ltr'><strong>etc.³</strong></span> 
     </span>
    </p>

    <p class='ocr_par' dir='ltr' id='par_1_6' title="bbox 56 2819 1197 3993">
     <span class='ocr_line' id='line_1_26' title="bbox 134 2819 1196 2908; baseline -0.002 -18"><span class='ocrx_word' id='word_1_195' title='bbox 134 2821 250 2890; x_wconf 75' lang='lat' dir='ltr'><strong>Maec.</strong></span> <span class='ocrx_word' id='word_1_196' title='bbox 276 2820 438 2890; x_wconf 90' lang='lat' dir='ltr'><strong>Dominus</strong></span> <span class='ocrx_word' id='word_1_197' title='bbox 463 2819 656 2888; x_wconf 89' lang='lat' dir='ltr'><strong>Bonilaeius</strong></span> <span class='ocrx_word' id='word_1_198' title='bbox 684 2826 821 2888; x_wconf 89' lang='lat' dir='ltr'><strong>octavus</strong></span> <span class='ocrx_word' id='word_1_199' title='bbox 847 2839 956 2908; x_wconf 88' lang='lat' dir='ltr'><strong>papa,</strong></span> <span class='ocrx_word' id='word_1_200' title='bbox 982 2819 1196 2907; x_wconf 87' lang='lat' dir='ltr'><strong>pontificatus</strong></span> 
     </span>
     <span class='ocr_line' id='line_1_27' title="bbox 59 2917 1196 3008; baseline -0.004 -19"><span class='ocrx_word' id='word_1_201' title='bbox 59 2921 115 2989; x_wconf 90' lang='lat' dir='ltr'><strong>sui</strong></span> <span class='ocrx_word' id='word_1_202' title='bbox 132 2939 221 2990; x_wconf 94' lang='lat' dir='ltr'><strong>anno</strong></span> <span class='ocrx_word' id='word_1_203' title='bbox 241 2926 355 3008; x_wconf 87' lang='lat' dir='ltr'><strong>sexto,</strong></span> <span class='ocrx_word' id='word_1_204' title='bbox 381 2924 531 2988; x_wconf 90' lang='lat' dir='ltr'><strong>sanctum</strong></span> <span class='ocrx_word' id='word_1_205' title='bbox 548 2918 743 2988; x_wconf 89' lang='lat' dir='ltr'><strong>Ludwioum</strong></span> <span class='ocrx_word' id='word_1_206' title='bbox 762 2933 874 3004; x_wconf 82' lang='lat' dir='ltr'><strong>regem</strong></span> <span class='ocrx_word' id='word_1_207' title='bbox 893 2917 1030 2986; x_wconf 87' lang='lat' dir='ltr'><strong>Francie</strong></span> <span class='ocrx_word' id='word_1_208' title='bbox 1048 2918 1196 2986; x_wconf 89' lang='lat' dir='ltr'><strong>kanoni-</strong></span> 
     </span>
     <span class='ocr_line' id='line_1_28' title="bbox 57 3015 1197 3102; baseline -0.003 -15"><span class='ocrx_word' id='word_1_209' title='bbox 57 3021 157 3088; x_wconf 87' lang='lat' dir='ltr'><strong>zavit.</strong></span> <span class='ocrx_word' id='word_1_210' title='bbox 183 3017 226 3088; x_wconf 81' lang='lat' dir='ltr'><strong>lit</strong></span> <span class='ocrx_word' id='word_1_211' title='bbox 242 3035 358 3088; x_wconf 89' lang='lat' dir='ltr'><strong>omnes</strong></span> <span class='ocrx_word' id='word_1_212' title='bbox 377 3016 611 3102; x_wconf 81' lang='lat' dir='ltr'><strong>indulgencias</strong></span> <span class='ocrx_word' id='word_1_213' title='bbox 629 3015 859 3086; x_wconf 87' lang='lat' dir='ltr'><strong>accedentium</strong></span> <span class='ocrx_word' id='word_1_214' title='bbox 877 3016 920 3086; x_wconf 89' lang='lat' dir='ltr'><strong>ad</strong></span> <span class='ocrx_word' id='word_1_215' title='bbox 938 3016 1094 3086; x_wconf 89' lang='lat' dir='ltr'><strong>basilicas</strong></span> <span class='ocrx_word' id='word_1_216' title='bbox 1114 3015 1197 3084; x_wconf 90' lang='lat' dir='ltr'><strong>bea·</strong></span> 
     </span>
     <span class='ocr_line' id='line_1_29' title="bbox 58 3114 1197 3208; baseline -0.001 -23"><span class='ocrx_word' id='word_1_217' title='bbox 58 3124 166 3186; x_wconf 89' lang='lat' dir='ltr'><strong>tomm</strong></span> <span class='ocrx_word' id='word_1_218' title='bbox 185 3118 410 3208; x_wconf 91' lang='lat' dir='ltr'><strong>apostolorum</strong></span> <span class='ocrx_word' id='word_1_219' title='bbox 428 3116 515 3184; x_wconf 86' lang='lat' dir='ltr'><strong>Petri</strong></span> <span class='ocrx_word' id='word_1_220' title='bbox 533 3121 567 3186; x_wconf 91' lang='lat' dir='ltr'><strong>et</strong></span> <span class='ocrx_word' id='word_1_221' title='bbox 590 3115 682 3184; x_wconf 88' lang='lat' dir='ltr'><strong>Pauli</strong></span> <span class='ocrx_word' id='word_1_222' title='bbox 699 3117 734 3182; x_wconf 92' lang='lat' dir='ltr'><strong>ln</strong></span> <span class='ocrx_word' id='word_1_223' title='bbox 752 3115 832 3184; x_wconf 93' lang='lat' dir='ltr'><strong>urbe</strong></span> <span class='ocrx_word' id='word_1_224' title='bbox 850 3115 998 3184; x_wconf 82' lang='lat' dir='ltr'><strong>lfomana</strong></span> <span class='ocrx_word' id='word_1_225' title='bbox 1016 3114 1197 3184; x_wconf 84' lang='lat' dir='ltr'><strong>confirma·</strong></span> 
     </span>
     <span class='ocr_line' id='line_1_30' title="bbox 58 3213 1196 3304; baseline -0.002 -20"><span class='ocrx_word' id='word_1_226' title='bbox 58 3217 108 3284; x_wconf 88' lang='lat' dir='ltr'><strong>vit</strong></span> <span class='ocrx_word' id='word_1_227' title='bbox 125 3215 323 3304; x_wconf 88' lang='lat' dir='ltr'><strong>approbavit</strong></span> <span class='ocrx_word' id='word_1_228' title='bbox 348 3221 381 3282; x_wconf 93' lang='lat' dir='ltr'><strong>et</strong></span> <span class='ocrx_word' id='word_1_229' title='bbox 406 3215 579 3284; x_wconf 88' lang='lat' dir='ltr'><strong>innovavit</strong></span> <span class='ocrx_word' id='word_1_230' title='bbox 597 3219 630 3282; x_wconf 92' lang='lat' dir='ltr'><strong>et</strong></span> <span class='ocrx_word' id='word_1_231' title='bbox 654 3213 695 3281; x_wconf 95' lang='lat' dir='ltr'><strong>de</strong></span> <span class='ocrx_word' id='word_1_232' title='bbox 713 3214 921 3302; x_wconf 90' lang='lat' dir='ltr'><strong>plenitudine</strong></span> <span class='ocrx_word' id='word_1_233' title='bbox 940 3231 1000 3284; x_wconf 89' lang='lat' dir='ltr'><strong>sue</strong></span> <span class='ocrx_word' id='word_1_234' title='bbox 1017 3216 1196 3302; x_wconf 86' lang='lat' dir='ltr'><strong>potestatis</strong></span> 
     </span>
     <span class='ocr_line' id='line_1_31' title="bbox 56 3312 1196 3404; baseline -0.003 -21"><span class='ocrx_word' id='word_1_235' title='bbox 56 3323 222 3404; x_wconf 90' lang='lat' dir='ltr'><strong>perpetuo</strong></span> <span class='ocrx_word' id='word_1_236' title='bbox 240 3313 478 3401; x_wconf 84' lang='lat' dir='ltr'><strong>augmentavit,</strong></span> <span class='ocrx_word' id='word_1_237' title='bbox 497 3314 584 3380; x_wconf 91' lang='lat' dir='ltr'><strong>utin</strong></span> <span class='ocrx_word' id='word_1_238' title='bbox 603 3312 721 3382; x_wconf 87' lang='lat' dir='ltr'><strong>ecdem</strong></span> <span class='ocrx_word' id='word_1_239' title='bbox 739 3319 773 3380; x_wconf 87' lang='lat' dir='ltr'><strong>et</strong></span> <span class='ocrx_word' id='word_1_240' title='bbox 794 3314 828 3380; x_wconf 92' lang='lat' dir='ltr'><strong>in</strong></span> <span class='ocrx_word' id='word_1_241' title='bbox 847 3313 995 3400; x_wconf 87' lang='lat' dir='ltr'><strong>quolibet</strong></span> <span class='ocrx_word' id='word_1_242' title='bbox 1012 3313 1196 3380; x_wconf 89' lang='lat' dir='ltr'><strong>centesimo</strong></span> 
     </span>
     <span class='ocr_line' id='line_1_32' title="bbox 58 3409 1196 3501; baseline -0.004 -19"><span class='ocrx_word' id='word_1_243' title='bbox 58 3431 151 3482; x_wconf 91' lang='lat' dir='ltr'><strong>auno</strong></span> <span class='ocrx_word' id='word_1_244' title='bbox 183 3413 340 3501; x_wconf 87' lang='lat' dir='ltr'><strong>conplete</strong></span> <span class='ocrx_word' id='word_1_245' title='bbox 368 3409 569 3482; x_wconf 88' lang='lat' dir='ltr'><strong>accedentes</strong></span> <span class='ocrx_word' id='word_1_246' title='bbox 601 3428 704 3480; x_wconf 90' lang='lat' dir='ltr'><strong>causa</strong></span> <span class='ocrx_word' id='word_1_247' title='bbox 737 3409 933 3478; x_wconf 78' lang='lat' dir='ltr'><strong>devocionis</strong></span> <span class='ocrx_word' id='word_1_248' title='bbox 960 3409 1003 3480; x_wconf 92' lang='lat' dir='ltr'><strong>ad</strong></span> <span class='ocrx_word' id='word_1_249' title='bbox 1026 3409 1196 3497; x_wconf 90' lang='lat' dir='ltr'><strong>predictas</strong></span> 
     </span>
     <span class='ocr_line' id='line_1_33' title="bbox 58 3499 1196 3599; baseline -0.004 -20"><span class='ocrx_word' id='word_1_250' title='bbox 58 3512 218 3580; x_wconf 90' lang='lat' dir='ltr'><strong>basilicas</strong></span> <span class='ocrx_word' id='word_1_251' title='bbox 244 3529 324 3580; x_wconf 89' lang='lat' dir='ltr'><strong>vere</strong></span> <span class='ocrx_word' id='word_1_252' title='bbox 349 3511 539 3599; x_wconf 90' lang='lat' dir='ltr'><strong>penitentes</strong></span> <span class='ocrx_word' id='word_1_253' title='bbox 559 3513 593 3576; x_wconf 89' lang='lat' dir='ltr'><strong>et</strong></span> <span class='ocrx_word' id='word_1_254' title='bbox 615 3499 783 3576; x_wconf 66' lang='lat' dir='ltr'><strong>confessi⁴</strong></span> <span class='ocrx_word' id='word_1_255' title='bbox 806 3508 1034 3596; x_wconf 91' lang='lat' dir='ltr'><strong>plenissimam</strong></span> <span class='ocrx_word' id='word_1_256' title='bbox 1053 3509 1196 3576; x_wconf 91' lang='lat' dir='ltr'><strong>omnium</strong></span> 
     </span>
     <span class='ocr_line' id='line_1_34' title="bbox 59 3597 1195 3698; baseline -0.004 -19"><span class='ocrx_word' id='word_1_257' title='bbox 59 3629 194 3680; x_wconf 93' lang='lat' dir='ltr'><strong>suorum</strong></span> <span class='ocrx_word' id='word_1_258' title='bbox 219 3615 432 3698; x_wconf 88' lang='lat' dir='ltr'><strong>peccatorum</strong></span> <span class='ocrx_word' id='word_1_259' title='bbox 454 3607 586 3678; x_wconf 86' lang='lat' dir='ltr'><strong>veniam</strong></span> <span class='ocrx_word' id='word_1_260' title='bbox 613 3597 891 3696; x_wconf 84' lang='lat' dir='ltr'><strong>consequentur⁵,</strong></span> <span class='ocrx_word' id='word_1_261' title='bbox 910 3605 1118 3692; x_wconf 80' lang='lat' dir='ltr'><strong>iniungendo</strong></span> <span class='ocrx_word' id='word_1_262' title='bbox 1136 3623 1195 3694; x_wconf 93' lang='lat' dir='ltr'><strong>pro</strong></span> 
     </span>
     <span class='ocr_line' id='line_1_35' title="bbox 58 3704 1196 3797; baseline -0.005 -20"><span class='ocrx_word' id='word_1_263' title='bbox 58 3710 252 3797; x_wconf 89' lang='lat' dir='ltr'><strong>penitencia</strong></span> <span class='ocrx_word' id='word_1_264' title='bbox 278 3707 435 3776; x_wconf 90' lang='lat' dir='ltr'><strong>Romanis</strong></span> <span class='ocrx_word' id='word_1_265' title='bbox 462 3711 498 3774; x_wconf 92' lang='lat' dir='ltr'><strong>ut</strong></span> <span class='ocrx_word' id='word_1_266' title='bbox 515 3705 652 3791; x_wconf 83' lang='lat' dir='ltr'><strong>triginta</strong></span> <span class='ocrx_word' id='word_1_267' title='bbox 669 3705 787 3774; x_wconf 89' lang='lat' dir='ltr'><strong>diebus</strong></span> <span class='ocrx_word' id='word_1_268' title='bbox 806 3707 973 3774; x_wconf 91' lang='lat' dir='ltr'><strong>continuis</strong></span> <span class='ocrx_word' id='word_1_269' title='bbox 992 3706 1084 3794; x_wconf 88' lang='lat' dir='ltr'><strong>ipsas</strong></span> <span class='ocrx_word' id='word_1_270' title='bbox 1103 3704 1196 3772; x_wconf 88' lang='lat' dir='ltr'><strong>basl-</strong></span> 
     </span>
     <span class='ocr_line' id='line_1_36' title="bbox 58 3803 1197 3893; baseline -0.006 -17"><span class='ocrx_word' id='word_1_271' title='bbox 58 3809 144 3877; x_wconf 92' lang='lat' dir='ltr'><strong>licas</strong></span> <span class='ocrx_word' id='word_1_272' title='bbox 162 3807 205 3876; x_wconf 89' lang='lat' dir='ltr'><strong>ad</strong></span> <span class='ocrx_word' id='word_1_273' title='bbox 223 3809 330 3876; x_wconf 90' lang='lat' dir='ltr'><strong>minus</strong></span> <span class='ocrx_word' id='word_1_274' title='bbox 349 3803 453 3874; x_wconf 90' lang='lat' dir='ltr'><strong>semel</strong></span> <span class='ocrx_word' id='word_1_275' title='bbox 469 3805 503 3874; x_wconf 92' lang='lat' dir='ltr'><strong>in</strong></span> <span class='ocrx_word' id='word_1_276' title='bbox 522 3803 576 3872; x_wconf 91' lang='lat' dir='ltr'><strong>die</strong></span> <span class='ocrx_word' id='word_1_277' title='bbox 595 3803 775 3893; x_wconf 88' lang='lat' dir='ltr'><strong>accedant,</strong></span> <span class='ocrx_word' id='word_1_278' title='bbox 801 3803 990 3872; x_wconf 82' lang='lat' dir='ltr'><strong>forensibus</strong></span> <span class='ocrx_word' id='word_1_279' title='bbox 1011 3809 1120 3870; x_wconf 91' lang='lat' dir='ltr'><strong>autem</strong></span> <span class='ocrx_word' id='word_1_280' title='bbox 1137 3821 1197 3891; x_wconf 93' lang='lat' dir='ltr'><strong>per</strong></span> 
     </span>
     <span class='ocr_line' id='line_1_37' title="bbox 59 3901 1157 3993; baseline -0.007 -19"><span class='ocrx_word' id='word_1_281' title='bbox 59 3905 250 3993; x_wconf 88' lang='lat' dir='ltr'><strong>quindecim</strong></span> <span class='ocrx_word' id='word_1_282' title='bbox 268 3904 343 3974; x_wconf 90' lang='lat' dir='ltr'><strong>dies</strong></span> <span class='ocrx_word' id='word_1_283' title='bbox 357 3903 534 3972; x_wconf 90' lang='lat' dir='ltr'><strong>continuos</strong></span> <span class='ocrx_word' id='word_1_284' title='bbox 554 3903 651 3970; x_wconf 89' lang='lat' dir='ltr'><strong>simili</strong></span> <span class='ocrx_word' id='word_1_285' title='bbox 668 3901 768 3972; x_wconf 91' lang='lat' dir='ltr'><strong>modo</strong></span> <span class='ocrx_word' id='word_1_286' title='bbox 786 3904 821 3970; x_wconf 92' lang='lat' dir='ltr'><strong>in</strong></span> <span class='ocrx_word' id='word_1_287' title='bbox 838 3903 1028 3990; x_wconf 88' lang='lat' dir='ltr'><strong>penitencie</strong></span> <span class='ocrx_word' id='word_1_288' title='bbox 1045 3901 1157 3969; x_wconf 90' lang='lat' dir='ltr'><strong>forma.</strong></span> 
     </span>
    </p>

    <p class='ocr_par' dir='ltr' id='par_1_7' title="bbox 133 3998 1195 4088">
     <span class='ocr_line' id='line_1_38' title="bbox 133 3998 1195 4088; baseline -0.006 -16"><span class='ocrx_word' id='word_1_289' title='bbox 133 4003 260 4073; x_wconf 86' lang='lat' dir='ltr'><strong>llodem</strong></span> <span class='ocrx_word' id='word_1_290' title='bbox 284 4019 374 4072; x_wconf 91' lang='lat' dir='ltr'><strong>anno</strong></span> <span class='ocrx_word' id='word_1_291' title='bbox 405 4002 506 4070; x_wconf 89' lang='lat' dir='ltr'><strong>inoliti</strong></span> <span class='ocrx_word' id='word_1_292' title='bbox 534 4000 639 4071; x_wconf 88' lang='lat' dir='ltr'><strong>duces</strong></span> <span class='ocrx_word' id='word_1_293' title='bbox 664 4001 818 4070; x_wconf 87' lang='lat' dir='ltr'><strong>Bawarie</strong></span> <span class='ocrx_word' id='word_1_294' title='bbox 843 3998 922 4070; x_wconf 89' lang='lat' dir='ltr'><strong>Otto</strong></span> <span class='ocrx_word' id='word_1_295' title='bbox 947 4007 981 4068; x_wconf 89' lang='lat' dir='ltr'><strong>et</strong></span> <span class='ocrx_word' id='word_1_296' title='bbox 1005 3999 1195 4088; x_wconf 90' lang='lat' dir='ltr'><strong>Stephanus</strong></span> 
     </span>
    </p>
   </div>
   <div class='ocr_carea' id='block_1_3' title="bbox 54 4169 1195 4384">
    <p class='ocr_par' dir='ltr' id='par_1_8' title="bbox 54 4169 1195 4384">
     <span class='ocr_line' id='line_1_39' title="bbox 92 4169 1195 4239; baseline -0.006 -8"><span class='ocrx_word' id='word_1_297' title='bbox 92 4179 123 4238; x_wconf 84' lang='lat' dir='ltr'><strong>f)</strong></span> <span class='ocrx_word' id='word_1_298' title='bbox 141 4175 265 4230; x_wconf 84' lang='lat' dir='ltr'><strong>wbrtlieh</strong></span> <span class='ocrx_word' id='word_1_299' title='bbox 283 4177 336 4230; x_wconf 76' lang='lat' dir='ltr'><strong>nie</strong></span> <span class='ocrx_word' id='word_1_300' title='bbox 356 4173 399 4228; x_wconf 87' lang='lat' dir='ltr'><strong>bei</strong></span> <span class='ocrx_word' id='word_1_301' title='bbox 416 4171 554 4228; x_wconf 80' lang='lat' dir='ltr'><strong>Eberhard</strong></span> <span class='ocrx_word' id='word_1_302' title='bbox 580 4173 681 4228; x_wconf 88' lang='lat' dir='ltr'><strong>vnrher</strong></span> <span class='ocrx_word' id='word_1_303' title='bbox 703 4175 772 4226; x_wconf 88' lang='lat' dir='ltr'><strong>seite</strong></span> <span class='ocrx_word' id='word_1_304' title='bbox 790 4175 848 4228; x_wconf 74' lang='lat' dir='ltr'><strong>dte.</strong></span> <span class='ocrx_word' id='word_1_305' title='bbox 888 4175 920 4239; x_wconf 83' lang='lat'><strong>2)</strong></span> <span class='ocrx_word' id='word_1_306' title='bbox 939 4171 1062 4226; x_wconf 84' lang='lat' dir='ltr'><strong>wbrtlieh</strong></span> <span class='ocrx_word' id='word_1_307' title='bbox 1080 4173 1133 4224; x_wconf 87' lang='lat' dir='ltr'><strong>wie</strong></span> <span class='ocrx_word' id='word_1_308' title='bbox 1151 4169 1195 4224; x_wconf 84' lang='lat' dir='ltr'><strong>bei</strong></span> 
     </span>
     <span class='ocr_line' id='line_1_40' title="bbox 55 4239 1193 4306; baseline -0.008 -6"><span class='ocrx_word' id='word_1_309' title='bbox 55 4243 197 4300; x_wconf 86' lang='lat' dir='ltr'><strong>Eberhard</strong></span> <span class='ocrx_word' id='word_1_310' title='bbox 214 4241 317 4297; x_wconf 86' lang='lat' dir='ltr'><strong>vorher</strong></span> <span class='ocrx_word' id='word_1_311' title='bbox 334 4244 469 4298; x_wconf 76' lang='lat' dir='ltr'><strong>seiteblb.</strong></span> <span class='ocrx_word' id='word_1_312' title='bbox 488 4243 519 4306; x_wconf 82' lang='lat'><strong>3)</strong></span> <span class='ocrx_word' id='word_1_313' title='bbox 537 4240 662 4294; x_wconf 83' lang='lat' dir='ltr'><strong>wdrtlich</strong></span> <span class='ocrx_word' id='word_1_314' title='bbox 679 4241 733 4294; x_wconf 83' lang='lat' dir='ltr'><strong>wie</strong></span> <span class='ocrx_word' id='word_1_315' title='bbox 746 4239 933 4295; x_wconf 86' lang='lat' dir='ltr'><strong>beiEberlrerd</strong></span> <span class='ocrx_word' id='word_1_316' title='bbox 948 4241 1049 4294; x_wconf 86' lang='lat' dir='ltr'><strong>vorher</strong></span> <span class='ocrx_word' id='word_1_317' title='bbox 1060 4241 1193 4293; x_wconf 76' lang='lat' dir='ltr'><strong>seitebd&#39;l.</strong></span> 
     </span>
     <span class='ocr_line' id='line_1_41' title="bbox 54 4307 1029 4384; baseline -0.004 -16"><span class='ocrx_word' id='word_1_318' title='bbox 54 4319 87 4380; x_wconf 77' lang='lat' dir='ltr'><strong>h)</strong></span> <span class='ocrx_word' id='word_1_319' title='bbox 108 4311 292 4384; x_wconf 85' lang='lat' dir='ltr'><strong>penitentibus</strong></span> <span class='ocrx_word' id='word_1_320' title='bbox 311 4317 337 4364; x_wconf 88' lang='lat' dir='ltr'><strong>et</strong></span> <span class='ocrx_word' id='word_1_321' title='bbox 355 4308 494 4364; x_wconf 82' lang='lat' dir='ltr'><strong>confessis.</strong></span> <span class='ocrx_word' id='word_1_322' title='bbox 514 4307 615 4364; x_wconf 81' lang='lat' dir='ltr'><strong>Rauelr.</strong></span> <span class='ocrx_word' id='word_1_323' title='bbox 652 4311 683 4376; x_wconf 83' lang='lat'><strong>5)</strong></span> <span class='ocrx_word' id='word_1_324' title='bbox 703 4316 907 4380; x_wconf 83' lang='lat' dir='ltr'><strong>consequenter.</strong></span> <span class='ocrx_word' id='word_1_325' title='bbox 925 4307 1029 4364; x_wconf 80' lang='lat' dir='ltr'><strong>Rauola.</strong></span> 
     </span>
    </p>
   </div>
   <div class='ocr_carea' id='block_1_4' title="bbox 0 0 1480 4836">
    <p class='ocr_par' dir='ltr' id='par_1_9' title="bbox 0 0 1480 4836">
     <span class='ocr_line' id='line_1_42' title="bbox 0 0 1480 4836; baseline 0 0"><span class='ocrx_word' id='word_1_326' title='bbox 0 0 1480 4836; x_wconf 95' lang='lat' dir='ltr'><strong> </strong></span> 
     </span>
    </p>
   </div>
  </div>
 </body>
</html>
