2916 4834
299 228 343 294 10
673 255 804 302 aurnuns
826 255 1052 304 couurnuuors.

216 393 506 482 rarrpmlibeme.
559 397 739 482 Gregorius
756 411 845 482 papa
862 389 1079 464 duodecimus
1097 395 1180 463 obiit
1191 394 1273 464 inira
1286 403 1402 468 ootaras
1436 380 1437 468 l

294 492 483 580 epiphanie.
508 495 620 563 Frater
634 494 751 562 Petrus
768 491 810 560 de
830 493 1025 561 Tarantasia
1043 492 1170 562 ordinis
1187 493 1403 566 Predioatorum

293 590 567 680 archiepiscopus
583 590 822 678 Lugdunensis
847 593 882 658 in
903 609 1024 680 papam
1042 592 1195 681 eligitur,
1214 592 1403 662 lnnooentius

294 688 413 768 dietus
430 688 558 776 Regina
572 693 664 777 ragis
680 689 810 758 Rudolfi
824 688 924 758 lilium
944 691 1072 779 peperit
1088 691 1275 774 elegantem
1286 692 1319 758 in
1335 690 1402 759 llin-

294 785 408 856 lelden
425 787 514 858 leste
529 789 696 858 Valentini
712 785 795 880 [leb.
815 784 878 878 lb]
888 810 898 875 3
923 789 976 856 bio
991 789 1094 858 breve
1115 795 1247 878 tempus
1265 791 1348 858 uiuit.
1375 790 1403 858 ln

295 885 387 954 Sultz
403 904 508 976 prope
525 886 715 957 llubeaoum
732 886 894 955 decoetus
911 885 972 955 luit
991 889 1202 977 monetarius,
1224 905 1336 956 servus
1353 887 1406 956 do·
1437 911 1438 964 ÷

294 985 373 1052 mini
401 984 544 1054 loannis
576 985 619 1054 de
652 985 844 1072 Jungboltz.
902 983 974 1053 Rex
1007 986 1143 1055 obsedit
1180 985 1342 1055 dominum
1374 985 1406 1054 da

293 1083 528 1152 Fleolrenstein
548 1103 608 1172 pro
631 1083 778 1173 eoquod
795 1085 1139 1174 oeperatepisoopum
1158 1084 1344 1173 Spirensem
1358 1103 1405 1172 pru

294 1183 436 1270 peounia
451 1201 549 1270 quam
559 1202 621 1272 pro
635 1183 799 1252 adiutorio
814 1185 1028 1270 promiserat;
1039 1183 1193 1253 dominus
1206 1181 1407 1252 delilealmn-

294 1281 382 1348 stein
401 1298 439 1349 se
456 1287 490 1350 et
507 1301 568 1350 sua
586 1284 619 1350 in
639 1286 729 1368 regis
747 1281 883 1350 tradidit
902 1288 1115 1370 potestatem.
1142 1281 1283 1350 Carolus
1299 1280 1408 1349 liudolfi
1438 1327 1439 1358 1

293 1379 384 1464 regis
395 1378 491 1470 lilius,
508 1387 606 1450 natus
626 1379 713 1449 sesto
720 1380 889 1449 Valentini
906 1381 971 1449 hoo
987 1398 1088 1470 anno,
1099 1380 1251 1468 sepultus
1268 1381 1302 1448 in
1318 1378 1408 1447 medio

294 1476 386 1545 ebori
407 1479 541 1546 maioris
568 1480 711 1548 eoelesie
735 1479 947 1566 Basiliensis3
978 1485 1011 1547 et
1030 1479 1250 1547 interfuerunt
1276 1479 1409 1565 exequiis

294 1577 367 1644 eius
386 1593 503 1645 omnes
522 1577 672 1664 religiosi
690 1586 723 1646 et
740 1578 874 1667 aleriei,
901 1579 1045 1646 minores
1065 1579 1254 1666 pariterque
1274 1577 1409 1665 maiores,

293 1673 415 1742 milites
427 1676 590 1766 universi,
616 1684 649 1745 et
669 1695 712 1745 ex
732 1676 860 1746 civibus
876 1675 1123 1745 honestioribus
1142 1676 1244 1765 multi,
1273 1675 1409 1742 moderes

293 1772 405 1863 multe,
431 1779 466 1842 at
482 1776 598 1861 regina
618 1792 690 1843 eum
709 1775 859 1863 pluribus
876 1774 1083 1844 dominabus.
1118 1775 1191 1842 Fuit
1216 1780 1251 1842 ot
1276 1772 1411 1841 feretran
1439 1767 1440 1806 ³

294 1877 487 1959 ooopertum
509 1873 613 1942 nobili
635 1873 767 1943 baldioo
794 1873 886 1962 quod
902 1873 1047 1942 eoelesie
1067 1873 1283 1960 reliquerunt
1317 1872 1411 1940 Frater

293 1969 482 2060 Euandre,
508 1971 675 2059 quondam
699 1973 913 2062 provincialis
932 1972 1095 2041 Teutonie
1117 1971 1375 2059 Predioatorun‚
1398 1989 1411 2037 a

294 2085 375 2155 rege
400 2067 542 2138 liudolfo
570 2072 704 2139 mittitur
735 2071 778 2140 ad
807 2073 930 2139 auriam
958 2070 1003 2138 ad
1026 2071 1161 2140 ooorrlta
1186 2070 1326 2156 negotia
1345 2086 1412 2157 per-

294 2167 474 2236 tractanda
511 2167 640 2256 Regina
664 2169 745 2238 ieoit
766 2168 887 2238 adduoi
913 2170 948 2237 in
969 2169 1099 2238 hortum
1124 2167 1366 2239 Predioatomm
1386 2168 1412 2233 in
1440 2221 1441 2242 1

294 2265 427 2334 Basilaa
444 2284 582 2355 poroum
602 2269 793 2358 spinosum,
820 2274 857 2336 ut
879 2267 1029 2336 viderent
1053 2268 1148 2336 ineo
1169 2267 1224 2335 dei
1240 2265 1410 2334 mirabilem

294 2369 486 2432 ereaturam.
522 2365 629 2434 Pridie
648 2367 712 2436 lral.
729 2367 809 2435 iunii
828 2363 910 2459 [mai
928 2363 992 2457 31]
1020 2383 1133 2435 eomes
1150 2364 1363 2434 Tlreobaldas
1381 2362 1412 2430 de

293 2462 441 2532 l’hirrato
462 2462 541 2531 lenit
564 2466 686 2532 auriam
709 2483 881 2556 magnam,
910 2467 962 2533 oui
987 2463 1143 2534 interluit.
1160 2482 1219 2533 rex
1242 2472 1278 2532 et
1300 2464 1412 2548 regina,

294 2560 362 2630 dux
375 2561 569 2648 lotaringia
582 2571 617 2631 et
633 2564 754 2633 milites
771 2564 872 2632 multi.
905 2565 1056 2652 Septimo
1078 2581 1185 2632 nonas
1210 2563 1293 2643 iunii
1310 2559 1412 2649 predi·
1441 2611 1442 2646 ζ

294 2661 381 2730 eavit
406 2660 507 2729 irater
520 2662 732 2731 Eberhardus
753 2663 879 2732 ordinis
900 2662 1147 2731 Predioatorum
1168 2663 1203 2729 in
1222 2661 1371 2748 Basilea,
1388 2665 1414 2724 et

293 2765 493 2848 reeuperunt
516 2760 558 2829 ab
581 2779 622 2831 eo
641 2761 683 2830 ad
701 2767 814 2849 partes
836 2763 1070 2830 transmarinas
1093 2760 1183 2828 multi
1208 2777 1339 2827 oraoem
1359 2756 1414 2825 do-

293 2859 371 2926 mini
393 2858 585 2944 gloriosam.
626 2857 697 2927 lien
720 2859 882 2929 Rudollus
911 2859 954 2927 ad
978 2859 1155 2948 capitulum
1182 2857 1414 2926 Predioatorum

292 2956 378 3024 Pisis
397 2956 598 3024 celebratum
617 2958 707 3025 misit
721 2959 854 3044 triginta
876 2973 1018 3026 mareas.
1045 2956 1193 3024 Minores
1207 2957 1342 3024 Basilee
1363 2973 1415 3021 oa·

291 3053 429 3142 pitulum
446 3053 658 3123 eelebrabant
679 3063 713 3124 et
729 3059 846 3143 regina
865 3056 982 3125 decem
1000 3072 1128 3124 mareas
1147 3056 1195 3122 eis
1211 3073 1272 3142 pro
1289 3053 1414 3122 servitio

292 3151 497 3220 ministravit.
524 3152 562 3220 ln
583 3151 670 3223 sesto
687 3155 851 3224 Dominioi
878 3152 972 3246 [aug.
992 3150 1033 3244 lt]
1057 3154 1245 3242 preparavit
1263 3149 1415 3222 Rudollus

292 3247 351 3319 'rex
365 3249 612 3340 expeditionem
631 3270 724 3322 suam
741 3260 856 3324 eontra
870 3269 985 3339 regem
999 3252 1231 3321 bohemorum.
1257 3249 1415 3319 Adrianus

291 3367 379 3438 papa
404 3350 556 3437 moritur;
585 3349 759 3420 Johannes
780 3370 869 3440 papa
895 3353 1037 3438 eligitur.
1073 3349 1171 3418 Nono
1192 3349 1256 3417 lral.
1280 3349 1416 3418 octobris

292 3447 374 3516 obiit
388 3447 601 3518 advocatissa
623 3447 762 3540 Alsatie‚
784 3451 850 3519 lilia
869 3451 997 3519 eomitis
1016 3448 1244 3538 Pbirretarum,
1263 3449 1298 3516 in
1316 3453 1416 3515 eastra

292 3547 484 3638 Plixeberg‚
518 3565 602 3617 uxor
631 3547 774 3618 Conradi
800 3548 997 3638 Wernberi,
1036 3546 1168 3635 sepulta
1193 3548 1228 3614 in
1256 3544 1416 3615 oemlterio

294 3647 402 3714 sanati
418 3645 581 3716 lobannis
605 3648 668 3715 sub
682 3648 766 3716 Tilia
787 3649 823 3716 in
836 3646 1056 3716 Columbaria.
1083 3645 1342 3732 Deoimoqrrinto
1360 3641 1415 3710 lral.

293 3743 440 3812 ootobris
460 3741 562 3836 [sept.
582 3743 645 3836 17]
672 3748 852 3835 episeopus
873 3745 1068 3814 basiliensis
1090 3745 1182 3812 venit
1211 3743 1358 3812 inirrmus
1380 3739 1416 3808 de

292 3842 385 3909 ouria
404 3839 551 3912 Romana
564 3851 597 3911 et
612 3843 655 3913 de
676 3843 798 3914 familia
818 3862 881 3913 sua
900 3861 1022 3914 novem
1040 3843 1218 3932 perierunt.
1236 3842 1416 3931 Episoopus

292 3940 487 4009 basiliensis
516 3943 661 4010 visitavit
680 3945 862 4012 eanonicus
891 3943 997 4011 sanati
1022 3939 1212 4010 Leonbardi
1237 3939 1280 4008 de
1309 3937 1418 4025 regula

292 4039 399 4106 saneti
425 4035 626 4127 Augustini,
650 4047 683 4108 et
711 4059 811 4109 unum
832 4060 874 4109 en
897 4042 946 4108 ais
969 4057 1072 4108 eausa
1092 4039 1309 4107 oorreolionis
1336 4035 1417 4104 misit

292 4135 335 4204 ad
350 4137 585 4205 monasterium
604 4138 838 4228 lnterlaoense‚
853 4139 1036 4208 seeundum
1051 4135 1094 4205 ad
1108 4139 1342 4205 monasterium
1356 4135 1416 4201 Pa-

293 4235 450 4324 risiense‚
473 4237 601 4304 tertium
624 4253 705 4306 uero
723 4237 855 4326 Bellen,
876 4243 1027 4324 quartum
1046 4236 1131 4306 misit
1151 4232 1368 4322 Argentinam
1382 4228 1419 4298 ad
