2888 4824
451 188 489 233 nx
509 187 638 234 ronnune
660 186 697 230 or
718 188 801 233 suun.
1115 161 1187 231 tte

125 325 256 408 Quibus
279 327 326 394 ita
352 324 545 404 solemniter
569 323 776 416 adimpletis,
794 341 903 394 novus
923 329 995 418 tyro
1013 335 1093 417 post
1111 328 1188 397 dic-

55 435 118 495 tam
135 424 273 496 missam
292 443 365 492 cum
384 423 599 492 stridentibus
617 425 779 515 buccinis,
797 427 1084 514 perstrepentibus
1099 435 1188 516 tym-

53 527 169 616 panis,
190 531 225 594 et
242 523 458 592 tinnientibus
476 522 649 612 cymbulis,
668 529 784 592 contra
804 524 904 592 filium
920 527 1010 612 regis
1029 525 1188 596 bohemie

55 626 155 693 tribus
181 624 312 692 vicibus
337 623 501 690 commisit
526 621 757 712 hastiludium‚
783 628 816 690 ct
834 623 954 692 exinde
972 643 1045 693 eum
1065 627 1188 712 gladiis

53 723 271 792 eminentibus
301 720 489 790 dimicando
515 722 713 808 tyrocinium
745 722 906 810 explevit,
938 723 1188 814 celebravitque

55 822 240 908 magnificis
267 821 426 908 expensis
454 820 638 890 triduanam
663 821 803 909 curiam,
832 837 872 888 ac
902 819 1000 890 donis
1025 823 1188 910 largissnis

56 923 185 990 cunctis
205 921 417 1006 magnatibus
436 938 530 988 snam
548 918 771 988 manifestavit
791 920 1089 996 honorificentiam.

126 1019 199 1088 Sed
226 1027 261 1088 et
286 1019 440 1088 dominns
463 1019 581 1086 Petrus
607 1017 785 1086 cardinalis
809 1021 940 1087 interim
966 1039 1097 1090 ornnem
1120 1039 1188 1090 rom
1275 1007 1277 1011 ’

55 1125 183 1206 gestam
202 1137 263 1206 per
282 1117 439 1186 festinum
462 1119 611 1186 nuntium
628 1117 809 1186 literatorie
832 1121 1034 1207 conscripsit
1050 1119 1187 1189 domino

56 1217 263 1307 apostolico.
289 1217 330 1284 Et
347 1217 500 1285 dominus
515 1235 603 1304 papa
618 1216 790 1304 plurimum
805 1218 945 1303 gavisus
961 1237 1003 1286 cx
1019 1219 1083 1287 bac
1099 1217 1187 1288 sarna

55 1317 280 1406 dispensatori
297 1334 359 1384 suo
378 1321 527 1384 tenorem
542 1316 780 1404 subsequentis
799 1317 943 1404 epistole
962 1317 1161 1386 destinavit:

123 1417 344 1484 Innocentius
378 1417 578 1504 episcopus,
611 1431 730 1483 servus
766 1433 937 1483 sorvonnn
964 1416 1037 1506 dei,
1067 1419 1187 1486 rectori

57 1520 166 1584 sancte
192 1515 299 1582 Mario
324 1514 359 1581 in
378 1513 555 1582 Cosmcdin
580 1515 720 1582 salutem
739 1520 772 1581 et
788 1515 1008 1602 apostolicam
1025 1515 1188 1584 benedie-

58 1616 185 1682 tionem.
213 1612 378 1682 Confitere
404 1613 578 1682 nobiscnm
598 1613 660 1702 ili,
686 1613 742 1700 qui
766 1619 923 1701 tauquam
943 1614 1088 1682 vividum
1109 1631 1187 1682 cor-

57 1715 140 1800 poris
167 1711 348 1781 membrum
376 1714 498 1780 sentire
523 1713 613 1780 nosti
639 1729 713 1779 curn
737 1713 857 1800 capite.
882 1712 987 1782 Nobis
1006 1715 1107 1800 igitur
1130 1713 1187 1782 tibi

59 1811 200 1881 incunda
220 1811 454 1902 scribentibus,
472 1809 637 1880 iucundus
652 1827 815 1901 agnosce,
834 1811 925 1899 qnod
944 1813 1061 1899 quinto
1079 1831 1187 1881 nouas

59 1911 199 1980 octobris
215 1913 248 1980 in
264 1911 353 1978 cuna
369 1911 462 1978 iuxta
478 1910 651 1978 Coloniam
664 1911 857 1980 solemniter
872 1918 1090 2000 congregata,
1105 1912 1188 1980 cba-

60 2012 203 2078 rissimus
221 2011 256 2077 in
276 2007 408 2076 Christo
427 2009 513 2077 srlr'us
531 2017 646 2078 noster
665 2009 861 2077 Wllhelmus
881 2027 995 2078 comes
1009 2010 1187 2080 Hellandie

61 2111 218 2178 conmuni
236 2113 315 2176 voto
333 2109 527 2198 principum,
547 2109 650 2195 quiin
666 2109 831 2176 electione
847 2110 975 2176 cesaris
991 2111 1044 2178 ius
1063 2109 1187 2178 babere

61 2215 258 2296 rossontus,
282 2208 316 2274 in
335 2205 516 2274 Romanum
542 2225 654 2293 regem
678 2209 798 2275 ceteris
820 2204 1025 2296 principibus
1045 2209 1187 2297 applau-

62 2305 210 2376 dentibus
235 2311 288 2374 est
305 2306 453 2396 electus,
473 2308 559 2374 sicot
580 2324 639 2394 per
653 2307 768 2374 literas
782 2308 874 2393 regis
895 2307 1064 2397 eiusdem,
1082 2314 1116 2374 et
1129 2307 1186 2374 dl-

60 2404 128 2472 lcoti
154 2407 210 2474 lilii
237 2407 341 2473 nostri
359 2406 444 2472 Petri
468 2406 576 2473 sancti
594 2405 728 2491 Georgii
753 2405 795 2474 ad
814 2406 932 2474 Volum
959 2424 1094 2474 aureum
1112 2405 1187 2474 dia-

63 2506 130 2572 coni
147 2504 325 2573 cardinalis
339 2504 437 2572 nobis
454 2505 603 2572 constitit
620 2503 804 2572 manifesto.
822 2505 923 2573 Porro
937 2509 972 2572 ut
985 2523 1086 2594 super
1098 2521 1187 2590 gao-

63 2602 140 2671 dium
174 2603 268 2691 quod
298 2601 340 2670 de
366 2621 528 2691 prospero
555 2610 656 2690 gesto
682 2605 822 2690 negotio
844 2610 897 2671 est
921 2603 1099 2693 agendum,
1126 2603 1184 2670 tibi

64 2703 151 2770 ctiam
180 2703 223 2771 dc
249 2719 395 2790 persona
419 2703 515 2770 electi
544 2702 727 2770 cumuletur
751 2720 873 2770 novum
896 2701 1071 2792 gaudium,
1097 2699 1186 2770 idem

63 2819 131 2890 reu,
148 2803 238 2870 sicut
256 2800 375 2868 eodem
395 2800 564 2869 cardinale
583 2800 746 2870 referente
764 2802 973 2890 percepimus
997 2807 1031 2869 et
1052 2799 1185 2889 publica

64 2897 140 2968 lama
160 2906 318 2990 testatur,
337 2905 389 2968 est
404 2899 514 2968 fidelis
529 2900 729 2990 catholicus,
753 2901 864 2968 animo
879 2899 1047 2989 prudens,
1071 2901 1186 2967 militia

66 3004 231 3088 strenuus,
249 2999 389 3088 propriis
407 3004 530 3088 potens
548 3000 691 3088 viribus,
709 2999 884 3067 mullorum
898 2999 1081 3088 principum
1101 3017 1186 3067 oon-

66 3101 279 3184 sangutnitate
301 3104 334 3166 ct
352 3097 510 3166 affinitate
531 3116 720 3186 connexae,
739 3099 910 3166 inventute
934 3097 1100 3188 servidas,
1120 3117 1186 3166 err-

66 3199 215 3280 perientia
233 3197 440 3287 moderatus
459 3203 576 3282 gratus
595 3197 741 3266 moribus
750 3249 762 3286 ‚
787 3203 820 3264 et
845 3197 960 3286 specie
983 3198 1131 3285 eorporis
1151 3200 1186 3264 iu

67 3297 162 3364 oculis
186 3297 329 3365 omnium
347 3297 526 3382 gratiosus,
560 3295 771 3384 Quapropter
794 3313 967 3383 speramus
990 3298 1023 3363 iu
1045 3296 1187 3364 Domino

67 3401 95 3460 et
109 3396 212 3482 ipsius
227 3396 376 3484 potentia
394 3397 598 3484 maiestatis,
615 3393 706 3482 quod
724 3394 787 3462 sub
802 3393 944 3482 pedibus
963 3392 1114 3461 eiusdem
1131 3411 1186 3461 re-

69 3495 114 3578 gis
129 3501 339 3582 persecutore
359 3494 487 3562 calcato
507 3495 690 3582 velociter7
706 3498 739 3560 et
753 3493 1003 3578 malignantium
1022 3492 1188 3580 capitibus

69 3595 290 3681 conquassatis
301 3645 313 3682 ‚.
330 3593 414 3660 tides
433 3593 613 3680 catholica,
632 3611 698 3680 pax
716 3592 873 3680 ecclesie,
893 3591 1113 3679 tranquillitas
1126 3609 1186 3660 or-

69 3689 127 3779 bis,
149 3711 188 3761 ao
212 3692 356 3762 fidelium
378 3696 487 3760 status
511 3691 656 3760 debeant
679 3691 722 3758 ab
747 3691 973 3778 omnipotente
996 3707 1056 3778 per
1076 3691 1187 3778 ipsum

70 3793 231 3876 magnifico
257 3792 424 3880 reparari,
449 3809 526 3858 nam
554 3799 587 3860 et
616 3790 874 3858 innumerabiles
906 3795 1082 3886 magnates
1109 3789 1187 3858 hnic

72 3887 164 3959 electo
187 3893 339 3980 protinus
366 3907 427 3957 sua
459 3891 567 3978 capita
592 3888 819 3958 subdiderunt.
861 3887 931 3956 Hec
962 3906 1046 3974 crgo
1074 3887 1127 3956 dic
1152 3897 1186 3956 ot

71 3988 173 4060 manda
203 3988 355 4059 fidelibus
388 4005 475 4077 quos
507 3990 597 4057 nosti
623 3988 665 4056 de
697 3987 747 4055 bis
782 3986 967 4056 rumoribus
995 3988 1187 4074 gavisuros.

71 4081 172 4156 batum
189 4096 253 4159 etc.
793 4078 796 4085 ’

132 4188 257 4258 Interea
279 4207 355 4258 eum
375 4187 484 4257 adbuc
505 4187 632 4255 electus
657 4203 716 4254 rex
737 4186 772 4252 in
794 4185 1001 4253 eurrltatione
1025 4183 1185 4253 maderet

929 4292 988 4346 aa*
