2878 4834
417 269 610 322 cnrrsrmrcs
630 269 821 318 nocurrmus
1108 237 1178 306 265

1 442 2 490 γ
41 417 105 480 lom
123 417 160 480 et
175 411 241 480 alie
260 412 392 480 turrium
410 399 611 481 munitiones
637 409 880 480 sententialiter
905 406 1128 478 condemnata
1146 413 1180 476 et

42 511 211 580 destructa
231 510 376 580 funditus
395 517 429 580 et
446 529 582 600 eversa,
601 511 647 578 ita
665 517 701 578 ut
715 509 835 578 civitas
853 510 929 598 ipsa
946 507 1107 596 deinceps
1124 506 1179 575 lu-

42 611 91 698 pis
110 618 147 678 et
164 610 305 679 canibus
314 663 324 701 ,
351 609 478 680 iuribus
497 616 531 678 ct
548 610 733 678 latronibus
750 615 865 697 pateat
881 608 997 696 pervia
1007 659 1017 697 ,
1035 623 1100 674 ncc
1111 624 1180 674 un-

1 715 2 802 }
43 727 139 796 quam
167 709 383 778 reedificandi
408 710 531 778 babeat
547 708 756 794 lucullatcm;
783 709 922 796 insuper
939 712 973 774 et
990 705 1087 796 plebs
1105 706 1180 793 ipsa

42 808 203 896 perpetua
222 807 357 876 infamia
375 807 564 898 subiaceat,
584 808 686 876 totius
705 807 865 895 deinceps
884 821 1004 874 exsors
1023 806 1130 891 gretie
1147 810 1181 872 et

43 907 192 976 honoris,
218 905 395 976 Destruote
413 907 512 976 eliam
530 908 827 976 summonitiones
845 906 950 994 ipsius
974 903 1120 973 ecclesie
1146 905 1180 972 iu
1257 911 1261 920 '

44 1004 186 1074 diversis
204 1007 308 1096 locis,
328 1013 361 1074 et
378 1007 524 1076 ecclesia
542 1005 767 1094 multipliciter
784 1004 917 1073 aillicta.

111 1103 290 1172 Successit
305 1111 383 1194 post
399 1105 465 1175 boc
482 1106 637 1175 dominus
656 1102 846 1192 Comedus,
865 1104 1072 1191 imperatoris
1090 1119 1176 1170 oon·
1196 1118 1262 1176 lito

42 1204 266 1290 sanguineus,
292 1203 334 1272 da
360 1205 501 1274 Bavariu
528 1203 700 1272 oriundus.
734 1201 801 1272 Sed
827 1203 1003 1271 suscitavit
1020 1199 1176 1270 diabolus
1196 1188 1262 1312 “¹65

42 1303 122 1370 inter
139 1303 375 1390 imperatorem
393 1309 427 1372 et
450 1303 739 1392 archiepiscopum
756 1299 958 1371 immortales
977 1301 1177 1389 inimicitias,

44 1401 116 1488 puio
135 1409 212 1470 crat
236 1401 347 1471 adbuc
364 1403 486 1471 misera
504 1403 649 1472 ecclesia
671 1400 943 1489 Magantinensis
961 1399 1102 1489 amplius
1120 1415 1180 1467 ca-

45 1499 210 1586 stiganda.
246 1499 388 1570 Causam
413 1502 511 1574 buius
538 1499 705 1570 discordie
728 1501 866 1587 longum
892 1499 985 1568 osset
1015 1515 1179 1587 enarrare,

44 1597 116 1667 ideo
133 1601 361 1688 pretermilt03
380 1619 455 1669 num
474 1607 508 1670 et
524 1608 714 1691 presentem
732 1599 899 1668 materiam
920 1613 987 1668 non
1006 1597 1180 1684 contingit.

4 1758 5 1764 ,
43 1696 205 1768 Dominus
222 1699 336 1786 itaqua
355 1698 547 1791 Comedus,
572 1700 780 1788 imperatoris
799 1715 867 1766 non
885 1695 1013 1766 babens
1031 1698 1181 1786 gratiam,
1257 1761 1260 1765 .

45 1796 116 1864 exul
135 1803 174 1864 et
190 1796 354 1885 prolugus
368 1796 463 1888 sugit,
482 1797 729 1888 llomamvenit,
749 1797 861 1886 ibique
878 1798 1066 1886 imperatori
1085 1797 1181 1884 quic-

46 1894 120 1981 quid
137 1897 217 1963 mali
235 1901 367 1984 poterut
384 1896 564 1967 labricavit.
592 1898 681 1987 Papa
706 1915 767 1986 pro
793 1895 934 1984 quadarn
953 1913 1058 1964 causa
1074 1896 1182 1983 impe-

44 2001 184 2062 ratorem
202 1995 517 2088 excommunicavit,
543 2003 716 2085 ortumque
734 2003 788 2065 cst
807 2013 910 2082 grave
928 1993 1074 2064 schisma
1095 1995 1183 2061 inter

45 2093 223 2162 ecclesiam
241 2111 303 2163 scu
321 2096 442 2163 clemm
463 2102 497 2166 et
513 2097 697 2186 imperium.
729 2096 766 2163 ln
785 2095 836 2163 bis
855 2094 1009 2162 omnibus
1028 2092 1181 2160 dominus

47 2190 222 2262 Conradus
240 2192 301 2260 luit
318 2195 506 2283 imperatori
524 2195 738 2265 adversarius
756 2195 920 2283 capitalis.
948 2191 1005 2262 Sic
1022 2209 1104 2278 ergo
1118 2193 1183 2260 ile-

1 2321 2 2324 ¹
47 2309 111 2358 rum
131 2292 278 2360 ccclesia
296 2292 567 2379 Magunlinonsis
585 2295 689 2383 patris
708 2294 888 2382 spiritualis
907 2297 961 2362 cst
980 2291 1100 2360 solatio
1119 2290 1181 2360 dc·
1255 2281 1261 2308 '

46 2391 169 2458 stiluta.
187 2390 263 2460 Non
277 2396 346 2459 crat
361 2393 417 2480 qui
431 2393 572 2463 clericos
583 2395 616 2464 iu
626 2394 701 2482 ipsa
711 2393 840 2462 diocesi
851 2391 1028 2478 ordinaret,
1040 2390 1182 2460 chrisma

46 2497 276 2579 consecraret,
294 2492 485 2579 penitentes
504 2492 704 2582 admitteret,
723 2493 886 2561 moniales
904 2491 1047 2580 velaret,
1067 2490 1183 2577 capel-

48 2586 96 2655 lus
115 2593 150 2658 at
169 2589 335 2658 ccclesias
354 2598 577 2660 consecraret.
604 2589 676 2660 llcc
694 2592 804 2660 omnia
822 2591 909 2659 mala
922 2590 966 2659 cb
983 2589 1182 2657 venerabilis

47 2683 194 2756 Heinrici
220 2689 262 2757 ab
288 2689 484 2778 episcopatu
503 2692 720 2780 amotionem,
748 2691 844 2758 cuius
869 2707 970 2777 supra
992 2689 1182 2756 memoriam

47 2783 200 2877 lecimus,
218 2785 428 2875 pullulamnt.
455 2785 621 2858 Omisera
639 2790 782 2858 ccclesia
800 2787 1082 2875 maguntinensis,
1101 2785 1183 2874 quid

47 2886 195 2972 pateris?
229 2883 417 2972 Olugubrc
445 2894 479 2957 et
502 2903 646 2956 umamm
670 2887 845 2977 poculum,
870 2885 962 2975 quod
985 2886 1045 2954 tibi
1061 2886 1111 2954 ira
1128 2884 1183 2953 dai

47 2984 175 3052 miscuit
190 2985 234 3053 ud
252 2979 451 3074 putandumi

119 3081 247 3154 Videas
274 3084 428 3154 dominus
453 3081 640 3154 liriderious
667 3088 847 3176 imperator
874 3083 989 3155 durum
1013 3084 1076 3153 sibi
1100 3083 1182 3174 iore,

49 3185 80 3247 et
97 3187 212 3251 contra
230 3199 350 3272 papam
364 3189 397 3251 et
410 3183 698 3274 archiepiscopum
717 3191 884 3254 certamen
900 3201 1029 3274 gerere,
1048 3182 1183 3252 domino

50 3277 201 3350 Conrado
234 3281 461 3352 adversarium
497 3284 682 3353 suscitavit.
723 3284 869 3354 instituit
898 3301 980 3370 ergo
1014 3281 1182 3350 dominum

51 3376 282 3471 Christianum,
310 3397 372 3449 sue
395 3381 528 3468 quidam
558 3384 647 3452 curie
677 3383 930 3472 cancellarium,
957 3382 1034 3450 looc
1058 3380 1182 3448 domini

52 3475 189 3547 Conradi
207 3480 326 3549 Bavari
335 3531 344 3568 ‚
364 3481 466 3549 virum
483 3479 599 3568 utique
616 3483 695 3550 mire
713 3481 906 3570 prudentie,
936 3481 970 3548 in
988 3479 1087 3548 rebus
1106 3495 1181 3546 am-

51 3573 156 3660 biguis
182 3585 216 3646 et
242 3579 355 3648 arduis
375 3579 581 3656 subtilissimi
599 3580 731 3649 consilii
749 3587 782 3650 et
799 3579 1002 3649 velocissimi
1020 3577 1182 3646 invento-

51 3691 123 3741 rem.
140 3675 220 3744 Erat
234 3678 333 3746 etiarn
347 3679 397 3746 vir
414 3680 493 3748 mire
512 3681 669 3767 pallentia
688 3681 722 3748 in
741 3678 909 3766 adversis3
928 3677 1018 3746 uuila
1034 3678 1067 3744 in
1080 3693 1182 3766 pros-

53 3775 133 3858 peris
152 3776 309 3865 superbia
328 3776 567 3864 extollebatur;
585 3777 699 3846 vultus
717 3778 922 3864 benignitate
934 3775 1087 3845 omnibus
1102 3793 1182 3861 gra·

55 3872 166 3962 tiosos,
185 3881 218 3943 et
237 3876 321 3944 alias
339 3875 491 3945 honestis
507 3876 654 3945 moribus
673 3877 864 3946 edomatas.
880 3873 976 3944 Hunc
994 3891 1085 3966 crgo,
1105 3876 1183 3962 piria

55 3975 115 4038 tam
133 3973 435 4043 ecclesiasticarum
463 3993 560 4062 quam
586 3976 783 4044 secularium
801 3993 1016 4064 personarum
1036 3974 1182 4044 savorem

56 4073 207 4155 cognovit
224 4073 347 4142 babere
357 4125 366 4164 ‚
387 4075 557 4142 constituit
576 4075 771 4165 episcopum
788 4073 1092 4160 maguntinensem.
1110 4072 1182 4141 Du-

57 4173 133 4238 ravit
148 4172 213 4240 boc
231 4172 377 4242 schisma
395 4175 491 4242 annis
510 4173 706 4243 octodecim.
742 4173 890 4242 Tandem
909 4173 1063 4244 domiuus
1084 4173 1182 4240 Cbri-

57 4269 174 4339 stionus
202 4290 240 4340 sc
265 4273 484 4362 interponens
509 4273 593 4340 inter
618 4291 736 4363 papam
764 4279 797 4340 et
815 4275 1046 4362 imperatorem
1064 4271 1181 4340 ambos
