2888 4824
394 252 545 299 cuduinus
568 251 825 298 sltoettmctt'Sts.

0 389 178 475 nuptias
193 387 374 458 celebravit
388 389 455 458 lrlio
475 408 555 480 suo,
573 407 655 477 rege
676 389 818 459 Rudollo
840 399 1013 482 presente,
1036 399 1070 460 et
1086 394 1172 460 mul·
1192 413 1258 468 msa

1 487 60 552 tis
84 488 177 556 aliis
193 488 388 578 comitibuS,
408 488 450 556 de
467 490 621 558 Bouaria
642 487 826 558 Ludewico
844 497 878 558 et
892 487 1088 582 H[eimico]
1107 491 1176 564 lra-

2 583 165 668 tribus,
195 587 290 655 etde
314 588 423 656 Tirole
449 590 577 658 comite.
620 589 735 656 Statim
762 591 821 658 ivit
848 589 1052 676 Ezzelingen
1080 597 1176 660 stans

3 682 174 754 duabus
190 689 395 774 septimanis.
420 686 491 756 Rex
511 687 672 776 postridie
693 689 904 757 exaltationis
927 696 1045 758 sancte
1062 689 1175 758 Crucis

5 778 151 873 [sept.
170 783 233 876 15]
254 785 312 854 luit
330 787 419 854 Wile
435 789 567 854 civitate
585 794 619 856 et
634 793 744 856 castro
765 787 968 877 waldethe,
988 793 1021 856 et
1036 789 1176 856 circum-

5 882 134 950 dedit
158 883 192 952 id
212 887 361 954 exercitu
379 903 451 954 suo.
478 885 602 954 lbidem
626 888 660 954 in
677 892 788 955 monte
812 893 955 954 castrum
972 904 1176 964 novumco-

7 1000 102 1050 mes
121 981 287 1052 Albertus
306 985 391 1053 lecit.
417 984 547 1071 Regina
564 987 657 1054 venit
678 985 879 1074 Wimpinam
897 992 973 1054 ante
992 985 1075 1054 Galli
1092 981 1176 1074 [oct.

11 1079 114 1172 16].
159 1081 253 1152 Circa
279 1083 398 1152 festum
425 1084 558 1153 Martini
587 1081 682 1174 [nov.
711 1081 774 1176 ll]
808 1090 919 1153 castra
941 1085 1052 1153 omnia
1075 1084 1177 1153 Wal-

10 1179 152 1249 deche
180 1181 447 1252 destruebantur.
479 1181 599 1252 Comes
620 1182 775 1252 tilbertus
797 1189 831 1250 et
849 1201 962 1252 comes
989 1183 1176 1254 Fridericus

10 1279 62 1346 de
95 1281 244 1350 Zollere
268 1289 302 1350 et
329 1281 418 1350 lilius
443 1283 552 1350 iunior
569 1281 612 1350 do
627 1283 706 1350 villa
721 1289 838 1350 nostra
854 1281 1120 1371 Sindelphingen
1140 1285 1174 1352 in

12 1380 160 1466 vigilia
177 1379 307 1450 Nicolai
328 1378 417 1471 [dec.
434 1378 473 1472 5]
494 1401 514 1449 a
531 1381 628 1450 nobis
646 1387 868 1450 recesserunt.
882 1382 952 1450 lsto
966 1399 1054 1450 anno
1074 1401 1175 1470 quar-

13 1483 97 1545 tam
120 1491 256 1568 partem
273 1483 354 1550 muri
373 1482 516 1549 civitatis
536 1480 800 1568 Sindelphingen
826 1498 945 1550 versus
964 1481 1175 1569 Bobelingen

18 1580 315 1668 complevemnt3
334 1580 533 1648 inchoarunt
552 1587 629 1648 ante
650 1586 883 1668 pentecosten.

105 1679 336 1746 Meclxxxv.
354 1680 391 1747 ln
410 1679 638 1766 purificatione
654 1679 695 1746 de
718 1685 818 1748 nocte
832 1679 1035 1748 marscalcus
1057 1685 1174 1769 captus

18 1775 102 1844 luit.
126 1774 1175 1869 Etannodominlmcccxtundccimolml.iunii[mai22]anto

17 1883 190 1946 castrum
206 1877 419 1963 Wirtenberg
430 1896 501 1944 cum
516 1879 626 1946 multis
644 1878 716 1945 aliis
728 1871 884 1946 occisus.¹
902 1878 1019 1945 Totam
1030 1877 1174 1964 quadra-

18 1977 206 2061 gesimam
224 1978 309 2044 male
326 1976 435 2045 habui.
459 1977 495 2044 ln
511 1977 618 2058 hieme
635 1977 741 2045 boves
764 1977 854 2044 multi
870 1975 1096 2044 moriebantur
1114 1995 1175 2044 us-

20 2093 110 2160 que.
133 2075 279 2144 Decimo
293 2077 357 2144 kal.
374 2078 455 2144 iunii
472 2075 1174 2164 grandoSyndelphingedampnosaetpc-

20 2175 192 2242 stilentia
217 2174 305 2244 lacta
322 2176 420 2242 buum
440 2176 555 2244 etmel
574 2194 694 2243 earum.
709 2175 770 2243 Die
786 2175 997 2260 Margarethe
1016 2174 1089 2260 [iuli
1110 2171 1173 2265 13]

22 2275 132 2341 cives
156 2269 237 2363 [de]
257 2274 477 2342 Leminherolr
495 2276 583 2362 capti
602 2281 680 2342 sunt
697 2293 717 2343 a
735 2275 865 2342 civibus
884 2273 926 2341 de
948 2273 1149 2359 Griiningen.

104 2372 345 2442 Meclxxrvt
371 2373 478 2442 ldrdta
503 2372 646 2462 dampna
670 2379 747 2462 post
765 2373 942 2462 epiphanie
959 2372 1123 2440 incendiis
1142 2379 1176 2439 at

23 2473 167 2559 rupinis
189 2471 275 2540 lacta
294 2478 371 2540 sunt
386 2471 580 2541 Eberhardo
600 2471 711 2540 comiti
736 2471 777 2540 de
802 2471 1034 2540 Wirtenberch
1051 2473 1085 2538 in
1103 2489 1175 2540 om-

23 2572 139 2638 nibus
175 2570 273 2640 bonis
305 2573 386 2639 suis.
410 2571 480 2640 Rex
504 2569 666 2640 Rudollus
692 2571 745 2638 die
768 2571 906 2639 Fabiani
933 2576 966 2639 et
985 2570 1175 2638 Sebastiam
1204 2655 1206 2660 Ι

25 2667 121 2759 [ian.
144 2667 214 2760 20]
242 2673 365 2738 curiam
388 2669 593 2758 frequentem
619 2669 773 2757 Auguste
792 2670 983 2738 celebravit.
1011 2669 1104 2738 Tunc
1120 2670 1174 2736 in-

25 2769 195 2837 feodavit
212 2769 253 2837 de
271 2787 361 2838 novo
380 2771 532 2838 comitem
550 2769 592 2837 de
611 2770 722 2838 Tirole
741 2769 783 2838 de
802 2769 924 2837 ducatu
942 2768 1118 2836 Carintlde.
1137 2768 1174 2834 ln

24 2867 200 2936 cathedra
210 2868 296 2936 Petri
313 2865 395 2958 [leb.
408 2865 472 2960 22]
489 2887 547 2936 rex
556 2869 781 2936 reconciliavit
799 2870 832 2936 in
848 2867 1051 2953 Ezzelingen
1066 2867 1173 2936 Eber-

27 2967 182 3035 hardum
205 2969 357 3036 comitem
375 2971 408 3036 et
434 2984 515 3036 suos
540 2967 581 3035 da
602 2967 866 3056 Wirtenberche‚
882 2974 913 3034 et
934 2967 1084 3060 comitem
1109 2964 1173 3034 Al-

26 3067 168 3134 hertum
195 3072 229 3133 et
253 3067 392 3135 comites
417 3065 460 3134 de
484 3065 600 3134 Doche
627 3074 727 3154 atque
752 3084 865 3134 eorum
888 3066 1079 3153 complices.
1104 3063 1175 3132 Rex

29 3168 164 3234 curiam
193 3165 311 3233 indixit
336 3166 439 3234 Ulme.
468 3165 518 3232 lbi
543 3165 644 3233 multa
662 3164 834 3234 ordinavit.
860 3164 950 3234 ldem
971 3169 1049 3253 post
1065 3163 1174 3250 Egidil

29 3263 142 3354 [sept.
168 3261 207 3354 l]
227 3265 432 3350 Ezzelingcn
451 3281 469 3331 a
487 3263 660 3332 monachis
687 3270 719 3332 et
737 3264 866 3332 clericis
884 3281 1050 3332 annonam
1070 3269 1103 3330 et
1120 3265 1174 3331 vi-

29 3383 112 3432 nnm
134 3365 314 3450 expressit.
334 3363 532 3430 cimiterium
548 3355 811 3449 Nuu¹ertingen²
824 3362 1002 3430 obsessum
1021 3361 1087 3430 luit.
1107 3361 1174 3428 Sed

29 3461 201 3532 mandato
230 3463 320 3548 regis
339 3479 465 3546 ,omnes
495 3469 723 3548 recesserunt3
750 3462 806 3548 qui
830 3467 909 3548 post
939 3461 1174 3528 exaltationem

32 3563 158 3632 Crucis
189 3557 292 3651 [sept.
311 3561 374 3647 lc]
393 3560 427 3628 ld
446 3560 616 3628 destruxit.
643 3563 680 3630 ln
705 3561 849 3630 crastino
874 3560 1055 3626 nativitatis
1076 3557 1174 3626 beate

29 3661 188 3748 Virginis
210 3656 311 3756 [sept.
331 3657 370 3750 9]
390 3660 500 3728 villam
520 3660 610 3728 Wile
628 3661 661 3728 in
680 3659 855 3728 Scanbuch
873 3676 985 3726 comes
1004 3656 1173 3726 Eberhar-

31 3761 96 3830 dus
128 3759 279 3828 totaliter
305 3758 466 3827 destruxit
490 3758 532 3827 de
550 3758 774 3827 ertinberch
800 3757 908 3826 dictus
926 3756 1059 3846 Koohc,
1087 3761 1121 3824 ct
1139 3756 1173 3824 C.

32 3861 72 3930 de
95 3859 342 3944 Custertingen
369 3865 402 3926 et
426 3858 461 3926 C.
480 3857 521 3926 de
539 3858 706 3944 Dizingcn
729 3864 763 3926 et
779 3857 938 3925 balistarii
956 3861 990 3924 et
1007 3857 1094 3924 servi
1113 3873 1173 3924 co-

33 3961 123 4029 mitis
152 3956 196 4025 de
222 3957 487 4046 Helplrinsteine.
519 3958 600 4026 ltem
626 3975 686 4026 sex
710 3956 829 4024 domus
858 3962 891 4023 et
909 3955 1042 4045 horrea,
1061 3955 1174 4022 lenum

34 4068 64 4129 et
93 4073 266 4126 annonam
295 4075 334 4123 ao
359 4056 500 4144 speltum
525 4075 629 4124 meam
650 4063 682 4123 et
699 4055 736 4122 B.
755 4055 878 4124 filiastri
899 4060 932 4122 et
950 4053 985 4121 C.
1003 4055 1092 4123 servi
1111 4055 1173 4120 mei

35 4173 208 4228 annonam
237 4162 269 4224 et
293 4154 422 4244 lentim,
449 4162 482 4222 et
509 4157 615 4224 omnia
644 4155 797 4223 utensilia
822 4159 936 4222 nostra
960 4151 1122 4222 incendiis
1142 4158 1175 4219 et

67 4272 100 4336 l)
119 4265 156 4318 Et
173 4280 245 4318 anno
265 4293 295 4307 -·
314 4265 421 4318 occisus
440 4263 474 4317 ist
491 4269 613 4335 spaterer
630 4271 730 4318 zusatz.
768 4264 795 4334 2)
816 4263 974 4329 Nirrtingen.

923 4347 976 4398 30*
