2884 4834
278 151 349 220 170
653 178 779 224 annates
801 179 1040 226 woabnrrrrsss.

274 321 492 388 arcesserunt
512 315 555 385 ad
574 318 682 411 ipsura
698 317 809 404 aives,
826 317 924 386 valde
947 317 1123 404 diligenter
1148 332 1221 383 euni
1246 322 1395 400 rogantes

274 424 309 486 et
323 418 508 486 alleotuosa
519 417 727 504 insistentes,
744 417 821 503 quia
836 416 1016 486 eredebant
1033 417 1131 484 abeo
1151 413 1298 482 obtinere
1314 416 1395 502 quod

275 519 417 606 vellent,
448 525 485 585 ut
505 517 579 605 ipse
610 515 831 603 quadraginta
854 516 1014 584 eonsules
1038 513 1167 584 restitui
1193 513 1394 600 permitteret.

274 615 372 698 Quod
396 616 479 704 ipsis
505 615 614 683 diotrrs
644 613 796 682 dominus
820 616 1000 704 episeopus
1023 616 1166 685 totaliter
1197 609 1304 680 laoere
1330 614 1393 682 sive

273 717 459 805 permittere
485 715 622 800 negavit
630 765 639 803 ,
665 713 743 801 quia
766 731 834 782 non
855 719 987 802 poterat
1001 731 1065 782 nea
1083 710 1240 784 audebat.
1257 745 1259 748 ·
1279 707 1394 780 Audito

274 815 340 884 boe
357 815 449 882 aives
468 831 566 881 asaro
583 813 755 901 proposito
774 811 989 882 desistebant
1016 813 1058 881 Et
1073 813 1232 882 eontinuo
1248 827 1393 899 assump-

274 915 316 982 tis
335 919 369 981 et
386 913 546 981 restitutis
569 911 672 978 tribus
696 912 889 980 oonsulibus
911 913 966 1000 qui
985 911 1220 996 decesserant,
1245 927 1317 978 oum
1335 910 1393 976 illis

274 1012 462 1102 quindooirn
479 1012 621 1080 oonsilio
641 1010 841 1098 presidebat.
858 1012 900 1080 Et
917 1011 1066 1082 similiter
1078 1009 1258 1101 adimpleto
1270 1026 1394 1076 nrunero

273 1113 420 1202 illorum,
447 1110 595 1180 sedooinr
618 1109 801 1178 seeundum
827 1108 963 1179 sormam
988 1108 1248 1200 eenposieienis
1271 1106 1394 1176 iudiea-

273 1211 353 1280 bant
374 1215 408 1279 et
423 1211 547 1278 eivitali
560 1209 791 1298 providebant.

347 1309 424 1378 Suis
443 1310 548 1378 eoiarn
567 1309 769 1396 temporibus
789 1314 821 1376 et
833 1308 1002 1378 laboribus
1018 1307 1136 1376 olvitas
1151 1305 1392 1394 Wimpinensis,

272 1425 338 1496 que
356 1408 413 1477 diu
431 1427 450 1476 a
468 1413 569 1476 matre
589 1426 650 1477 sua
668 1409 813 1477 eoelesia
838 1407 1078 1477 Worrnaoiensi
1102 1403 1392 1492 obstrepebant,

272 1507 369 1576 rediit
392 1509 427 1575 in
453 1525 569 1576 rnanrrs
597 1514 630 1576 et
652 1513 853 1597 potestaten
882 1514 982 1594 atque
1007 1506 1263 1594 possessionem
1296 1505 1393 1590 ipsius

273 1607 425 1695 episcopi
443 1611 477 1674 et
494 1606 638 1674 eoelesie
656 1601 727 1676 sue.
744 1607 946 1676 Constiterat
957 1624 1032 1674 eum
1046 1605 1111 1676 boo
1126 1603 1293 1691 quandam
1311 1620 1393 1670 surn-

271 1724 356 1774 rnanr
374 1707 535 1796 penurie,
559 1705 715 1774 videlieet
738 1705 900 1776 ducentas
926 1722 1053 1772 rnareas
1079 1703 1224 1792 argenti,
1249 1718 1310 1790 pro
1328 1703 1393 1788 qui-

272 1805 334 1873 bus
353 1806 425 1894 ipse
443 1805 533 1874 bona
550 1804 693 1892 quadarn
710 1805 853 1874 eoelesie
872 1803 1049 1892 obligavit,
1068 1803 1151 1870 alias
1170 1817 1339 1890 expensas
1357 1799 1392 1868 de

272 1905 343 1973 suis
370 1905 508 1992 aooepit.
534 1904 691 1990 Migravit
713 1905 826 1992 itaque
852 1904 893 1972 ab
918 1903 982 1972 boo
1008 1903 1124 1970 seoulo
1142 1899 1230 1968 idern
1249 1899 1392 1968 dominus

270 2003 453 2072 Riebardus
472 2004 654 2092 episeopus
678 2005 767 2072 anno
785 2003 909 2072 donini
926 2001 1093 2070 rn.oo.l.vii.
1111 2002 1145 2068 in
1163 2000 1279 2085 vigilia
1297 1998 1392 2066 saneti

270 2102 406 2172 Arrdree
425 2102 570 2191 apostoli
586 2097 680 2191 [nov.
692 2100 757 2194 29]
778 2109 811 2170 et
829 2102 979 2190 sepultus
998 2106 1050 2168 est
1068 2105 1146 2168 anto
1164 2100 1267 2168 altare
1287 2103 1393 2165 saneto

271 2203 377 2270 oruois
395 2203 429 2270 in
448 2201 591 2270 eeclesia
607 2202 732 2268 maiori.

343 2301 423 2368 Post
441 2301 566 2370 obiturn
590 2299 714 2368 donini
731 2299 883 2368 Richardi
901 2299 1051 2388 episeopi
1070 2299 1230 2368 eontinuo
1249 2294 1392 2364 doninus

269 2397 480 2468 Eherbardus
506 2399 593 2487 prior
619 2399 745 2468 electus
772 2400 903 2467 intravit
921 2399 1086 2468 civitatem
1104 2395 1392 2480 Wornraoiensern,

271 2499 349 2586 quia
365 2499 438 2586 ipse
457 2504 527 2566 erat
544 2497 608 2566 illis
627 2498 828 2587 tenporibus
848 2497 936 2586 apud
954 2497 1185 2584 Neubarrsanr‚
1214 2499 1248 2562 et
1264 2499 1392 2562 venerat

269 2599 401 2666 noviter
425 2597 467 2666 de
494 2597 585 2666 ouria
610 2595 766 2666 liorem.
793 2597 889 2684 Cepit
907 2597 993 2666 eninr
1013 2596 1164 2664 laborare
1183 2592 1274 2681 apud
1291 2592 1391 2680 prela-

269 2704 323 2765 tos
343 2703 376 2765 at
393 2697 577 2766 oanonioos
603 2698 734 2765 maioris
754 2697 899 2766 eoelesie
918 2713 978 2784 pso
998 2697 1195 2784 episeopatu
1214 2692 1391 2785 diligenter,

268 2795 446 2864 intendens
464 2793 555 2883 quod
570 2797 615 2864 ait
628 2795 821 2884 apostolus:
839 2797 895 2880 pot
909 2797 1135 2880 episcopatem
1148 2791 1326 2872 desiderat,
1339 2789 1391 2855 bo-

268 2911 345 2962 nnm
365 2913 449 2980 opnrs
470 2893 649 2962 desiderat.
675 2895 717 2963 Et
734 2896 932 2964 eonstitutus
956 2899 1009 2962 est
1035 2893 1142 2962 finalis
1161 2891 1234 2960 dies
1256 2886 1390 2973 eligendi

268 2995 302 3062 in
336 2993 421 3060 diern
448 2999 637 3062 sanatorum
663 2995 874 3062 innoeenturn
902 2989 993 3082 [deo.
1021 2989 1097 3083 28].
1135 2989 1389 3078 Supervenienla

268 3097 378 3160 auten
405 3091 460 3160 die
477 3093 570 3161 venit
592 3091 745 3160 dorninus
763 3092 802 3160 ll.
821 3092 989 3181 Spirensis
1008 3091 1205 3180 episeopus,
1225 3104 1335 3156 oornes
1353 3083 1388 3153 de

267 3191 444 3260 Eberstein
469 3197 503 3259 et
527 3208 641 3258 nonies
667 3191 703 3260 E.
728 3189 770 3259 de
795 3190 986 3277 Leinlngen
1011 3196 1045 3258 et
1069 3190 1123 3260 alii
1147 3189 1243 3258 arnioi
1268 3187 1326 3256 sui.
1355 3184 1389 3252 Et

267 3291 342 3380 ipso
361 3289 415 3358 die
434 3297 623 3358 sanatorum
640 3291 854 3358 innoeentun
878 3307 966 3358 anno
985 3287 1108 3358 donini
1127 3287 1304 3356 rnoolbiii.
1321 3291 1388 3352 tuno

267 3388 445 3459 inohoante
465 3389 592 3458 eleotus
612 3395 664 3456 est
681 3390 881 3458 venerabilis
900 3388 1053 3458 dominus
1067 3385 1279 3456 Eberhardus
1293 3402 1312 3450 a
1325 3401 1386 3448 na-

267 3489 329 3556 iori
346 3495 440 3578 parte
459 3494 493 3556 et
509 3488 642 3556 saniori.
676 3488 717 3556 Et
734 3487 851 3556 eadern
870 3487 923 3556 dio
942 3489 1069 3556 eleotus
1089 3495 1141 3556 est
1158 3490 1274 3554 eontra
1291 3484 1386 3570 ipsun

268 3585 421 3656 dominus
439 3585 628 3655 Buroardus
648 3585 796 3655 deeanus
816 3588 947 3656 maioris
967 3587 1121 3656 eeclesia.
1140 3583 1203 3666 Qui
1214 3602 1288 3652 ourn
1301 3580 1385 3650 anrbo

267 3686 451 3778 oonlirnari
475 3687 654 3774 petiissent
680 3706 700 3754 a
727 3686 907 3754 venerabili
933 3685 1067 3754 domino
1095 3682 1265 3754 Gerlrardo
1289 3679 1384 3748 arabi-

267 3786 428 3871 episeopo
463 3785 682 3875 Mogontino‚
709 3786 882 3853 constituit
907 3786 957 3852 eis
989 3783 1076 3852 diens
1099 3785 1133 3852 in
1161 3782 1329 3868 Pinguianr
1358 3780 1384 3843 in

267 3883 447 3970 proxinarn
464 3889 591 3950 sextam
610 3883 724 3952 leriarn
739 3890 815 3952 ante
830 3890 981 3954 octavam
994 3883 1171 3972 epiphanie
1187 3880 1319 3966 domini,
1330 3895 1383 3963 qne

268 3987 346 4048 tuno
371 3979 430 4048 luit
455 3982 497 4048 iii.
524 3981 598 4050 idus
623 3983 762 4052 ianuarii
791 3979 872 4072 [ian.
895 3980 968 4073 iii.
995 3979 1047 4050 Ad
1072 4000 1168 4069 quem
1195 3977 1383 4048 aecedentes

267 4097 340 4148 ourn
365 4078 463 4146 bonis
488 4079 677 4172 advocatis,
699 4083 811 4150 nrultis
838 4080 1105 4168 allegationibus
1130 4097 1241 4150 eoram
1264 4075 1383 4144 donnino

268 4176 519 4266 arehiepisoopo
546 4179 660 4267 iaetiS,
686 4179 819 4248 tandern
845 4181 998 4250 dorninus
1022 4180 1312 4267 arehiepisoopus‚
1337 4191 1383 4242 as-
