2884 4834
285 209 355 278 lec
638 239 800 287 eerrmuus
822 241 858 286 ue
880 240 1056 288 unsurneuu.

201 385 269 440 leae
286 384 412 446 tanturn
435 377 526 464 quod
546 378 720 447 timebatur
737 378 778 448 de
797 381 891 446 ruina
911 381 1023 468 templi
1039 387 1072 448 et
1085 383 1261 450 eversione
1281 383 1411 449 civitatis

282 475 443 546 eiusdem.
1434 543 1435 555 r

354 575 454 644 Anno
479 575 602 646 domini
629 583 783 665 utsupra
801 578 865 646 lral.
885 577 1071 649 decembris
1090 579 1253 650 liudolfus
1274 600 1333 650 rex
1349 581 1409 650 llo-
1434 609 1435 655 r

281 692 452 744 manorum
469 677 556 742 viam
572 695 692 745 versus
705 678 907 765 Turyngiam
919 684 970 746 est
984 697 1182 766 aggressus.
1203 679 1286 748 Cum
1297 700 1408 766 magno

283 775 439 842 comitatu
465 774 645 844 llrlordiam
673 777 781 865 venit,
807 783 840 844 et
864 778 987 844 curiam
1012 778 1129 848 indixit
1145 778 1280 848 ibidem.
1315 777 1408 860 Quem
1434 811 1435 855 r

282 890 398 941 omnes
423 873 554 943 nobiles
577 873 751 943 allemanie
769 875 858 944 illius
878 876 1022 946 conimie
1042 884 1201 966 totusque
1221 885 1317 946 cetus
1334 898 1407 966 prc—
1434 910 1435 953 r

280 973 461 1041 vinciarum
472 979 729 1062 magnatumque
744 975 891 1042 Saxonie
907 974 1085 1046 Westsalie
1099 977 1265 1047 Missenio
1285 985 1319 1046 et
1335 979 1407 1046 alia·
1434 1009 1435 1054 3

280 1090 350 1140 rum
369 1073 669 1142 circumiacentium
687 1075 828 1162 partium
848 1073 1092 1164 sollempniter,
1113 1077 1200 1146 sieut
1219 1076 1339 1164 deordt,
1358 1097 1406 1144 re·
1434 1111 1435 1152 r

281 1176 449 1258 ceperunt.
487 1169 538 1239 Ob
557 1174 651 1240 cuius
670 1171 802 1240 laudem
819 1172 1036 1258 landgravius
1056 1175 1246 1264 Turyngie,
1266 1193 1407 1262 margra-
1434 1209 1435 1254 r

279 1271 355 1337 vius
372 1269 541 1360 Missene,
561 1269 629 1338 dux
648 1271 812 1359 Samnio,
839 1272 985 1340 marchio
1005 1272 1046 1340 de
1064 1273 1327 1364 Brandenhnrg,
1351 1275 1408 1342 dur

280 1367 473 1458 Brezlavie,
493 1368 560 1437 dux
577 1369 762 1458 Kragovie,
783 1369 852 1438 dux
870 1370 911 1440 de
931 1367 1069 1460 Opulle,
1096 1374 1249 1461 episcopi
1268 1372 1406 1460 Megun-
1434 1409 1435 1454 3

281 1468 422 1536 binensis
440 1468 776 1556 Brandenburgeusis
795 1469 836 1538 de
854 1469 965 1538 illisce
984 1477 1018 1538 et
1040 1470 1082 1540 de
1106 1471 1328 1558 Numenburg
1345 1491 1405 1540 cum

282 1567 370 1634 omni
387 1567 499 1634 militie
519 1570 677 1637 exercitio
696 1574 729 1636 et
747 1586 870 1656 magno
888 1570 1030 1636 vestium
1046 1576 1183 1660 ornatu,
1202 1571 1317 1640 choris
1333 1579 1406 1659 tym-
1434 1647 1435 1654 ἵ

281 1667 377 1752 panis
397 1671 430 1734 et
448 1669 583 1752 organis
590 1721 599 1757 ,
619 1667 726 1736 eidem
745 1667 879 1736 domino
898 1670 968 1754 regi
988 1668 1118 1737 obviam
1135 1668 1267 1758 iecere,
1293 1676 1327 1738 et
1343 1689 1406 1738 eun
1434 1747 1435 1753 η

281 1781 356 1832 cum
374 1783 437 1833 sua
454 1766 567 1834 militia
586 1785 658 1834 cum
678 1785 800 1853 magna
813 1769 1000 1836 reverentia
1012 1786 1179 1858 recepere,
1199 1774 1234 1836 et
1248 1768 1405 1856 quomode
1434 1821 1435 1826 ,

232 1893 244 1907 ο
281 1863 343 1930 sibi
361 1871 503 1953 possent
520 1865 663 1953 placere,
682 1884 741 1954 per
760 1867 870 1934 omnia
889 1866 1056 1934 studuere.
1075 1868 1175 1934 l'erra
1192 1885 1275 1936 vero
1295 1869 1405 1938 Turiu-
1434 1907 1435 1936 2

281 1964 356 2052 gie,
384 1981 448 2050 que
475 1964 623 2050 longevo
651 1971 797 2052 tempore
824 1964 932 2033 iuerat
956 1967 1066 2033 multis
1094 1965 1340 2034 discriminibus
1363 1968 1404 2032 vi·
1434 2009 1435 2020 η

280 2063 377 2150 tiata,
396 2063 636 2131 nobilissimam
653 2081 770 2152 pacem
788 2065 972 2151 peripsum
991 2070 1044 2132 est
1062 2064 1194 2153 adepta.
1434 2125 1435 2150 ἶ

355 2158 509 2241 Quicum
528 2163 681 2249 singulos
701 2169 734 2230 et
751 2164 928 2232 universos
938 2215 947 2252 ,
968 2165 1110 2232 omnium
1129 2164 1259 2233 illarum
1278 2167 1401 2254 provin·

281 2260 404 2326 ciarum
421 2261 551 2328 nobiles
561 2315 570 2351 ,
589 2267 759 2348 potentem
778 2280 851 2330 cum
869 2262 986 2350 inope,
1006 2261 1049 2330 ad
1066 2262 1224 2332 iudicium
1234 2265 1403 2334 Eriordiam
1434 2307 1435 2350 ,

281 2367 478 2449 evocasset,
506 2359 668 2448 scultetus
696 2369 804 2428 tamen
828 2360 869 2428 de
896 2361 1037 2447 Rungen
1061 2381 1134 2430 cum
1154 2361 1279 2432 familia
1296 2363 1403 2432 nobilis
1434 2403 1435 2414 a

281 2456 454 2524 cuiusdam
472 2457 550 2526 dicti
569 2458 611 2526 dc
630 2459 838 2546 llerverberg
855 2461 964 2546 ipsum
983 2459 1152 2530 dominum
1169 2462 1345 2532 irridentes
1359 2480 1402 2528 re-

280 2573 373 2646 gem,
400 2555 567 2642 lingentes
594 2559 691 2626 immo
717 2557 759 2626 de
777 2560 883 2646 paleis
903 2559 1014 2628 lictum
1032 2561 1231 2646 colligentes
1251 2579 1360 2648 regern
1376 2562 1401 2626 in
1434 2613 1435 2626 ,

280 2655 349 2723 veri
368 2655 490 2725 domini
514 2655 643 2725 lludolir
661 2659 751 2744 regis
776 2658 980 2747 illusionem,
1000 2676 1068 2730 nen
1086 2658 1252 2730 modicum
1271 2659 1401 2730 scande·

279 2753 346 2821 lum
365 2761 398 2822 et
414 2774 615 2846 gravamen,
635 2761 820 2826 statuentes
840 2775 941 2844 super
958 2759 1067 2826 menia
1082 2761 1183 2826 castri
1202 2761 1400 2828 stramineum
1434 2803 1435 2848 ,

280 2871 404 2944 regem,
421 2861 454 2922 et
470 2857 511 2944 ei,
525 2854 696 2922 illudendo
715 2846 973 2944 regem'verum,
990 2855 1088 2924 fidem
1103 2857 1322 2928 indubitatam
1340 2875 1400 2926 ser-

281 2970 359 3020 vare
388 2955 618 3040 promiserunt.
678 2952 774 3034 Quod
808 2974 880 3024 oum
917 2954 960 3022 ad
992 2973 1090 3024 aures
1120 2955 1245 3025 domini
1282 2953 1398 3024 Redoli

280 3051 372 3135 regis
387 3054 612 3143 pervenisset,
628 3071 704 3120 mox
723 3071 818 3120 manu
837 3052 912 3120 lorti
927 3061 1070 3122 castrum
1086 3055 1219 3126 obsedit
1231 3056 1398 3144 predictum

281 3155 314 3214 et
332 3148 413 3218 illud
429 3153 586 3236 exigente
609 3170 721 3219 corum
743 3151 864 3221 delicto
887 3155 1108 3242 expugnavit,
1134 3163 1167 3221 et
1188 3155 1398 3224 inhabitantes

280 3265 353 3316 cum
372 3249 587 3318 validissimis
613 3251 752 3318 vinculis
773 3252 983 3338 mancipavit,
1007 3251 1174 3322 dominum
1193 3255 1292 3323 etiarn
1315 3251 1398 3322 castri

279 3345 402 3414 dictum
421 3348 540 3439 llrieg,
564 3357 597 3417 et
615 3349 780 3436 quendam
799 3351 944 3418 nobilem
963 3351 1086 3418 dictum
1107 3352 1227 3432 Euwer
1248 3371 1321 3421 cum
1337 3350 1396 3418 aliis

279 3447 527 3533 quatuordecim
556 3448 722 3517 nobilibus
754 3450 886 3536 capitali
908 3451 1085 3537 prostravit
1113 3454 1296 3542 sententia,
1325 3450 1396 3516 alios

278 3564 358 3615 vero
383 3548 418 3615 in
439 3547 555 3616 caudis
581 3565 740 3633 equorum
762 3566 869 3635 usque
893 3547 936 3618 ad
959 3548 1240 3636 patibulum-trahi
1263 3548 1395 3638 precepit

279 3645 548 3733 suspendendos.
574 3645 713 3714 Nobile-s
733 3648 831 3714 etiam
847 3665 982 3714 numero
1002 3653 1078 3715 octo
1102 3655 1266 3736 perpetuo
1285 3645 1393 3718 carceri

279 3742 456 3812 destinavit
489 3746 600 3833 ibique
632 3747 731 3813 vitam
761 3764 853 3814 suam
877 3752 1054 3814 extremam
1083 3765 1151 3816 non
1176 3749 1250 3818 sine
1279 3745 1393 3832 magnis

279 3843 449 3910 tormentis
463 3843 618 3912 finiendo.

352 3937 450 4008 Anno
476 3942 598 4012 domini
622 3950 658 4010 nt
685 3960 784 4030 supra
806 3950 940 4030 peracta
963 3945 1073 4031 itaque
1103 3944 1244 4014 feliciter
1271 3942 1392 4033 expedi-

277 4040 368 4106 tione
384 4037 507 4108 demini
523 4040 653 4109 Rudollr
675 4041 729 4110 dei
749 4043 855 4128 gratia
869 4040 1007 4110 Romani
1025 4045 1114 4129 regis
1132 4063 1251 4114 versus
1268 4045 1391 4132 Bysnut,

278 4143 427 4226 tempore
447 4139 581 4208 illustris
599 4139 720 4208 domini
745 4139 886 4208 Conradi
908 4140 949 4208 de
964 4142 1167 4228 lietenberg
1183 4143 1392 4230 Argentiuen-

278 4239 325 4304 sis
343 4237 511 4327 episcopi,
543 4239 599 4324 qui
623 4239 797 4306 auxiliator
826 4237 950 4307 domini
975 4239 1104 4310 Rudollr
1123 4243 1213 4328 regis
1233 4242 1291 4310 luit
1309 4238 1391 4309 inde-
