2886 4834
276 207 321 278 30
653 227 782 284 annuum
802 232 1026 282 oouunnrmsrs.

194 383 260 440 lasa
278 374 436 444 Civitates
459 371 648 445 fidelitatem
665 371 821 463 proiectis
839 375 929 463 regis
944 369 1055 442 Adolli
1075 371 1274 459 promittuut.
1299 367 1382 438 Scul-

275 479 364 542 tetus
387 471 668 542 columbariensis
697 471 886 541 fidelitatem
920 472 1110 562 promittere
1142 468 1306 538 recusavit
1328 469 1381 536 uisi

276 571 460 642 advocatus
491 567 570 641 Otto
603 571 646 640 de
679 568 904 640 Oobsenstein
934 571 1104 660 promittat
1129 569 1219 654 regis
1251 567 1381 636 nominc:

276 670 419 740 elicium
447 670 580 740 sculteti
605 669 648 740 ad
673 671 772 738 vitam
800 671 906 761 regis,
940 671 1099 759 expulsos
1133 685 1201 736 non
1229 664 1382 755 reducere,
1433 673 1434 722 l

275 771 441 841 civitatem
470 774 625 856 potenter
651 786 718 838 non
743 771 875 838 intrare.
918 766 1113 838 Advocatus
1135 767 1200 836 hec
1228 765 1384 854 pollicetur

277 875 413 957 receptu
445 867 510 938 ode
538 885 580 936 ne
614 869 731 937 civitas
763 867 1044 938 columbariensis
1078 867 1173 936 alteri
1203 881 1299 953 quam
1326 866 1385 949 regi
1434 895 1435 938 r

275 965 398 1037 Adclio
412 965 568 1036 tradatur.
592 967 663 1037 Rex
674 964 883 1054 Arragonum
897 969 1048 1054 moritur;
1065 965 1386 1049 devolviturregnun
1434 997 1435 1004 κ

276 1066 318 1136 ad
344 1067 525 1155 imperium.
557 1061 700 1135 Adolius
719 1084 778 1136 rex
798 1069 831 1134 in
852 1067 990 1160 imperio
1013 1082 1131 1134 omnes
1152 1063 1386 1132 controversias

276 1165 463 1254 componit;
490 1165 657 1254 principes
676 1165 720 1234 ad
748 1165 994 1254 expeditionem
1018 1165 1174 1234 bortatur.
1213 1162 1387 1250 Episcopus
1435 1191 1436 1236 ψ

276 1263 489 1354 Spirensis..
505 1316 535 1331 ..
567 1265 687 1332 milites
714 1270 748 1332 et
774 1265 988 1354 septuaginta
1011 1281 1128 1332 currus
1153 1261 1268 1330 hebuit
1292 1266 1388 1348 pretor
1435 1323 1436 1334 ,

276 1364 374 1450 bigas
381 1413 390 1452 ,
415 1362 627 1431 Coloniensis
652 1363 816 1432 ducentos
847 1365 966 1432 milites
991 1381 1065 1432 cum
1091 1362 1187 1450 equis
1210 1359 1389 1449 phaleratis,

275 1462 494 1547 blaguntinus
514 1463 686 1550 copiosam
703 1463 838 1530 militum
854 1461 1111 1549 multitudinem,
1130 1461 1174 1528 bii
1192 1477 1268 1527 cum
1286 1459 1391 1526 oeteds
1436 1505 1437 1533 2

276 1563 339 1630 iter
356 1560 630 1646 diriguntversus
646 1561 851 1630 Vesontium.
877 1561 1000 1647 Vigilia
1012 1560 1224 1628 ascensionis
1240 1557 1321 1644 [mai
1339 1555 1391 1642 lb]

276 1657 432 1728 Albertus
452 1657 519 1728 dux
536 1677 611 1728 oum
626 1652 638 1696 ¹
655 1661 742 1728 mille
761 1661 954 1748 quingentis
973 1658 1140 1747 eqrutibus
1158 1658 1252 1726 venit
1270 1655 1392 1723 Colum-

278 1759 410 1828 barieur.
444 1757 652 1827 Hermannus
677 1757 719 1829 de
736 1758 945 1847 Rapoltstein
970 1757 1120 1827 seeundo
1145 1773 1256 1824 nonas
1281 1755 1357 1822 iunii
1378 1770 1393 1818 a
1437 1798 1438 1832 ,

278 1856 406 1928 civibus
424 1852 727 1943 Argentiuensibus
754 1857 815 1926 luit
838 1860 1026 1946 captivatus
1052 1856 1095 1926 ad
1112 1874 1231 1945 preces
1259 1871 1393 1943 pauper·
1437 1927 1438 1930 Ἴ

278 1957 352 2026 oule
370 1956 524 2024 mulieris.
541 1948 554 1992 ²
580 1956 656 2024 ltux
673 1954 806 2026 Austrie
824 1955 980 2026 Albertus
999 1957 1201 2024 Turioenses
1220 1951 1394 2022 obsidebat

276 2055 361 2126 Puer
378 2071 500 2124 noveru
518 2072 679 2124 annorum
698 2055 906 2125 Columbaria
929 2074 949 2123 a
966 2055 1085 2124 iudeis
1103 2053 1307 2122 interficitur.
1340 2048 1393 2118 Ar·
1438 2107 1439 2122 ,

277 2155 415 2241 gentine
432 2153 527 2222 uicus
545 2155 790 2242 pellipariorum
816 2174 876 2243 per
898 2157 1011 2242 ignem
1035 2154 1179 2222 totaliter
1201 2150 1394 2220 devastatur.
1438 2189 1439 2200 κ

275 2250 474 2322 Interiectus
492 2251 553 2322 luit
568 2254 603 2320 in
619 2253 767 2325 Rubiaco
785 2253 885 2322 irater
897 2254 1071 2322 lohannes
1090 2251 1215 2320 ordinis
1230 2249 1395 2318 Minorum.

277 2347 432 2420 Albertus
452 2349 537 2420 filius
555 2352 645 2438 regis
663 2351 793 2420 Rudolir
811 2352 879 2421 dux
896 2350 1029 2421 Austrie
1051 2351 1259 2438 lantgravius
1279 2346 1395 2418 Alsatie
1439 2425 1440 2430 η

278 2467 392 2518 comes
423 2447 465 2518 de
493 2449 620 2537 Kiburg
652 2450 786 2520 obsedit
811 2452 978 2538 Turcgum
1002 2456 1157 2539 potenter
1188 2467 1251 2517 sex
1275 2447 1396 2532 diebus,

277 2554 399 2638 postea
424 2546 583 2618 discessit
606 2556 640 2618 et
663 2549 797 2618 obsedit
826 2557 970 2618 castrum
995 2549 1200 2634 Nollenburg
1224 2546 1321 2635 quod
1345 2563 1397 2614 ex-

277 2648 441 2737 pugnauit
458 2646 615 2735 etfregit.
648 2649 837 2737 Episcopus
856 2650 1070 2718 coloniensis
1096 2648 1333 2716 reconciliatus
1357 2644 1398 2710 ci-

278 2746 385 2818 vibus.
435 2746 567 2816 Fratres
593 2747 742 2816 Minores
769 2749 948 2817 eeclesiam
979 2766 1074 2816 suam
1103 2747 1234 2832 magnis
1268 2750 1304 2814 et
1332 2743 1398 2811 altis

279 2845 443 2914 columnis
468 2846 669 2914 exulabant.
702 2848 859 2915 Fluentes
885 2865 991 2936 aquas
1016 2866 1076 2934 per
1100 2847 1232 2934 plateas
1250 2841 1400 2930 Argenti·

279 2961 405 3012 nenses
425 2943 551 3012 artilex
570 2945 707 3013 invenit.
744 2945 873 3032 Regino
898 2947 988 3033 regis
1013 2945 1236 3016 Romanorum
1266 2959 1400 3032 presen-

279 3046 368 3112 tatus
383 3039 444 3110 iuit
457 3060 540 3130 puer
553 3045 694 3112 nutritus
708 3045 794 3113 inter
802 3046 918 3133 lupos,
936 3039 1098 3114 uenit'illa
1111 3045 1283 3112 Brisucum
1296 3040 1401 3127 vigilia

280 3141 426 3210 omnium
454 3147 643 3210 sanctorum
675 3139 757 3234 [oct.
778 3143 851 3232 3l].
893 3144 971 3212 Dux
986 3143 1180 3229 Lotaringie
1203 3147 1350 3210 castrum
1372 3140 1400 3206 in

280 3239 458 3310 Plummers
477 3257 579 3328 super
595 3240 716 3310 balnea
732 3245 926 3332 construxit,
945 3248 981 3310 ut
998 3241 1194 3310 detenderet
1210 3241 1401 3309 balneantes

256 3433 258 3436 Ι
280 3338 413 3408 amalis
430 3338 628 3408 hominibus.
667 3338 863 3409 Advocatus
881 3340 1010 3409 Alsatio
1035 3341 1168 3408 nomine
1193 3341 1312 3427 regine
1338 3337 1401 3405 siu-

280 3438 370 3523 gulis
395 3437 514 3507 diebus
541 3439 701 3527 expendit
718 3439 896 3508 duodecim
920 3439 1021 3508 libras
1046 3439 1238 3508 basiliensis
1264 3441 1400 3505 monete.

279 3534 441 3606 Dominus
467 3536 509 3606 dc
526 3537 736 3626 llapoltstein
754 3540 885 3626 accepit
909 3557 930 3606 a
955 3537 1144 3607 bominibus
1171 3539 1241 3605 suis
1260 3537 1401 3624 quintam

280 3637 490 3721 partemvini
517 3636 608 3724 quod
634 3642 784 3706 creverat
807 3637 873 3705 boo
895 3655 1005 3728 anno,
1033 3637 1112 3704 iaoit
1136 3637 1227 3704 ccccl
1251 3639 1401 3702 carratas.

279 3734 318 3800 ln
335 3733 514 3819 Hageuoia
532 3735 593 3804 luit
609 3741 874 3806 torneamentum
890 3737 925 3804 in
943 3754 1010 3823 quo
1029 3735 1091 3804 luit
1107 3735 1202 3803 miles
1221 3752 1242 3802 a
1260 3731 1402 3802 Scalario

280 3830 483 3901 interiectus.
509 3830 652 3904 Adollus
670 3855 729 3904 rex
746 3836 838 3903 venit
852 3835 1092 3904 Columbariam
1111 3839 1188 3901 ante
1206 3833 1404 3900 nativitatem

282 3929 404 3998 domini
422 3949 512 4000 anno
531 3933 676 4002 bisextili
693 3935 757 4003 BC.

356 4028 544 4099 Mcoxoiii.
570 4029 685 4100 Abbas
704 4032 902 4102 Perisiensis
920 4032 1049 4118 capitur
1073 4049 1093 4098 a
1118 4047 1181 4098 suo
1200 4028 1335 4099 subdito
1353 4043 1403 4093 or-

317 4179 348 4246 l)
366 4180 480 4259 cumist
497 4195 551 4261 von
569 4182 620 4260 rnir
637 4185 757 4262 ergdnzt.
795 4183 826 4246 2)
838 4180 923 4249 sergl.
942 4181 1069 4236 Anselms
1088 4197 1142 4234 uon
1161 4178 1347 4260 ltappolistein
1364 4190 1407 4227 ur-

282 4245 375 4300 lrunde
398 4245 442 4300 ber
460 4246 597 4318 Scbcpflrn
616 4247 674 4303 Als.
694 4249 759 4318 drpl.
778 4253 841 4314 aba
858 4249 987 4317 wadurob
1005 4249 1099 4318 obiges
1118 4248 1259 4316 bemobtrgt
1275 4244 1351 4300 wrrd.
