2886 4834
281 161 328 229 88
655 191 818 238 canonicor
842 191 1050 237 conunnrrnsn.

201 335 268 392 ¹298
285 329 386 398 labile
412 336 652 420 perpetratum,
680 333 757 399 enrit
782 349 802 398 a
828 330 961 398 domino
989 328 1031 398 de
1058 329 1239 399 Usinboroh
1267 337 1400 398 oastmn

281 428 499 518 llenoingen,
524 430 679 516 obligans
707 432 737 497 ei
763 431 883 498 vallem
910 430 1018 496 saneti
1043 429 1191 516 Gregorii
1209 446 1283 496 oum
1301 437 1399 497 eastro

280 529 476 618 Blixsperg,
503 535 539 596 ut
556 534 676 618 posset
693 529 816 596 babere
841 528 979 596 liberum
998 527 1121 596 aditum
1139 527 1182 596 ad
1200 527 1294 596 duois
1314 547 1400 596 exer-

281 629 381 694 eitum
406 627 574 696 veniendi.
604 625 755 696 Audiens
788 628 855 696 dux
882 634 1019 713 treugas
1045 629 1171 695 ratione
1190 629 1400 716 oomponendi

281 727 374 814 petiit
391 728 540 794 etunius
559 726 624 794 dini
642 727 793 796 inducias
811 727 1006 815 impetravit.
1033 725 1205 795 Duxoiroa
1216 727 1400 814 prinoipiun

282 827 391 893 noetis
410 825 497 894 illius
517 844 590 894 oum
607 826 763 894 militibus
782 828 852 894 suis
871 843 991 904 versus
1007 825 1202 911 Rinaugiam
1220 824 1399 914 deelinavit,
1427 853 1428 890 r

282 931 316 990 et
342 925 436 1012 ipsos
462 925 517 992 alii
543 925 679 994 silenter
704 932 738 992 et
762 927 923 994 velociter
947 924 1181 1011 sequebantur.
1210 923 1305 992 Ciroa
1327 924 1400 992 dien
1427 939 1428 976 t

283 1029 393 1090 eastra
418 1041 584 1112 pauperes
608 1023 873 1112 suooenderunt,
892 1031 926 1092 et
943 1029 1022 1110 post
1039 1041 1121 1092 suos
1140 1023 1295 1092 dominos
1313 1025 1400 1092 velo·
1427 1041 1428 1084 t

283 1123 364 1191 oiter
381 1121 541 1190 abierunt.
567 1122 669 1191 Duois
687 1123 910 1192 tabernaculis
930 1124 1124 1212 suanensis,
1143 1122 1279 1210 quidam
1298 1141 1338 1190 ex
1350 1125 1401 1189 ni·
1426 1137 1428 1168 ⁴

281 1221 393 1288 litibus
419 1223 526 1312 regis,
554 1220 648 1290 duois
674 1241 840 1311 pauperes
858 1223 1014 1311 persequi
1040 1222 1247 1310 voluissent,
1276 1222 1337 1290 sed
1356 1224 1400 1290 alii
1428 1240 1429 1282 r

282 1319 533 1410 dissuaserunt,
552 1323 631 1408 quia
654 1324 688 1390 in
714 1323 841 1409 treugis
865 1329 898 1390 et
915 1326 1008 1410 panis
1027 1326 1174 1408 tempore
1193 1329 1400 1389 reoesserant.
1428 1337 1429 1382 l

285 1419 424 1506 lnsuper
440 1419 611 1488 dibebant:
633 1420 708 1489 Hae
722 1426 816 1490 noete
832 1421 924 1488 dueta
943 1423 1059 1490 ndlites
1075 1423 1284 1506 quieverunt,
1301 1425 1333 1487 et
1352 1438 1401 1487 nos
1428 1451 1429 1474 .

282 1535 357 1584 eom
379 1518 427 1584 od
445 1537 503 1586 eos
527 1518 610 1586 lessi
625 1525 663 1587 et
676 1522 818 1606 dispersi
836 1524 1035 1603 venerimus,
1058 1537 1121 1588 aurs
1135 1521 1206 1586 strae
1220 1519 1338 1586 labore
1351 1536 1401 1585 ee·
1428 1573 1429 1578 ,

278 1619 568 1702 pteotooioersos.
1429 1669 1430 1676 κ

357 1715 439 1784 Post
454 1717 517 1785 beo
534 1719 568 1784 in
585 1713 801 1804 Argentinam
820 1715 887 1784 dun
904 1718 1055 1805 pervenit
1070 1722 1103 1784 et
1121 1717 1304 1784 exereitum
1321 1733 1400 1782 suun
1429 1733 1430 1768 n

284 1833 343 1902 pro
370 1833 492 1902 magna
515 1822 608 1904 parte
635 1816 677 1884 de
703 1817 844 1904 propriis
870 1814 1014 1902 pavebat
1044 1817 1213 1903 expensis.
1240 1814 1354 1900 Ibique
1376 1821 1401 1880 et

284 1915 372 1982 eima
390 1917 584 2002 septimanis
603 1917 750 2004 quinque
771 1916 897 2002 quievit
915 1916 992 2002 quia
1010 1931 1120 2002 neque
1138 1913 1181 1982 ad
1190 1913 1340 1982 dextram
1352 1930 1401 1980 ne·

285 2031 350 2102 que
369 2013 412 2081 ad
431 2015 598 2083 sinistram
621 2015 729 2103 potuit
754 2012 928 2082 oommode
953 2013 1131 2081 deolinare.
1164 2013 1244 2081 Post
1263 2013 1325 2080 beo
1341 2030 1401 2079 eun
1430 2039 1431 2074 r

284 2114 401 2200 pauois
427 2112 471 2181 ad
495 2114 662 2182 dominum
686 2114 973 2202 arehiepisoopum
989 2113 1223 2199 Maguntinum
1240 2109 1402 2179 deseendit
1430 2135 1431 2150 ¹

286 2219 320 2278 et
337 2213 501 2280 exereitus
526 2215 599 2280 eius
626 2231 700 2280 eum
722 2215 807 2281 siout
825 2213 932 2300 potuit
949 2212 1161 2300 sequebatur.
1187 2207 1339 2278 Audiens
1354 2227 1401 2276 ren

285 2309 404 2376 duoem
421 2328 494 2378 oum
512 2313 628 2398 pauois
646 2312 854 2397 Moguntiam
863 2313 1076 2400 pervenisse,
1094 2309 1346 2378 Rubeaoensem
1358 2325 1400 2374 re-

284 2409 379 2496 liquit
405 2408 632 2500 obsidionem,
657 2413 691 2478 in
707 2411 845 2479 Brisaoo
869 2410 1019 2480 Rhenum
1043 2410 1194 2477 transivit
1218 2415 1252 2476 et
1270 2406 1313 2478 ad
1328 2405 1399 2474 inle-

285 2509 388 2576 riores
406 2513 517 2597 partes
536 2511 649 2578 venire
668 2510 887 2598 quantoplus
906 2510 1014 2597 potuit
1031 2508 1210 2576 festinavit.

361 2607 441 2675 Cum
459 2607 611 2677 dominus
629 2606 785 2678 Albertus
804 2608 872 2676 dux
888 2609 1024 2676 Austrie
1043 2607 1085 2676 de
1100 2603 1286 2693 Argentina
1303 2618 1399 2672 renes-

286 2707 405 2796 sisset,
433 2706 526 2776 duxit
551 2726 665 2776 senum
683 2710 818 2794 triginta
843 2725 948 2776 naves
967 2707 1065 2775 bonis
1088 2706 1278 2793 quibusque
1297 2718 1399 2772 onera-

286 2811 338 2872 tas
348 2858 357 2894 ,
377 2823 461 2893 quas
479 2807 524 2873 ibi
541 2808 570 2875 si
587 2825 655 2876 non
674 2807 892 2896 obtinuisset,
910 2809 944 2874 in
961 2803 1334 2896 inferioribuspartibus
1350 2800 1398 2869 ob·

286 2905 391 2971 tinere
409 2905 540 2972 minime
552 2908 734 2993 potuisset.
762 2906 920 2974 Civitates
939 2906 1027 2974 enim
1044 2905 1108 2974 sibi
1128 2903 1277 2972 vendere
1295 2917 1399 2970 neees-

287 3003 375 3070 saria
400 3003 585 3072 noluerunt.
611 3002 753 3073 Obsedit
778 3011 888 3074 autem
915 3004 983 3074 dun
1006 2995 1207 3072 nloinaene¹
1232 3001 1399 3083 castellum,

287 3100 400 3187 illique
428 3119 465 3169 se
492 3102 554 3170 sub
580 3104 771 3172 eonditlone
798 3104 1018 3192 tradiderunt,
1044 3109 1080 3170 ut
1100 3104 1128 3170 si
1146 3101 1231 3170 inira
1249 3106 1325 3170 oeto
1342 3098 1398 3166 dies

288 3216 357 3266 non
373 3199 608 3292 liberarentur,
636 3203 726 3291 qnod
745 3206 778 3271 in
800 3209 1002 3291 potestatem
1020 3201 1115 3270 duois
1132 3201 1235 3268 libere
1254 3197 1399 3267 transier-

288 3303 408 3366 rentur.
436 3299 543 3368 Tanta
561 3307 670 3370 autem
688 3302 749 3370 suit
765 3304 799 3370 in
817 3301 912 3370 dunis
931 3302 1078 3370 exereitu
1095 3301 1230 3367 caristia
1248 3297 1336 3386 quod
1351 3312 1399 3383 pn-

288 3401 340 3466 nis
367 3400 423 3466 vix
447 3401 565 3469 valens
591 3400 760 3470 denarium
783 3419 843 3489 pro
862 3419 924 3469 sex
942 3400 1086 3468 denariis
1105 3398 1321 3468 vendebatur.
1343 3394 1400 3464 llu-

288 3497 385 3566 diens
409 3516 468 3568 rex
493 3497 635 3568 Adollus
660 3498 974 3568 bibertunwdnnen
997 3495 1130 3566 Austrie
1149 3497 1360 3566 deseendisse
1375 3495 1400 3558 et

289 3597 463 3665 oastellum
488 3595 675 3668 Aloinaobe
695 3599 802 3668 lratris
833 3598 928 3667 duois
956 3596 1154 3678 obsedisse,
1181 3603 1260 3664 tuno
1287 3601 1319 3664 et.
1340 3595 1398 3679 ipse

290 3695 464 3764 deseendit
481 3704 514 3766 et
531 3717 634 3788 prope
652 3697 833 3766 Aloinaohe
853 3717 914 3766 sua
932 3698 1073 3765 tentoria
1091 3696 1278 3764 oollooavit.
1313 3694 1397 3761 i'ante

291 3801 399 3862 autem
421 3799 569 3883 potentie
594 3817 634 3865 ao
651 3797 866 3866 multitudinis
884 3799 1049 3866 exereitus
1067 3797 1157 3882 regis
1175 3795 1297 3884 extitit,
1327 3784 1398 3878 quod

291 3893 386 3960 duois
406 3896 583 3962 exereitum
602 3896 740 3966 faciliter
758 3898 909 3986 visisset,
944 3898 972 3964 sl
995 3914 1069 3964 eum
1097 3896 1148 3963 sui
1166 3893 1276 3964 dolosi
1304 3898 1336 3960 ut
1356 3886 1398 3956 di-

292 3990 429 4058 oebatur
445 3995 626 4073 consiliarii
643 3996 883 4082 permisissent.

365 4089 403 4156 ln
428 4091 541 4176 vigilia
565 4095 745 4161 nativitatis
773 4093 937 4162 Johannis
965 4095 1110 4182 baptiste
1138 4090 1220 4184 [iun.
1246 4091 1309 4184 22]
1333 4081 1399 4172 evoli

330 4197 358 4260 l)
377 4192 455 4292 Albai
473 4195 646 4250 sindwestliob
666 4214 719 4251 von
737 4197 834 4252 blainz.
