2916 4834
284 235 308 300 4
667 271 794 318 arianas
816 271 1040 320 cotuanrrusrs.
1445 187 1446 254 ¹

203 405 269 460 ¹2⁵8
287 423 407 493 magna
430 425 506 496 pars
530 409 674 477 civitatis
701 411 734 476 in
753 409 866 497 vigilia
889 411 995 478 sancti
1016 409 1159 480 Martini.
1186 408 1254 480 ilex
1276 410 1397 481 Francia

283 505 456 574 vincitura
473 508 627 595 paganis

286 711 344 781 luit
374 669 600 783 fraudulenter
630 735 649 784 a
674 718 743 784 suis
766 719 1026 803 consanguineis
1048 669 1278 786 interiectus
1268 736 1302 786 ra
1326 718 1399 787 iesto
1446 791 1447 810 p

284 814 392 880 saneti
408 813 549 882 Jacobi'
540 832 574 880 m
591 815 767 883 messibus.
787 813 858 883 Rex
875 815 1021 884 Castelle
1040 814 1188 883 Sibillam
1203 821 1400 905 expugnavit.
1446 817 1447 866 i

284 910 459 979 Translate
478 918 555 980 sunt
576 929 710 982 sorores
735 913 776 980 de
792 913 947 986 lluseren
973 915 1006 980 in
1024 913 1186 982 Werrahe
1206 915 1324 982 vallem
1346 935 1399 1002 qna

283 1017 403 1096 postea
429 1009 608 1097 Clingintal
633 1010 819 1100 dicebatur,
850 1030 891 1081 eo
918 1012 1007 1099 quod
1038 1011 1191 1081 dominus
1218 1011 1260 1080 de
1286 1014 1399 1100 Clingin

284 1107 454 1177 sororibus
471 1107 606 1177 iratrum
626 1109 869 1179 Prodicatorum
894 1110 928 1178 in
954 1109 1133 1178 remedium
1155 1113 1265 1179 anime
1288 1130 1345 1181 sue
1364 1113 1399 1178 li·
1447 1119 1448 1122 ’

283 1205 585 1276 berccontulisset.
1447 1223 1448 1226 ’

356 1317 401 1385 Μ.
405 1317 498 1385 cc..lx
524 1315 765 1386 lnterleoerunt
779 1317 877 1387 Judei
893 1319 1163 1407 inWissenburg
1179 1337 1326 1410 puerum.
1340 1321 1400 1386 lle-

283 1413 393 1484 dicata
408 1422 460 1484 est
472 1414 759 1484 ecclesiairatrum
778 1417 1051 1486 Predicatcrum
1041 1437 1075 1485 rn
1089 1417 1282 1505 Argentina.
1307 1417 1400 1486 llein-

284 1514 370 1581 rious
399 1515 580 1603 episeopus
614 1511 873 1600 Argentinensis
910 1515 1001 1585 obiit.
1065 1515 1190 1586 Civitas
1225 1516 1401 1628 llubeacum

284 1618 403 1680 exusta
422 1618 483 1682 est.

357 1709 517 1780 Mfflcolxi.
543 1711 992 1797 FlagellatoresTeutoniam
1016 1713 1248 1783 transiverunt.
1274 1713 1401 1830 FuiPa-
1448 1754 1449 1758 =

285 1809 394 1877 risius
420 1808 682 1878 Fundamentum
699 1808 790 1877 chori
808 1810 922 1878 nostri.

356 1919 401 1987 Μ.
405 1919 527 1988 cclxii
553 1919 603 1988 De
618 1917 802 2006 Argentina
820 1918 953 1987 luerunt
977 1921 1067 1988 multi
1094 1923 1213 1990 milites
1236 1921 1402 1991 interiecti.

283 2017 434 2088 loannes
458 2019 619 2087 scultetus
633 2020 666 2086 in
682 2016 891 2085 Columbaria
911 2036 983 2086 oum
998 2020 1107 2088 multis
1124 2021 1295 2090 nobilibus
1311 2023 1401 2089 inter-

285 2115 401 2187 iectus.
426 2117 661 2206 Expugnatum
679 2114 739 2183 luit
755 2121 897 2183 castrum
915 2117 948 2184 in
968 2115 1157 2187 Mulbusen.

357 2227 544 2296 M.cc.lx.iii.
573 2226 732 2295 Canonici
745 2225 1022 2296 Lutenbacenses
1039 2236 1181 2297 castrum
1198 2229 1259 2297 sibi
1277 2231 1402 2297 vicinum

284 2343 343 2414 per
359 2326 549 2394 violentiam
563 2321 806 2394 destruxerunt.
826 2324 986 2394 Dominus
1000 2325 1190 2396 Waltirerus
1205 2326 1247 2395 de
1266 2328 1404 2396 Gerolls-

286 2425 367 2492 ecke
391 2426 570 2514 episcopus
594 2420 852 2509 Argentinensis
870 2423 960 2492 obiit
991 2423 1103 2492 Frater
1118 2424 1284 2494 Lutoldus
1299 2425 1403 2494 Prodi-

284 2529 432 2592 catorum
448 2524 554 2592 lector
578 2522 769 2609 astrologus
788 2521 930 2610 predixit
946 2522 1093 2610 eclipsim
1121 2525 1201 2634 solis
1223 2521 1342 2593 iactam
1362 2523 1404 2591 die
1449 2547 1450 2550 ¹

285 2623 390 2692 saneti
405 2622 580 2690 Dominici.

357 2733 402 2800 M
406 2733 530 2800 cc.lx..v
558 2731 708 2800 Castrum
726 2737 760 2800 et
778 2729 951 2801 castellum
974 2731 1139 2800 Burcdcri
1152 2731 1287 2820 quidam
1308 2751 1348 2802 ex
1364 2737 1405 2799 ci-

285 2831 381 2902 vibus
396 2831 599 2898 tradiderunt
615 2832 724 2898 comiti
743 2829 784 2898 de
800 2829 1008 2918 Habspurcb.
1047 2830 1202 2919 Mappam
1219 2831 1333 2900 mundi
1354 2830 1404 2898 de-

284 2931 403 3018 scripsi
419 2931 452 2996 in
472 2929 580 3017 pelles
599 2927 774 2996 duodecim
789 2929 994 3016 pergameni.

358 3039 542 3106 M.ce.lx.vi.
579 3037 763 3106 claustrum
800 3045 834 3108 et
861 3038 971 3107 villam
996 3037 1169 3108 Luceriam
1196 3046 1319 3108 ventus
1344 3040 1404 3106 sive
1448 3041 1449 3044 ’

284 3137 381 3206 turbo
402 3154 461 3225 pro
477 3153 598 3222 magna
612 3142 705 3224 parte
724 3135 901 3225 destruxit,
926 3143 960 3204 et
974 3137 1108 3224 pinnam
1123 3137 1235 3225 templi
1250 3139 1285 3204 in
1301 3144 1404 3206 terram

284 3254 305 3304 a
323 3236 426 3318 longe
444 3234 639 3322 deportavit.
665 3235 780 3302 Frater
797 3232 946 3302 Achilles
969 3233 1135 3322 quondam
1150 3237 1239 3322 prior
1256 3235 1405 3323 predica·

285 3327 358 3401 tor¹
377 3333 542 3420 generalis
558 3335 682 3420 incepit
696 3351 826 3400 crucem
849 3331 892 3400 ad
909 3335 1144 3400 transmarinas
1160 3341 1273 3421 partes
1298 3333 1404 3422 predi-

285 3450 370 3500 care.
384 3431 534 3508 ,Scalarii
557 3437 591 3499 et
608 3431 763 3498 Monaohi
786 3431 903 3498 milites
926 3432 1048 3498 curiam
1071 3430 1258 3500 habuerunt
1272 3431 1405 3500 Basilee.

359 3542 553 3610 M.ec.lx.vii.
588 3541 761 3609 Conradus
790 3540 998 3610 Wernberus
1029 3541 1072 3608 de
1098 3539 1239 3608 lladstat
1265 3541 1404 3610 ordinem

286 3642 543 3709 Teutoniccmm
565 3639 759 3726 ingressus3
790 3639 883 3708 cuius
907 3639 1088 3726 receptioni
1111 3639 1202 3708 multi
1223 3638 1352 3708 nobiles
1371 3653 1405 3703 er

286 3739 418 3806 Alsatia
429 3736 649 3804 interfuerunt
662 3739 695 3805 in
711 3736 997 3804 castroBucheim.
1026 3733 1302 3825 llelsatia‘plus
1319 3751 1404 3822 quan

287 3838 460 3924 quingenti
478 3836 676 3922 peregrinari
695 3841 772 3904 sunt
790 3836 821 3902 in
844 3832 1099 3920 quadragesima
1120 3833 1162 3902 ad
1176 3842 1288 3923 partes
1305 3842 1405 3902 trans-

287 3936 441 4002 marinas.
464 3933 607 4020 liclipsis
623 3933 704 4002 solis
724 3933 838 4019 vigilia
857 3932 979 4002 Urbani
995 3931 1145 4019 predicta
1166 3931 1304 4002 alratre
1321 3930 1404 4000 God-

288 4032 372 4100 lrido
391 4029 729 4100 astronomo‘ordinis
751 4029 996 4098 Predicatorum
1021 4031 1053 4096 in
1075 4031 1265 4101 Wornratia.
1294 4029 1402 4100 Comes

287 4132 502 4200 Phirretarum
522 4127 634 4196 emita
654 4130 773 4196 comite
783 4128 908 4196 Montis
919 4127 1092 4196 Pellicardi
1109 4129 1231 4196 curiam
1251 4126 1403 4215 quandam

322 4238 351 4301 i)
370 4231 591 4288 Predieatoroml
