2890 4832
280 235 351 308 320
613 261 746 311 eamean
767 263 835 310 rma
856 263 881 310 ε.
903 261 1088 308 cucurreram.
1439 179 1441 330 ⁴

1440 357 1441 392 l

278 410 395 476 contra
410 401 528 472 iaciem
544 401 711 471 Damasci.
730 401 811 469 Cum
828 407 937 469 autem
955 407 1061 470 status
1080 401 1228 488 regionis
1243 417 1285 470 cx
1300 410 1396 474 morte
1439 395 1441 490 l

277 503 445 594 pontificis
463 502 562 573 valde
581 501 729 570 turbatus
747 507 850 591 esset,
867 501 1086 588 timerentque
1100 502 1261 589 primores
1282 508 1315 570 ct
1332 504 1396 572 cle·
1439 501 1441 590 l

278 622 335 672 rus
353 619 395 670 nc
414 602 498 670 lorte
513 602 606 669 cives
627 619 700 669 cum
723 599 894 668 Walramo
919 607 1053 688 propter
1069 601 1245 688 privilegia
1260 618 1325 689 que
1340 601 1395 671 do

278 704 386 770 minus
405 701 628 787 Engelbertus
645 700 828 768 communis
842 698 990 766 utilitatis
1005 715 1107 766 causa
1128 699 1329 790 coniecerat,
1342 703 1396 770 ali-
1439 753 1440 756 ,

280 800 358 889 quid
383 806 498 868 contra
518 799 663 868 ecclesie
676 793 860 866 libertatem
883 799 1089 887 molirentur,
1109 800 1194 867 sicut
1217 801 1267 867 cis
1287 807 1397 888 postea
1439 791 1440 794 ’

280 901 361 968 dure
380 899 461 967 satis
478 900 666 987 impositum
686 903 756 987 ost,
776 895 861 965 diem
878 899 934 984 qui
950 904 1003 966 est
1017 897 1330 988 decimusseptimus
1343 900 1396 967 ha·

278 997 398 1068 lendas
412 996 613 1087 decembris,
633 997 689 1083 qui
708 1013 818 1064 nonus
836 1002 906 1064 erat
921 995 1038 1064 accde
1056 997 1234 1087 pontilicis,
1251 998 1396 1066 electioni

278 1098 490 1188 prefixerunt.
517 1093 590 1177 Quo
604 1095 677 1185 die,
696 1093 863 1165 medianto
877 1101 911 1162 et
924 1102 1125 1184 cooperante
1144 1096 1281 1168 domino
1297 1097 1397 1164 Theo·

281 1197 394 1266 derico
422 1196 611 1264 'lrcvirensi
633 1193 902 1282 archiepiscopo,
921 1192 1096 1262 Heinrious
1113 1195 1308 1264 Bonnensis
1327 1213 1397 1284 pre·

279 1297 411 1386 positus
422 1296 455 1362 in
469 1301 637 1383 pastorem
650 1299 683 1363 et
697 1293 954 1381 archipresulem
968 1311 1139 1364 consensu
1153 1297 1303 1362 unanimi
1317 1295 1397 1363 elec

279 1403 334 1464 tus
354 1401 415 1463 est.
433 1392 507 1474 Quo
522 1394 613 1462 iuxta
629 1409 752 1462 morem
764 1392 798 1458 in
815 1393 967 1481 episcopi
983 1392 1065 1461 sede
1080 1393 1263 1483 residente,
1278 1395 1395 1462 clamo·

280 1511 336 1562 res
357 1495 592 1582 ministrorum,
616 1491 650 1560 id
672 1497 725 1561 εει
750 1508 865 1559 corum
888 1493 943 1579 qui
962 1493 1150 1560 ministeriis
1173 1492 1398 1580 iungebantur,

283 1591 325 1663 dc
347 1609 430 1660 neoc
454 1591 579 1660 domini
598 1591 649 1659 sui
672 1592 946 1679 conquerentium
965 1593 1114 1659 renovati
1134 1599 1229 1680 sunt,
1249 1599 1283 1660 et
1303 1591 1343 1659 alr
1358 1593 1398 1658 eis

282 1691 424 1759 interula
446 1690 597 1777 martyris
621 1691 656 1757 in
682 1690 789 1758 sinum
816 1691 890 1758 cius
917 1689 1071 1777 deposita
1092 1695 1152 1759 est.
1185 1691 1247 1759 lllc
1271 1708 1353 1760 vero
1371 1695 1400 1756 ut

283 1791 375 1858 aiunt
399 1807 476 1858 mox
498 1789 632 1878 iuravit,
657 1806 695 1858 se
718 1789 916 1875 sanguinem
934 1791 1008 1857 cius
1027 1789 1138 1877 quoad
1157 1791 1286 1858 viveret
1302 1788 1399 1857 vindi-

283 1896 439 1959 caturum.
462 1885 566 1968 Quam
585 1887 757 1956 studiosus
776 1895 885 1956 autem
903 1895 937 1956 et
953 1887 1085 1957 lerneus
1105 1889 1269 1957 hactenus
1289 1897 1322 1956 et
1338 1887 1399 1955 iue-

282 1989 324 2057 rit
341 1996 374 2056 et
392 1989 436 2056 sit
453 1989 486 2054 in
504 2003 545 2054 ea
562 1986 710 2056 vindicta
734 1986 967 2075 persequendo
978 2039 987 2076 ,
1011 1988 1057 2054 ita
1082 1993 1118 2054 ut
1141 2005 1254 2075 neque
1281 1987 1400 2075 corpori

282 2105 393 2175 neque
420 2087 570 2175 pecuniis
595 2091 725 2175 paroat,
751 2089 927 2174 sequentia
951 2085 1176 2156 declarabunt.
1211 2089 1260 2154 Eo
1279 2086 1399 2174 quidem

283 2187 336 2255 dic
360 2203 426 2274 quo
451 2184 641 2254 sacerdotio
667 2185 813 2252 initiatus
839 2192 905 2276 est,
929 2185 971 2254 ad
995 2185 1132 2271 gloriam
1153 2187 1307 2274 martyris
1325 2184 1400 2252 dila·
1440 2239 1441 2246 ,

195 2293 198 2298 ’
283 2283 417 2354 landam
436 2301 548 2352 coram
565 2284 660 2352 altari
678 2283 768 2352 beati
785 2285 872 2352 Petri
890 2285 1063 2371 exiguitati
1080 2302 1153 2352 mee
1171 2284 1335 2353 humiliter
1350 2301 1401 2351 sa·
1440 2329 1441 2346 r

283 2385 327 2453 tis
350 2384 525 2468 iniungere
550 2381 708 2469 dignatus
733 2389 801 2472 est,
831 2391 955 2471 utque
980 2383 1022 2451 ab
1048 2399 1089 2452 co
1115 2384 1293 2471 insiguiter
1316 2389 1400 2469 gesta

285 2491 362 2553 sunt
379 2489 412 2551 et
429 2482 584 2551 miracula
611 2500 675 2570 quc
692 2499 752 2570 per
770 2500 844 2550 eum
861 2481 1023 2551 Dominus
1041 2489 1213 2570 operatur,
1232 2483 1276 2551 ad
1293 2495 1399 2571 poste·

284 2601 394 2651 rorum
419 2582 567 2649 notitiam
592 2582 714 2670 scripto
734 2583 994 2650 transmitterem.
1024 2580 1171 2668 Cumque
1193 2600 1247 2650 mc
1265 2599 1399 2650 excusa-

284 2699 352 2751 rem
371 2687 405 2750 et
421 2680 582 2770 dicerem,
601 2679 677 2747 mihi
695 2678 729 2746 id
746 2697 815 2748 non
833 2680 949 2768 licere;
968 2681 1067 2769 priori
1084 2698 1175 2769 meo,
1195 2682 1253 2768 qui
1271 2695 1398 2770 presens
1439 2715 1440 2718 =

285 2787 373 2871 erat,
390 2781 557 2868 precepit,
575 2785 611 2846 ut
628 2785 836 2864 me'cogeret
853 2779 999 2848 obedire.
1026 2777 1123 2860 Quod
1142 2785 1174 2847 et
1191 2778 1279 2847 lecit.
1298 2781 1398 2865 ltaque
1439 2835 1440 2842 ,

286 2898 359 2948 cum
385 2879 504 2946 multos
531 2879 565 2945 in
591 2895 653 2946 sua
676 2876 804 2946 diocesi
832 2879 955 2948 habeat
979 2881 1069 2948 viros
1093 2879 1265 2968 sapientes
1291 2885 1324 2946 et
1340 2877 1399 2945 clo·
1439 2897 1440 2906 ¹

287 2983 440 3066 suentes,
460 2983 575 3064 utpote
592 2975 772 3062 theologos
791 2976 941 3046 rhetores
957 2983 990 3046 et
1002 2977 1235 3068 philosophoS,
1256 2979 1311 3065 qui
1327 2975 1398 3044 beati
1437 2995 1439 3040 ;

287 3078 511 3144 antecessoris
529 3077 600 3144 eius
619 3076 718 3143 vitam
737 3079 924 3163 martyrium
944 3083 978 3145 ct
994 3078 1148 3144 miracula
1163 3076 1312 3162 eleganti
1326 3073 1397 3162 stylo

288 3175 431 3244 scrihere
459 3179 491 3241 et
521 3173 657 3242 lloribus
681 3174 852 3243 rhetoricis
883 3194 1002 3245 ornare
1032 3180 1193 3264 possent,
1219 3177 1250 3243 si
1281 3173 1399 3243 materia

286 3273 386 3342 ladde
405 3271 523 3363 digna,
551 3291 704 3342 sermone
729 3274 855 3343 inculto
873 3294 893 3344 a
911 3293 962 3344 mc
980 3280 1118 3343 tractata
1135 3273 1236 3343 suerit
1254 3280 1289 3342 et
1305 3272 1397 3361 erpi-

289 3378 380 3463 oata,
406 3389 474 3440 non
499 3371 577 3439 mihi
604 3390 702 3459 quem
728 3373 820 3459 cogit
845 3373 1052 3464 obedientia,
1081 3371 1141 3443 sed
1165 3373 1211 3442 illi
1228 3375 1340 3462 potius
1356 3369 1396 3458 qui

287 3473 431 3541 iniunxit
447 3469 671 3560 imputandum
691 3476 751 3540 est.

363 3573 473 3656 Caput
496 3570 730 3637 duodecimum.
766 3569 846 3638 Cum
863 3569 896 3635 in
916 3586 956 3636 ea
975 3567 1141 3637 electione
1158 3577 1335 3658 presentes
1351 3565 1396 3634 ad-

290 3677 407 3739 essent
440 3669 507 3738 dux
531 3669 721 3738 Walramus
746 3675 780 3737 et
805 3669 891 3736 lilius
918 3668 991 3734 cius
1016 3665 1208 3760 Heinrious,
1232 3671 1267 3737 in
1293 3675 1395 3736 tantun

289 3775 474 3837 commotus
499 3774 551 3836 est
574 3767 847 3856 archiepiscopus
866 3766 1010 3856 electus,
1028 3773 1065 3833 ut
1082 3765 1180 3836 leuda
1199 3787 1266 3856 que
1284 3768 1396 3835 Walra-

291 3885 364 3935 mus
383 3887 402 3936 a
419 3867 517 3936 heato
536 3867 630 3935 Petro
649 3865 794 3935 habehat
811 3872 845 3933 et
869 3883 933 3953 que
952 3865 1040 3934 hlius
1057 3867 1129 3933 eius
1148 3867 1319 3935 habituros
1335 3871 1395 3948 erat,

290 3967 461 4054 porrigere
479 3972 658 4048 recusaret,
672 3965 773 4054 idque
788 3964 830 4034 ob
846 3963 1025 4052 supradicti
1039 3966 1137 4032 castri
1151 3965 1396 4035 destmctionem.

292 4063 428 4132 Civibus
454 4065 551 4132 etiam
578 4067 716 4152 negavit
737 4064 875 4150 gratiam
893 4081 987 4130 suam
1005 4062 1048 4130 ol)
1065 4065 1311 4152 privilegiorum
1329 4080 1396 4130 coo·
1436 4055 1437 4058 ’

294 4163 528 4231 cremationem
546 4169 579 4231 et
597 4165 792 4233 societatem
810 4179 883 4231 cum
896 4161 1066 4232 Walramo
1080 4165 1193 4232 initam
1206 4170 1304 4253 atque
1321 4163 1396 4230 etiam
