2878 4834
290 221 362 293 2⁷0
648 249 842 300 cnnrsrrnnus
862 251 1055 300 noeurrrnua.

288 398 365 480 tarn,
382 388 531 480 paternis
556 383 729 458 otiantibus
753 388 930 458 eonsolan'.
962 388 1005 459 Et
1023 389 1233 460 eonoorditer
1250 391 1284 459 in
1307 409 1404 462 vene-

286 491 423 559 rabilem
439 489 544 556 virum
565 486 733 556 dominnm
758 487 946 557 Conrudum
972 489 1208 559 coloniensem
1233 489 1402 578 arehiepis-

287 607 409 678 oopurn
424 592 505 655 vota
523 604 585 655 sua
599 587 845 676 transtulerunt,
860 589 1072 674 postulantes
1087 607 1107 656 a
1121 589 1203 658 sede
1220 590 1398 680 apostoliea,

287 689 398 776 ipsum
413 687 477 755 sibi
493 685 604 774 prefiei
621 686 655 754 in
669 693 845 774 pastorem.
872 685 941 754 Sed
959 687 1024 756 beu
1045 688 1130 778 heu,
1148 689 1214 757 hoe
1230 706 1297 756 nou
1316 695 1399 776 pota-

286 794 337 855 rat
360 786 511 856 obtineri.
559 784 633 853 Non
655 791 710 854 est
730 785 793 854 hee
816 785 998 874 postulatio
1020 786 1183 877 admissa,
1216 786 1278 856 sed
1295 787 1399 856 eleotio

288 885 434 975 eapituio
457 885 617 954 restituta.
663 884 706 952 Et
729 902 772 952 no
802 885 1076 973 arehiepiscopus
1101 885 1312 956 coloniensis
1334 904 1400 972 egre

287 984 389 1054 ferret
401 1001 498 1052 suurn
512 981 713 1052 desiderium
727 1001 797 1052 non
814 983 1025 1074 conpletum,
1035 986 1101 1074 ipsi
1113 985 1294 1072 legationis
1305 983 1400 1071 digni-

288 1089 341 1152 tas
360 1089 411 1153 est
423 1083 611 1151 eornmissn.

362 1179 555 1251 Consedere
578 1197 705 1250 rursum
733 1177 851 1250 iratres
874 1181 1017 1252 eaolasie
1038 1181 1327 1272 Magantinensis‚
1352 1182 1400 1252 eli-

289 1287 375 1369 gunt
395 1299 492 1370 suurn
513 1280 720 1369 prepositura
735 1280 868 1350 nornine
885 1281 1114 1371 Christianum,
1130 1283 1187 1369 qui
1204 1300 1226 1350 a
1248 1281 1402 1350 cunabulis

290 1379 398 1450 iuerat
417 1381 451 1448 in
469 1380 544 1468 ipsa
562 1378 705 1448 eeclesia
720 1380 893 1449 enutritus.
918 1379 1045 1449 Eadem
1060 1379 1115 1450 die
1132 1387 1219 1448 esta
1235 1380 1346 1466 iegato
1359 1381 1402 1466 qui

290 1487 371 1548 tuno
387 1484 608 1566 eratpresens
624 1477 849 1567 eonfirmatus,
866 1486 899 1549 et
916 1497 1030 1565 arege
1046 1480 1214 1566 regalibus
1232 1481 1402 1567 investitus,

291 1577 345 1648 dia
363 1579 447 1647 Petri
462 1572 724 1666 eraserimus
742 1578 812 1646 inni
828 1576 904 1670 29].
932 1575 1050 1647 Omnia
1066 1578 1131 1650 heo
1144 1577 1338 1647 aediderunt
1350 1595 1403 1645 nno

290 1695 391 1767 anno,
409 1675 536 1746 soiliaet
548 1674 640 1764 quod
651 1674 807 1744 dominns
824 1677 1035 1748 coloniensis
1051 1685 1102 1746 est
1115 1679 1315 1768 postulatus,
1331 1675 1404 1764 qnod

288 1776 400 1846 iaetus
415 1781 469 1845 est
481 1775 628 1864 legatus,
644 1773 737 1862 quod
750 1773 904 1845 dominus
920 1777 1126 1846 Christianus
1137 1775 1247 1845 iaotrrs
1262 1783 1314 1844 est
1330 1777 1403 1863 apis-

290 1893 399 1964 oopus
409 1881 444 1944 et
453 1880 685 1962 consecratus,
697 1873 788 1961 quod
798 1876 932 1963 pallium
950 1881 1004 1944 ast
1018 1883 1206 1944 asseeutus.
1232 1872 1403 1944 Omnesre-

289 1975 418 2066 iigiosi,
445 1979 480 2042 et
507 1974 563 2061 qui
585 1971 683 2042 deum
701 1991 760 2060 pre
781 1975 886 2044 oeulis
904 1974 1028 2044 babere
1053 1974 1290 2063 credebantur,
1322 1977 1404 2062 super

290 2074 391 2142 buius
408 2073 550 2142 bortrinis
565 2072 774 2160 promotione
794 2073 1003 2162 gaudebant,
1030 2080 1208 2161 sperantes
1229 2091 1344 2161 paoem
1361 2089 1403 2140 re·

292 2173 356 2242 bus
373 2171 610 2261 dannomine
632 2172 710 2258 quia
730 2169 818 2240 idern
834 2173 962 2242 bellieis
976 2172 1077 2242 rebus
1093 2190 1163 2241 non
1177 2171 1286 2240 iuerat
1301 2189 1404 2240 assue-

292 2277 357 2340 tus.
393 2271 499 2340 Etiam
522 2271 578 2357 qui
601 2271 747 2356 negooio
770 2269 902 2340 inerant
926 2272 1065 2361 inimici,
1089 2272 1359 2357 aongratulantur
1375 2271 1405 2336 ai
1431 2331 1432 2344 .

291 2369 362 2440 Sed
378 2387 448 2438 non
463 2370 555 2438 stetit
575 2369 633 2438 diu
646 2370 680 2438 in
702 2369 908 2459 episeopatu.
938 2369 1127 2440 Aeeusatur
1147 2371 1234 2438 enirn
1256 2369 1342 2459 apud
1357 2387 1405 2456 pa-

292 2487 386 2560 pam,
403 2467 495 2556 quod
509 2469 645 2538 omnino
665 2469 790 2537 inutilis
809 2476 903 2538 esset
918 2470 1077 2560 eoelesie,
1102 2476 1136 2538 et
1151 2468 1243 2557 quod
1263 2475 1405 2538 evocatus
1430 2502 1431 2544 3

291 2567 336 2637 ad
346 2567 578 2656 expeditiones
593 2568 684 2653 regis
700 2569 823 2637 invitus
839 2569 977 2638 veniret.
994 2568 1069 2638 Hoa
1084 2575 1194 2638 autem
1209 2585 1323 2636 vernn
1339 2571 1403 2652 arat,
1430 2603 1431 2642 a

290 2685 335 2736 eo
355 2666 446 2755 quod
462 2667 578 2738 derant
597 2666 764 2757 ineendia,
779 2669 947 2738 seetiones
965 2669 1155 2755 vinearum,
1171 2667 1403 2736 devastationes

294 2773 456 2853 segetum.
480 2765 622 2834 Diaebat
637 2767 776 2836 atenim:
799 2784 1006 2851 nequaquam
1023 2767 1140 2834 dooere
1156 2765 1242 2834 tudio
1260 2764 1403 2834 sueern-
1429 2809 1430 2820 .

292 2870 367 2934 tea.
392 2865 461 2934 Sed
472 2863 773 2950 praemonuerat
783 2882 846 2951 per
858 2865 1007 2951 plodtram
1019 2867 1165 2951 spiritus,
1178 2865 1270 2950 pund
1282 2869 1333 2932 est
1346 2880 1404 2930 mr·
1429 2895 1430 2940 ;

294 2963 448 3046 demetet,
469 2963 652 3031 omnimode
672 2981 711 3030 ae
724 2968 914 3049 promptum
931 2963 1125 3054 asserebat,
1147 2968 1183 3030 et
1205 2962 1404 3032 uolumenum

293 3066 495 3130 servitorem.
521 3062 668 3150 Curaque
686 3063 759 3130 eius
774 3062 1051 3152 predeeessorura
1067 3064 1164 3150 sequi
1183 3063 1331 3148 vestigia
1345 3077 1403 3128 no·

295 3167 439 3251 noratur,
455 3161 645 3250 respondit:
667 3160 834 3246 Scriptum
852 3162 1192 3248 mediummedium
1210 3163 1246 3230 in
1261 3162 1404 3248 namnam.

296 3257 348 3329 Ob
372 3259 438 3328 boe
456 3261 492 3328 in
513 3259 623 3328 odium
643 3261 732 3346 regis
758 3266 792 3328 et
814 3261 988 3330 multorum
1011 3260 1126 3330 inuidit
1149 3261 1319 3329 laicorum.
1358 3255 1404 3337 oui

295 3377 414 3428 ornnes
438 3377 511 3428 eum
537 3367 755 3449 messenios,
782 3359 872 3447 apud
895 3377 1016 3448 papam
1048 3359 1264 3428 obtinuerunt
1285 3376 1355 3427 eun
1373 3354 1402 3422 ab

297 3460 494 3548 episeopatu
509 3459 599 3528 ornni
614 3458 815 3528 submoveri.
834 3458 944 3528 Cessit
962 3476 1044 3544 argo
1055 3477 1145 3528 anno
1160 3453 1403 3526 domininaob'.

296 3557 504 3627 Substitutus
521 3562 575 3626 est
594 3563 705 3626 autem
726 3557 769 3624 ab
790 3555 909 3626 eodem
929 3557 1045 3644 legato
1065 3556 1269 3628 adolesoens
1286 3553 1402 3623 subdiu-

296 3675 424 3747 aonus,
450 3655 799 3746 Garbnrdusnornine,
824 3656 912 3724 iiius
929 3657 1058 3725 eomitis
1073 3655 1235 3745 conradi,
1261 3652 1402 3743 quidioa-

298 3755 394 3824 batur
417 3755 590 3842 Sylvester
614 3771 740 3823 eornes.
784 3754 883 3824 Hune
913 3762 1022 3823 autem
1053 3755 1222 3823 substituit
1251 3750 1402 3822 cardinatis

298 3854 475 3942 presbyter
497 3860 529 3922 et
551 3854 701 3942 legatuS,
723 3853 877 3922 induetus
904 3874 923 3922 a
948 3854 1093 3941 quadarn
1115 3853 1273 3922 Heinrioo
1295 3850 1403 3919 arehie-

299 3953 441 4040 piseopo
458 3951 691 4022 Ebrudunansi
706 3946 716 3986 ¹
730 3954 787 4040 qui
804 3955 918 4022 socius
937 3960 1006 4021 erat
1020 3954 1125 4041 ipsius
1140 3953 1255 4038 iegati.
1289 3950 1352 4019 Nee
1365 3955 1402 4014 u-

301 4067 376 4119 rnen
393 4051 458 4118 boo
474 4053 547 4139 ipse
562 4051 738 4121 Heinrieus
752 4052 1025 4142 arehiepisoopus
1035 4052 1204 4120 eonsuinit
1221 4052 1293 4119 sine
1308 4062 1402 4117 eausa

302 4261 325 4315 E
326 4191 627 4315 ¹1ilgmlinerburgdunenai
649 4191 696 4246 bat
715 4193 763 4247 der
780 4191 881 4261 drnck,
905 4209 936 4248 es
953 4209 1011 4249 war
1028 4192 1094 4248 eber
1111 4191 1191 4263 Hugo
1209 4186 1404 4247 erzbiscposvon
