<?xml version="1.0" encoding="UTF-8"?>
<!DOCTYPE html PUBLIC "-//W3C//DTD XHTML 1.0 Transitional//EN"
    "http://www.w3.org/TR/xhtml1/DTD/xhtml1-transitional.dtd">
<html xmlns="http://www.w3.org/1999/xhtml" xml:lang="en" lang="en">
 <head>
  <title>
</title>
<meta http-equiv="Content-Type" content="text/html;charset=utf-8" />
  <meta name='ocr-system' content='tesseract 3.04.00' />
  <meta name='ocr-capabilities' content='ocr_page ocr_carea ocr_par ocr_line ocrx_word'/>
</head>
<body>
  <div class='ocr_page' id='page_1' title='image "./fontesrerumgerm00hubegoog_0418.png"; bbox 0 0 2890 4832; ppageno 0'>
   <div class='ocr_carea' id='block_1_1' title="bbox 387 210 1161 285">
    <p class='ocr_par' dir='ltr' id='par_1_1' title="bbox 387 210 1161 285">
     <span class='ocr_line' id='line_1_1' title="bbox 387 210 1161 285; baseline -0.006 0"><span class='ocrx_word' id='word_1_1' title='bbox 387 237 424 285; x_wconf 82' lang='lat' dir='ltr'><strong>an</strong></span> <span class='ocrx_word' id='word_1_2' title='bbox 444 235 610 284; x_wconf 82' lang='lat' dir='ltr'><strong>eonnrnmo</strong></span> <span class='ocrx_word' id='word_1_3' title='bbox 632 233 807 284; x_wconf 82' lang='lat' dir='ltr'><strong>concurrum.</strong></span> <span class='ocrx_word' id='word_1_4' title='bbox 1092 210 1161 280; x_wconf 87' lang='grc'><strong>355</strong></span> 
     </span>
    </p>
   </div>
   <div class='ocr_carea' id='block_1_2' title="bbox 24 373 1244 4219">
    <p class='ocr_par' dir='ltr' id='par_1_2' title="bbox 24 373 1244 958">
     <span class='ocr_line' id='line_1_2' title="bbox 25 373 1244 466; baseline 0.002 -20"><span class='ocrx_word' id='word_1_5' title='bbox 25 375 77 446; x_wconf 91' lang='lat' dir='ltr'><strong>die</strong></span> <span class='ocrx_word' id='word_1_6' title='bbox 95 375 149 442; x_wconf 94' lang='lat' dir='ltr'><strong>bis</strong></span> <span class='ocrx_word' id='word_1_7' title='bbox 175 373 385 466; x_wconf 89' lang='lat' dir='ltr'><strong>perdurans,</strong></span> <span class='ocrx_word' id='word_1_8' title='bbox 410 381 448 442; x_wconf 90' lang='lat' dir='ltr'><strong>ut</strong></span> <span class='ocrx_word' id='word_1_9' title='bbox 464 375 498 442; x_wconf 94' lang='lat' dir='ltr'><strong>in</strong></span> <span class='ocrx_word' id='word_1_10' title='bbox 522 373 670 464; x_wconf 91' lang='lat' dir='ltr'><strong>pluribus</strong></span> <span class='ocrx_word' id='word_1_11' title='bbox 688 374 774 444; x_wconf 92' lang='lat' dir='ltr'><strong>locis</strong></span> <span class='ocrx_word' id='word_1_12' title='bbox 793 373 923 444; x_wconf 86' lang='lat' dir='ltr'><strong>edificia</strong></span> <span class='ocrx_word' id='word_1_13' title='bbox 941 380 974 454; x_wconf 90' lang='lat' dir='ltr'><strong>et</strong></span> <span class='ocrx_word' id='word_1_14' title='bbox 992 376 1157 448; x_wconf 89' lang='lat' dir='ltr'><strong>ecclesias</strong></span> <span class='ocrx_word' id='word_1_15' title='bbox 1177 395 1244 454; x_wconf 79' lang='lat'><strong>1222</strong></span> 
     </span>
     <span class='ocr_line' id='line_1_3' title="bbox 26 471 1163 565; baseline 0.002 -21"><span class='ocrx_word' id='word_1_16' title='bbox 26 479 216 564; x_wconf 84' lang='lat' dir='ltr'><strong>everteret,</strong></span> <span class='ocrx_word' id='word_1_17' title='bbox 243 473 395 544; x_wconf 88' lang='lat' dir='ltr'><strong>homines</strong></span> <span class='ocrx_word' id='word_1_18' title='bbox 423 491 496 542; x_wconf 93' lang='lat' dir='ltr'><strong>cum</strong></span> <span class='ocrx_word' id='word_1_19' title='bbox 520 471 752 542; x_wconf 90' lang='lat' dir='ltr'><strong>sacerdotibus</strong></span> <span class='ocrx_word' id='word_1_20' title='bbox 778 475 994 565; x_wconf 83' lang='lat' dir='ltr'><strong>opprimeret,</strong></span> <span class='ocrx_word' id='word_1_21' title='bbox 1020 475 1163 546; x_wconf 76' lang='lat' dir='ltr'>Brixiam</span> 
     </span>
     <span class='ocr_line' id='line_1_4' title="bbox 26 571 1163 665; baseline 0.003 -23"><span class='ocrx_word' id='word_1_22' title='bbox 26 591 163 663; x_wconf 82' lang='lat' dir='ltr'><strong>quoque</strong></span> <span class='ocrx_word' id='word_1_23' title='bbox 184 574 355 642; x_wconf 88' lang='lat' dir='ltr'><strong>civitatem</strong></span> <span class='ocrx_word' id='word_1_24' title='bbox 373 573 442 642; x_wconf 86' lang='lat' dir='ltr'><strong>iere</strong></span> <span class='ocrx_word' id='word_1_25' title='bbox 461 577 561 640; x_wconf 89' lang='lat' dir='ltr'><strong>totum</strong></span> <span class='ocrx_word' id='word_1_26' title='bbox 579 589 653 639; x_wconf 95' lang='lat' dir='ltr'><strong>cum</strong></span> <span class='ocrx_word' id='word_1_27' title='bbox 671 571 796 660; x_wconf 91' lang='lat' dir='ltr'><strong>populo</strong></span> <span class='ocrx_word' id='word_1_28' title='bbox 816 571 979 665; x_wconf 84' lang='lat' dir='ltr'><strong>obrueret,</strong></span> <span class='ocrx_word' id='word_1_29' title='bbox 998 593 1098 663; x_wconf 90' lang='lat' dir='ltr'><strong>rupes</strong></span> <span class='ocrx_word' id='word_1_30' title='bbox 1119 575 1163 645; x_wconf 87' lang='lat' dir='ltr'><strong>dc</strong></span> 
     </span>
     <span class='ocr_line' id='line_1_5' title="bbox 25 669 1162 763; baseline 0.002 -22"><span class='ocrx_word' id='word_1_31' title='bbox 25 673 199 742; x_wconf 92' lang='lat' dir='ltr'><strong>montibus</strong></span> <span class='ocrx_word' id='word_1_32' title='bbox 221 671 395 763; x_wconf 80' lang='lat' dir='ltr'><strong>evelleret,</strong></span> <span class='ocrx_word' id='word_1_33' title='bbox 415 677 524 740; x_wconf 85' lang='lat' dir='ltr'><strong>castra</strong></span> <span class='ocrx_word' id='word_1_34' title='bbox 542 669 705 759; x_wconf 88' lang='lat' dir='ltr'><strong>deiceret,</strong></span> <span class='ocrx_word' id='word_1_35' title='bbox 724 675 758 740; x_wconf 87' lang='lat' dir='ltr'><strong>et</strong></span> <span class='ocrx_word' id='word_1_36' title='bbox 774 672 824 740; x_wconf 90' lang='lat' dir='ltr'><strong>sio</strong></span> <span class='ocrx_word' id='word_1_37' title='bbox 840 671 1008 740; x_wconf 90' lang='lat' dir='ltr'><strong>inauditas</strong></span> <span class='ocrx_word' id='word_1_38' title='bbox 1027 673 1162 743; x_wconf 90' lang='lat' dir='ltr'><strong>calami-</strong></span> 
     </span>
     <span class='ocr_line' id='line_1_6' title="bbox 24 768 1163 860; baseline 0 -20"><span class='ocrx_word' id='word_1_39' title='bbox 24 777 108 840; x_wconf 90' lang='lat' dir='ltr'><strong>tates</strong></span> <span class='ocrx_word' id='word_1_40' title='bbox 135 777 173 840; x_wconf 91' lang='lat' dir='ltr'><strong>et</strong></span> <span class='ocrx_word' id='word_1_41' title='bbox 197 771 351 840; x_wconf 78' lang='lat' dir='ltr'><strong>miserias</strong></span> <span class='ocrx_word' id='word_1_42' title='bbox 375 775 592 860; x_wconf 80' lang='lat' dir='ltr'><strong>perpetraret.</strong></span> <span class='ocrx_word' id='word_1_43' title='bbox 613 768 716 837; x_wconf 88' lang='lat' dir='ltr'><strong>Rome</strong></span> <span class='ocrx_word' id='word_1_44' title='bbox 743 771 842 838; x_wconf 90' lang='lat' dir='ltr'><strong>etiam</strong></span> <span class='ocrx_word' id='word_1_45' title='bbox 860 776 945 840; x_wconf 86' lang='lat' dir='ltr'><strong>terra</strong></span> <span class='ocrx_word' id='word_1_46' title='bbox 962 772 1062 842; x_wconf 85' lang='lat' dir='ltr'><strong>ndxta</strong></span> <span class='ocrx_word' id='word_1_47' title='bbox 1080 791 1163 841; x_wconf 89' lang='lat' dir='ltr'><strong>san-</strong></span> 
     </span>
     <span class='ocr_line' id='line_1_7' title="bbox 25 868 662 958; baseline -0.006 -19"><span class='ocrx_word' id='word_1_48' title='bbox 25 873 126 958; x_wconf 85' lang='lat' dir='ltr'><strong>guine</strong></span> <span class='ocrx_word' id='word_1_49' title='bbox 145 871 228 938; x_wconf 90' lang='lat' dir='ltr'><strong>visa</strong></span> <span class='ocrx_word' id='word_1_50' title='bbox 246 876 298 938; x_wconf 92' lang='lat' dir='ltr'><strong>est</strong></span> <span class='ocrx_word' id='word_1_51' title='bbox 316 868 357 938; x_wconf 93' lang='lat' dir='ltr'><strong>de</strong></span> <span class='ocrx_word' id='word_1_52' title='bbox 376 868 519 938; x_wconf 89' lang='lat' dir='ltr'><strong>nubibus</strong></span> <span class='ocrx_word' id='word_1_53' title='bbox 537 869 662 957; x_wconf 85' lang='lat' dir='ltr'><strong>pluere.</strong></span> 
     </span>
    </p>

    <p class='ocr_par' dir='ltr' id='par_1_3' title="bbox 26 965 1163 1253">
     <span class='ocr_line' id='line_1_8' title="bbox 95 965 1162 1058; baseline 0.001 -20"><span class='ocrx_word' id='word_1_54' title='bbox 95 970 181 1058; x_wconf 91' lang='lat' dir='ltr'><strong>Ipso</strong></span> <span class='ocrx_word' id='word_1_55' title='bbox 203 969 310 1036; x_wconf 91' lang='lat' dir='ltr'><strong>eciam</strong></span> <span class='ocrx_word' id='word_1_56' title='bbox 331 987 420 1038; x_wconf 91' lang='lat' dir='ltr'><strong>anno</strong></span> <span class='ocrx_word' id='word_1_57' title='bbox 439 966 662 1036; x_wconf 88' lang='lat' dir='ltr'><strong>Waldimarus</strong></span> <span class='ocrx_word' id='word_1_58' title='bbox 679 985 738 1034; x_wconf 89' lang='lat' dir='ltr'><strong>rex</strong></span> <span class='ocrx_word' id='word_1_59' title='bbox 754 965 859 1034; x_wconf 91' lang='lat' dir='ltr'><strong>Daoie</strong></span> <span class='ocrx_word' id='word_1_60' title='bbox 878 985 898 1036; x_wconf 94' lang='lat' dir='ltr'><strong>a</strong></span> <span class='ocrx_word' id='word_1_61' title='bbox 917 969 1037 1038; x_wconf 90' lang='lat' dir='ltr'><strong>comite</strong></span> <span class='ocrx_word' id='word_1_62' title='bbox 1055 969 1162 1040; x_wconf 90' lang='lat' dir='ltr'><strong>Hein-</strong></span> 
     </span>
     <span class='ocr_line' id='line_1_9' title="bbox 26 1064 1163 1157; baseline 0.003 -22"><span class='ocrx_word' id='word_1_63' title='bbox 26 1071 88 1136; x_wconf 91' lang='lat' dir='ltr'><strong>rico</strong></span> <span class='ocrx_word' id='word_1_64' title='bbox 108 1068 153 1136; x_wconf 92' lang='lat' dir='ltr'><strong>de</strong></span> <span class='ocrx_word' id='word_1_65' title='bbox 175 1067 332 1136; x_wconf 90' lang='lat' dir='ltr'><strong>Sciurinh</strong></span> <span class='ocrx_word' id='word_1_66' title='bbox 351 1085 424 1136; x_wconf 90' lang='lat' dir='ltr'><strong>cum</strong></span> <span class='ocrx_word' id='word_1_67' title='bbox 443 1066 510 1135; x_wconf 90' lang='lat' dir='ltr'><strong>hlio</strong></span> <span class='ocrx_word' id='word_1_68' title='bbox 529 1084 592 1134; x_wconf 91' lang='lat' dir='ltr'><strong>suo</strong></span> <span class='ocrx_word' id='word_1_69' title='bbox 610 1064 799 1133; x_wconf 90' lang='lat' dir='ltr'><strong>mirabiliter</strong></span> <span class='ocrx_word' id='word_1_70' title='bbox 817 1066 953 1157; x_wconf 87' lang='lat' dir='ltr'><strong>capitur,</strong></span> <span class='ocrx_word' id='word_1_71' title='bbox 973 1074 1006 1136; x_wconf 89' lang='lat' dir='ltr'><strong>et</strong></span> <span class='ocrx_word' id='word_1_72' title='bbox 1022 1070 1056 1136; x_wconf 96' lang='lat' dir='ltr'><strong>in</strong></span> <span class='ocrx_word' id='word_1_73' title='bbox 1075 1087 1163 1157; x_wconf 87' lang='lat' dir='ltr'><strong>quo-</strong></span> 
     </span>
     <span class='ocr_line' id='line_1_10' title="bbox 28 1163 1038 1253; baseline -0.001 -17"><span class='ocrx_word' id='word_1_74' title='bbox 28 1167 98 1236; x_wconf 90' lang='lat' dir='ltr'><strong>dam</strong></span> <span class='ocrx_word' id='word_1_75' title='bbox 118 1167 310 1235; x_wconf 93' lang='lat' dir='ltr'><strong>iortissimo</strong></span> <span class='ocrx_word' id='word_1_76' title='bbox 329 1173 439 1235; x_wconf 88' lang='lat' dir='ltr'><strong>castro</strong></span> <span class='ocrx_word' id='word_1_77' title='bbox 459 1165 637 1234; x_wconf 90' lang='lat' dir='ltr'><strong>abeodem</strong></span> <span class='ocrx_word' id='word_1_78' title='bbox 657 1163 808 1232; x_wconf 83' lang='lat' dir='ltr'><strong>custodie</strong></span> <span class='ocrx_word' id='word_1_79' title='bbox 825 1167 1038 1253; x_wconf 89' lang='lat' dir='ltr'><strong>mancipatur.</strong></span> 
     </span>
    </p>

    <p class='ocr_par' dir='ltr' id='par_1_4' title="bbox 27 1263 1162 2245">
     <span class='ocr_line' id='line_1_11' title="bbox 95 1263 1161 1355; baseline 0.002 -22"><span class='ocrx_word' id='word_1_80' title='bbox 95 1266 206 1334; x_wconf 83' lang='lat' dir='ltr'><strong>Anno</strong></span> <span class='ocrx_word' id='word_1_81' title='bbox 234 1264 357 1333; x_wconf 93' lang='lat' dir='ltr'><strong>domini</strong></span> <span class='ocrx_word' id='word_1_82' title='bbox 374 1265 567 1334; x_wconf 85' lang='lat' dir='ltr'><strong>mccxxiii.</strong></span> <span class='ocrx_word' id='word_1_83' title='bbox 585 1263 754 1334; x_wconf 90' lang='lat' dir='ltr'><strong>Honorius</strong></span> <span class='ocrx_word' id='word_1_84' title='bbox 771 1281 860 1351; x_wconf 91' lang='lat' dir='ltr'><strong>papa</strong></span> <span class='ocrx_word' id='word_1_85' title='bbox 877 1264 989 1334; x_wconf 92' lang='lat' dir='ltr'><strong>missis</strong></span> <span class='ocrx_word' id='word_1_86' title='bbox 1006 1264 1161 1355; x_wconf 89' lang='lat' dir='ltr'><strong>predica-</strong></span> 
     </span>
     <span class='ocr_line' id='line_1_12' title="bbox 27 1361 1161 1452; baseline -0.001 -18"><span class='ocrx_word' id='word_1_87' title='bbox 27 1363 150 1434; x_wconf 82' lang='lat' dir='ltr'><strong>toribus</strong></span> <span class='ocrx_word' id='word_1_88' title='bbox 179 1365 441 1452; x_wconf 77' lang='lat' dir='ltr'><strong>circumquaque</strong></span> <span class='ocrx_word' id='word_1_89' title='bbox 463 1381 594 1431; x_wconf 91' lang='lat' dir='ltr'><strong>crucem</strong></span> <span class='ocrx_word' id='word_1_90' title='bbox 612 1361 784 1451; x_wconf 90' lang='lat' dir='ltr'><strong>predicare</strong></span> <span class='ocrx_word' id='word_1_91' title='bbox 803 1361 957 1430; x_wconf 87' lang='lat' dir='ltr'><strong>fidelibus</strong></span> <span class='ocrx_word' id='word_1_92' title='bbox 974 1365 1091 1432; x_wconf 91' lang='lat' dir='ltr'><strong>iterum</strong></span> <span class='ocrx_word' id='word_1_93' title='bbox 1107 1366 1161 1433; x_wconf 92' lang='lat' dir='ltr'><strong>iu-</strong></span> 
     </span>
     <span class='ocr_line' id='line_1_13' title="bbox 28 1462 1162 1554; baseline 0.002 -24"><span class='ocrx_word' id='word_1_94' title='bbox 28 1464 87 1554; x_wconf 87' lang='lat' dir='ltr'><strong>bet,</strong></span> <span class='ocrx_word' id='word_1_95' title='bbox 103 1463 313 1532; x_wconf 90' lang='lat' dir='ltr'><strong>denuntians</strong></span> <span class='ocrx_word' id='word_1_96' title='bbox 330 1462 482 1532; x_wconf 93' lang='lat' dir='ltr'><strong>omnihus</strong></span> <span class='ocrx_word' id='word_1_97' title='bbox 497 1468 621 1551; x_wconf 90' lang='lat' dir='ltr'><strong>utpcst</strong></span> <span class='ocrx_word' id='word_1_98' title='bbox 634 1462 803 1530; x_wconf 86' lang='lat' dir='ltr'><strong>biennium</strong></span> <span class='ocrx_word' id='word_1_99' title='bbox 816 1462 851 1528; x_wconf 96' lang='lat' dir='ltr'><strong>in</strong></span> <span class='ocrx_word' id='word_1_100' title='bbox 867 1463 1040 1532; x_wconf 80' lang='lat' dir='ltr'><strong>nativitate</strong></span> <span class='ocrx_word' id='word_1_101' title='bbox 1054 1467 1162 1532; x_wconf 90' lang='lat' dir='ltr'><strong>sancti</strong></span> 
     </span>
     <span class='ocr_line' id='line_1_14' title="bbox 30 1558 1161 1652; baseline 0.001 -22"><span class='ocrx_word' id='word_1_102' title='bbox 30 1562 193 1631; x_wconf 86' lang='lat' dir='ltr'><strong>iohannis</strong></span> <span class='ocrx_word' id='word_1_103' title='bbox 214 1562 359 1650; x_wconf 89' lang='lat' dir='ltr'><strong>baptiste</strong></span> <span class='ocrx_word' id='word_1_104' title='bbox 378 1558 465 1652; x_wconf 91' lang='lat' dir='ltr'><strong>[iuni</strong></span> <span class='ocrx_word' id='word_1_105' title='bbox 484 1558 549 1652; x_wconf 79' lang='lat' dir='ltr'><strong>2n]</strong></span> <span class='ocrx_word' id='word_1_106' title='bbox 569 1579 642 1630; x_wconf 90' lang='lat' dir='ltr'><strong>cum</strong></span> <span class='ocrx_word' id='word_1_107' title='bbox 660 1561 811 1646; x_wconf 86' lang='lat' dir='ltr'><strong>glorioso</strong></span> <span class='ocrx_word' id='word_1_108' title='bbox 829 1561 1026 1648; x_wconf 88' lang='lat' dir='ltr'><strong>imperatore</strong></span> <span class='ocrx_word' id='word_1_109' title='bbox 1044 1562 1161 1631; x_wconf 88' lang='lat' dir='ltr'><strong>Fride-</strong></span> 
     </span>
     <span class='ocr_line' id='line_1_15' title="bbox 29 1657 1161 1750; baseline 0.002 -22"><span class='ocrx_word' id='word_1_110' title='bbox 29 1663 90 1730; x_wconf 92' lang='lat' dir='ltr'><strong>rico</strong></span> <span class='ocrx_word' id='word_1_111' title='bbox 109 1663 223 1749; x_wconf 90' lang='lat' dir='ltr'><strong>parati</strong></span> <span class='ocrx_word' id='word_1_112' title='bbox 238 1663 305 1728; x_wconf 94' lang='lat' dir='ltr'><strong>sint</strong></span> <span class='ocrx_word' id='word_1_113' title='bbox 319 1679 408 1729; x_wconf 90' lang='lat' dir='ltr'><strong>mare</strong></span> <span class='ocrx_word' id='word_1_114' title='bbox 423 1661 571 1728; x_wconf 88' lang='lat' dir='ltr'><strong>transire.</strong></span> <span class='ocrx_word' id='word_1_115' title='bbox 586 1659 777 1749; x_wconf 86' lang='lat' dir='ltr'><strong>Imperatori</strong></span> <span class='ocrx_word' id='word_1_116' title='bbox 794 1657 960 1728; x_wconf 87' lang='lat' dir='ltr'><strong>Priderico</strong></span> <span class='ocrx_word' id='word_1_117' title='bbox 971 1659 1161 1750; x_wconf 88' lang='lat' dir='ltr'><strong>desponsu-</strong></span> 
     </span>
     <span class='ocr_line' id='line_1_16' title="bbox 29 1757 1161 1846; baseline 0.001 -19"><span class='ocrx_word' id='word_1_118' title='bbox 29 1765 74 1828; x_wconf 89' lang='lat' dir='ltr'><strong>tur</strong></span> <span class='ocrx_word' id='word_1_119' title='bbox 89 1761 158 1830; x_wconf 89' lang='lat' dir='ltr'><strong>lilia</strong></span> <span class='ocrx_word' id='word_1_120' title='bbox 174 1760 343 1828; x_wconf 89' lang='lat' dir='ltr'><strong>Johannis</strong></span> <span class='ocrx_word' id='word_1_121' title='bbox 366 1761 457 1846; x_wconf 80' lang='lat' dir='ltr'><strong>regis</strong></span> <span class='ocrx_word' id='word_1_122' title='bbox 478 1758 748 1828; x_wconf 74' lang='lat' dir='ltr'><strong>ierosolimitani.</strong></span> <span class='ocrx_word' id='word_1_123' title='bbox 760 1757 889 1826; x_wconf 88' lang='lat' dir='ltr'><strong>Eodem</strong></span> <span class='ocrx_word' id='word_1_124' title='bbox 906 1777 995 1827; x_wconf 92' lang='lat' dir='ltr'><strong>anno</strong></span> <span class='ocrx_word' id='word_1_125' title='bbox 1013 1766 1161 1829; x_wconf 89' lang='lat' dir='ltr'><strong>mortuus</strong></span> 
     </span>
     <span class='ocr_line' id='line_1_17' title="bbox 32 1857 1161 1948; baseline 0 -21"><span class='ocrx_word' id='word_1_126' title='bbox 32 1865 77 1927; x_wconf 90' lang='lat' dir='ltr'><strong>est</strong></span> <span class='ocrx_word' id='word_1_127' title='bbox 92 1860 269 1948; x_wconf 91' lang='lat' dir='ltr'><strong>Philippus</strong></span> <span class='ocrx_word' id='word_1_128' title='bbox 287 1876 346 1927; x_wconf 83' lang='lat' dir='ltr'><strong>rex</strong></span> <span class='ocrx_word' id='word_1_129' title='bbox 357 1858 504 1947; x_wconf 83' lang='lat' dir='ltr'><strong>Francie,</strong></span> <span class='ocrx_word' id='word_1_130' title='bbox 523 1857 566 1927; x_wconf 89' lang='lat' dir='ltr'><strong>ad</strong></span> <span class='ocrx_word' id='word_1_131' title='bbox 582 1857 811 1926; x_wconf 84' lang='lat' dir='ltr'><strong>liberationem</strong></span> <span class='ocrx_word' id='word_1_132' title='bbox 827 1862 911 1924; x_wconf 91' lang='lat' dir='ltr'><strong>terre</strong></span> <span class='ocrx_word' id='word_1_133' title='bbox 930 1863 1047 1926; x_wconf 88' lang='lat' dir='ltr'><strong>sancte</strong></span> <span class='ocrx_word' id='word_1_134' title='bbox 1066 1877 1085 1926; x_wconf 94' lang='lat' dir='ltr'><strong>c</strong></span> <span class='ocrx_word' id='word_1_135' title='bbox 1103 1859 1161 1927; x_wconf 89' lang='lat' dir='ltr'><strong>etl</strong></span> 
     </span>
     <span class='ocr_line' id='line_1_18' title="bbox 30 1951 1158 2045; baseline 0.002 -21"><span class='ocrx_word' id='word_1_136' title='bbox 30 1958 112 2026; x_wconf 90' lang='lat' dir='ltr'><strong>milia</strong></span> <span class='ocrx_word' id='word_1_137' title='bbox 128 1977 317 2026; x_wconf 91' lang='lat' dir='ltr'><strong>marcarum</strong></span> <span class='ocrx_word' id='word_1_138' title='bbox 335 1959 464 2044; x_wconf 85' lang='lat' dir='ltr'><strong>legans.</strong></span> <span class='ocrx_word' id='word_1_139' title='bbox 491 1956 573 2024; x_wconf 89' lang='lat' dir='ltr'><strong>ltcm</strong></span> <span class='ocrx_word' id='word_1_140' title='bbox 588 1958 666 2045; x_wconf 91' lang='lat' dir='ltr'><strong>ipso</strong></span> <span class='ocrx_word' id='word_1_141' title='bbox 682 1973 771 2025; x_wconf 92' lang='lat' dir='ltr'><strong>anno</strong></span> <span class='ocrx_word' id='word_1_142' title='bbox 787 1951 961 2024; x_wconf 89' lang='lat' dir='ltr'><strong>Heinricus</strong></span> <span class='ocrx_word' id='word_1_143' title='bbox 976 1957 1086 2026; x_wconf 91' lang='lat' dir='ltr'><strong>iunior</strong></span> <span class='ocrx_word' id='word_1_144' title='bbox 1098 1975 1158 2026; x_wconf 87' lang='lat' dir='ltr'><strong>rex</strong></span> 
     </span>
     <span class='ocr_line' id='line_1_19' title="bbox 32 2053 1161 2141; baseline -0.001 -18"><span class='ocrx_word' id='word_1_145' title='bbox 32 2055 210 2126; x_wconf 88' lang='lat' dir='ltr'><strong>Northusin</strong></span> <span class='ocrx_word' id='word_1_146' title='bbox 224 2059 348 2126; x_wconf 89' lang='lat' dir='ltr'><strong>curium</strong></span> <span class='ocrx_word' id='word_1_147' title='bbox 361 2055 485 2124; x_wconf 90' lang='lat' dir='ltr'><strong>habuit.</strong></span> <span class='ocrx_word' id='word_1_148' title='bbox 499 2055 563 2124; x_wconf 93' lang='lat' dir='ltr'><strong>Ubi</strong></span> <span class='ocrx_word' id='word_1_149' title='bbox 580 2055 621 2124; x_wconf 92' lang='lat' dir='ltr'><strong>ab</strong></span> <span class='ocrx_word' id='word_1_150' title='bbox 636 2054 829 2141; x_wconf 83' lang='lat' dir='ltr'><strong>Engilbcrto</strong></span> <span class='ocrx_word' id='word_1_151' title='bbox 844 2053 1038 2123; x_wconf 87' lang='lat' dir='ltr'><strong>Coloniensi</strong></span> <span class='ocrx_word' id='word_1_152' title='bbox 1052 2055 1161 2123; x_wconf 89' lang='lat' dir='ltr'><strong>arohi-</strong></span> 
     </span>
     <span class='ocr_line' id='line_1_20' title="bbox 35 2152 1159 2245; baseline 0 -23"><span class='ocrx_word' id='word_1_153' title='bbox 35 2156 190 2245; x_wconf 88' lang='lat' dir='ltr'><strong>episcopo</strong></span> <span class='ocrx_word' id='word_1_154' title='bbox 204 2173 266 2245; x_wconf 94' lang='lat' dir='ltr'><strong>pro</strong></span> <span class='ocrx_word' id='word_1_155' title='bbox 280 2155 492 2224; x_wconf 92' lang='lat' dir='ltr'><strong>absolutionc</strong></span> <span class='ocrx_word' id='word_1_156' title='bbox 507 2155 596 2242; x_wconf 86' lang='lat' dir='ltr'><strong>regis</strong></span> <span class='ocrx_word' id='word_1_157' title='bbox 614 2153 717 2222; x_wconf 87' lang='lat' dir='ltr'><strong>Ducie</strong></span> <span class='ocrx_word' id='word_1_158' title='bbox 734 2153 871 2221; x_wconf 92' lang='lat' dir='ltr'><strong>multum</strong></span> <span class='ocrx_word' id='word_1_159' title='bbox 887 2152 1073 2224; x_wconf 87' lang='lat' dir='ltr'><strong>laboratum</strong></span> <span class='ocrx_word' id='word_1_160' title='bbox 1090 2153 1159 2222; x_wconf 85' lang='lat' dir='ltr'><strong>luit.</strong></span> 
     </span>
    </p>

    <p class='ocr_par' dir='ltr' id='par_1_5' title="bbox 36 2251 1222 4219">
     <span class='ocr_line' id='line_1_21' title="bbox 98 2251 1160 2330; baseline 0 -8"><span class='ocrx_word' id='word_1_161' title='bbox 98 2253 202 2330; x_wconf 84' lang='lat' dir='ltr'><strong>Anno</strong></span> <span class='ocrx_word' id='word_1_162' title='bbox 221 2253 346 2323; x_wconf 94' lang='lat' dir='ltr'><strong>domini</strong></span> <span class='ocrx_word' id='word_1_163' title='bbox 364 2254 567 2324; x_wconf 84' lang='lat' dir='ltr'><strong>mccxxiiii.</strong></span> <span class='ocrx_word' id='word_1_164' title='bbox 586 2251 761 2322; x_wconf 90' lang='lat' dir='ltr'><strong>Heinricus</strong></span> <span class='ocrx_word' id='word_1_165' title='bbox 778 2253 888 2321; x_wconf 90' lang='lat' dir='ltr'><strong>iunior</strong></span> <span class='ocrx_word' id='word_1_166' title='bbox 904 2271 963 2322; x_wconf 90' lang='lat' dir='ltr'><strong>rex</strong></span> <span class='ocrx_word' id='word_1_167' title='bbox 981 2253 1069 2321; x_wconf 92' lang='lat' dir='ltr'><strong>circa</strong></span> <span class='ocrx_word' id='word_1_168' title='bbox 1084 2271 1160 2322; x_wconf 90' lang='lat' dir='ltr'><strong>mc-</strong></span> 
     </span>
     <span class='ocr_line' id='line_1_22' title="bbox 38 2350 1160 2442; baseline 0.002 -23"><span class='ocrx_word' id='word_1_169' title='bbox 38 2350 115 2420; x_wconf 93' lang='lat' dir='ltr'><strong>dium</strong></span> <span class='ocrx_word' id='word_1_170' title='bbox 133 2355 259 2422; x_wconf 90' lang='lat' dir='ltr'><strong>maium</strong></span> <span class='ocrx_word' id='word_1_171' title='bbox 276 2352 494 2422; x_wconf 87' lang='lat' dir='ltr'><strong>Franhinvort</strong></span> <span class='ocrx_word' id='word_1_172' title='bbox 512 2354 634 2421; x_wconf 86' lang='lat' dir='ltr'><strong>curiam</strong></span> <span class='ocrx_word' id='word_1_173' title='bbox 652 2350 776 2420; x_wconf 90' lang='lat' dir='ltr'><strong>hahuit.</strong></span> <span class='ocrx_word' id='word_1_174' title='bbox 803 2351 868 2420; x_wconf 94' lang='lat' dir='ltr'><strong>Ubi</strong></span> <span class='ocrx_word' id='word_1_175' title='bbox 884 2353 997 2419; x_wconf 91' lang='lat' dir='ltr'><strong>nuncii</strong></span> <span class='ocrx_word' id='word_1_176' title='bbox 1013 2353 1160 2442; x_wconf 89' lang='lat' dir='ltr'><strong>impera-</strong></span> 
     </span>
     <span class='ocr_line' id='line_1_23' title="bbox 36 2451 1160 2540; baseline 0.002 -24"><span class='ocrx_word' id='word_1_177' title='bbox 36 2453 108 2520; x_wconf 94' lang='lat' dir='ltr'><strong>toris</strong></span> <span class='ocrx_word' id='word_1_178' title='bbox 127 2470 204 2520; x_wconf 94' lang='lat' dir='ltr'><strong>cum</strong></span> <span class='ocrx_word' id='word_1_179' title='bbox 222 2452 339 2520; x_wconf 88' lang='lat' dir='ltr'><strong>litteris</strong></span> <span class='ocrx_word' id='word_1_180' title='bbox 357 2453 463 2540; x_wconf 92' lang='lat' dir='ltr'><strong>ipsius</strong></span> <span class='ocrx_word' id='word_1_181' title='bbox 481 2451 662 2540; x_wconf 86' lang='lat' dir='ltr'><strong>aduerunt,</strong></span> <span class='ocrx_word' id='word_1_182' title='bbox 685 2451 876 2518; x_wconf 89' lang='lat' dir='ltr'><strong>intimantes</strong></span> <span class='ocrx_word' id='word_1_183' title='bbox 893 2451 965 2536; x_wconf 79' lang='lat' dir='ltr'><strong>regi</strong></span> <span class='ocrx_word' id='word_1_184' title='bbox 984 2457 1016 2519; x_wconf 92' lang='lat' dir='ltr'><strong>et</strong></span> <span class='ocrx_word' id='word_1_185' title='bbox 1033 2453 1160 2540; x_wconf 91' lang='lat' dir='ltr'><strong>prinoi-</strong></span> 
     </span>
     <span class='ocr_line' id='line_1_24' title="bbox 36 2548 1160 2637; baseline 0.001 -20"><span class='ocrx_word' id='word_1_186' title='bbox 36 2549 125 2635; x_wconf 91' lang='lat' dir='ltr'><strong>pibus</strong></span> <span class='ocrx_word' id='word_1_187' title='bbox 142 2549 382 2620; x_wconf 88' lang='lat' dir='ltr'><strong>Herimannum</strong></span> <span class='ocrx_word' id='word_1_188' title='bbox 405 2552 597 2637; x_wconf 84' lang='lat' dir='ltr'><strong>magistrum</strong></span> <span class='ocrx_word' id='word_1_189' title='bbox 615 2549 790 2636; x_wconf 92' lang='lat' dir='ltr'><strong>hospitalis</strong></span> <span class='ocrx_word' id='word_1_190' title='bbox 809 2555 925 2617; x_wconf 90' lang='lat' dir='ltr'><strong>sancte</strong></span> <span class='ocrx_word' id='word_1_191' title='bbox 944 2548 1047 2618; x_wconf 87' lang='lat' dir='ltr'><strong>illaric</strong></span> <span class='ocrx_word' id='word_1_192' title='bbox 1065 2551 1160 2618; x_wconf 86' lang='lat' dir='ltr'><strong>Teu-</strong></span> 
     </span>
     <span class='ocr_line' id='line_1_25' title="bbox 37 2647 1160 2738; baseline 0.004 -26"><span class='ocrx_word' id='word_1_193' title='bbox 37 2650 213 2718; x_wconf 90' lang='lat' dir='ltr'><strong>lonicorum</strong></span> <span class='ocrx_word' id='word_1_194' title='bbox 231 2651 265 2716; x_wconf 96' lang='lat' dir='ltr'><strong>in</strong></span> <span class='ocrx_word' id='word_1_195' title='bbox 284 2649 461 2738; x_wconf 88' lang='lat' dir='ltr'><strong>epiphania</strong></span> <span class='ocrx_word' id='word_1_196' title='bbox 479 2649 602 2718; x_wconf 92' lang='lat' dir='ltr'><strong>domini</strong></span> <span class='ocrx_word' id='word_1_197' title='bbox 619 2648 775 2717; x_wconf 91' lang='lat' dir='ltr'><strong>inSicilia</strong></span> <span class='ocrx_word' id='word_1_198' title='bbox 792 2647 836 2714; x_wconf 92' lang='lat' dir='ltr'><strong>ad</strong></span> <span class='ocrx_word' id='word_1_199' title='bbox 848 2649 1081 2735; x_wconf 88' lang='lat' dir='ltr'><strong>imperatorem</strong></span> <span class='ocrx_word' id='word_1_200' title='bbox 1096 2666 1160 2716; x_wconf 90' lang='lat' dir='ltr'><strong>ve-</strong></span> 
     </span>
     <span class='ocr_line' id='line_1_26' title="bbox 39 2745 1161 2838; baseline 0.003 -27"><span class='ocrx_word' id='word_1_201' title='bbox 39 2746 133 2838; x_wconf 89' lang='lat' dir='ltr'><strong>nisse,</strong></span> <span class='ocrx_word' id='word_1_202' title='bbox 152 2755 187 2817; x_wconf 90' lang='lat' dir='ltr'><strong>ct</strong></span> <span class='ocrx_word' id='word_1_203' title='bbox 201 2748 244 2818; x_wconf 92' lang='lat' dir='ltr'><strong>de</strong></span> <span class='ocrx_word' id='word_1_204' title='bbox 255 2766 418 2818; x_wconf 91' lang='lat' dir='ltr'><strong>succursu</strong></span> <span class='ocrx_word' id='word_1_205' title='bbox 436 2755 522 2817; x_wconf 86' lang='lat' dir='ltr'><strong>terre</strong></span> <span class='ocrx_word' id='word_1_206' title='bbox 541 2753 657 2816; x_wconf 90' lang='lat' dir='ltr'><strong>sancte</strong></span> <span class='ocrx_word' id='word_1_207' title='bbox 675 2745 719 2815; x_wconf 89' lang='lat' dir='ltr'><strong>ud</strong></span> <span class='ocrx_word' id='word_1_208' title='bbox 737 2746 802 2815; x_wconf 93' lang='lat' dir='ltr'><strong>hoo</strong></span> <span class='ocrx_word' id='word_1_209' title='bbox 820 2763 895 2814; x_wconf 90' lang='lat' dir='ltr'><strong>eum</strong></span> <span class='ocrx_word' id='word_1_210' title='bbox 914 2745 1106 2836; x_wconf 85' lang='lat' dir='ltr'><strong>induxisse,</strong></span> <span class='ocrx_word' id='word_1_211' title='bbox 1124 2752 1161 2814; x_wconf 88' lang='lat' dir='ltr'><strong>ut</strong></span> 
     </span>
     <span class='ocr_line' id='line_1_27' title="bbox 39 2845 1159 2936; baseline 0 -26"><span class='ocrx_word' id='word_1_212' title='bbox 39 2848 187 2916; x_wconf 91' lang='lat' dir='ltr'><strong>continuo</strong></span> <span class='ocrx_word' id='word_1_213' title='bbox 214 2847 354 2915; x_wconf 89' lang='lat' dir='ltr'><strong>Pharum</strong></span> <span class='ocrx_word' id='word_1_214' title='bbox 378 2845 573 2936; x_wconf 89' lang='lat' dir='ltr'><strong>disponeret</strong></span> <span class='ocrx_word' id='word_1_215' title='bbox 595 2847 734 2914; x_wconf 91' lang='lat' dir='ltr'><strong>transire</strong></span> <span class='ocrx_word' id='word_1_216' title='bbox 762 2851 796 2914; x_wconf 92' lang='lat' dir='ltr'><strong>et</strong></span> <span class='ocrx_word' id='word_1_217' title='bbox 818 2861 938 2912; x_wconf 89' lang='lat' dir='ltr'><strong>versus</strong></span> <span class='ocrx_word' id='word_1_218' title='bbox 964 2845 1159 2914; x_wconf 88' lang='lat' dir='ltr'><strong>Teutoniam</strong></span> 
     </span>
     <span class='ocr_line' id='line_1_28' title="bbox 40 2945 1159 3035; baseline 0.004 -28"><span class='ocrx_word' id='word_1_219' title='bbox 40 2945 163 3035; x_wconf 81' lang='lat' dir='ltr'><strong>uenire,</strong></span> <span class='ocrx_word' id='word_1_220' title='bbox 191 2953 226 3015; x_wconf 91' lang='lat' dir='ltr'><strong>et</strong></span> <span class='ocrx_word' id='word_1_221' title='bbox 250 2963 324 3014; x_wconf 90' lang='lat' dir='ltr'><strong>cum</strong></span> <span class='ocrx_word' id='word_1_222' title='bbox 343 2946 548 3034; x_wconf 91' lang='lat' dir='ltr'><strong>principibus</strong></span> <span class='ocrx_word' id='word_1_223' title='bbox 567 2945 609 3014; x_wconf 92' lang='lat' dir='ltr'><strong>de</strong></span> <span class='ocrx_word' id='word_1_224' title='bbox 627 2961 792 3032; x_wconf 92' lang='lat' dir='ltr'><strong>processu</strong></span> <span class='ocrx_word' id='word_1_225' title='bbox 810 2960 872 3012; x_wconf 92' lang='lat' dir='ltr'><strong>suo</strong></span> <span class='ocrx_word' id='word_1_226' title='bbox 892 2949 924 3010; x_wconf 89' lang='lat' dir='ltr'><strong>et</strong></span> <span class='ocrx_word' id='word_1_227' title='bbox 941 2947 1025 3011; x_wconf 90' lang='lat' dir='ltr'><strong>terre</strong></span> <span class='ocrx_word' id='word_1_228' title='bbox 1043 2949 1159 3012; x_wconf 88' lang='lat' dir='ltr'><strong>sancte</strong></span> 
     </span>
     <span class='ocr_line' id='line_1_29' title="bbox 42 3041 1160 3132; baseline 0.004 -26"><span class='ocrx_word' id='word_1_229' title='bbox 42 3046 168 3128; x_wconf 82' lang='lat' dir='ltr'><strong>negotio</strong></span> <span class='ocrx_word' id='word_1_230' title='bbox 186 3044 349 3114; x_wconf 90' lang='lat' dir='ltr'><strong>ordinare.</strong></span> <span class='ocrx_word' id='word_1_231' title='bbox 376 3044 497 3114; x_wconf 88' lang='lat' dir='ltr'><strong>Verum</strong></span> <span class='ocrx_word' id='word_1_232' title='bbox 515 3043 655 3112; x_wconf 89' lang='lat' dir='ltr'><strong>audiens</strong></span> <span class='ocrx_word' id='word_1_233' title='bbox 673 3044 866 3132; x_wconf 87' lang='lat' dir='ltr'><strong>imperator,</strong></span> <span class='ocrx_word' id='word_1_234' title='bbox 885 3041 1089 3111; x_wconf 86' lang='lat' dir='ltr'><strong>Sarracenos</strong></span> <span class='ocrx_word' id='word_1_235' title='bbox 1104 3044 1160 3130; x_wconf 89' lang='lat' dir='ltr'><strong>qui</strong></span> 
     </span>
     <span class='ocr_line' id='line_1_30' title="bbox 43 3137 1160 3234; baseline 0.007 -32"><span class='ocrx_word' id='word_1_236' title='bbox 43 3137 70 3204; x_wconf 93' lang='lat' dir='ltr'><strong>in</strong></span> <span class='ocrx_word' id='word_1_237' title='bbox 91 3149 199 3212; x_wconf 89' lang='lat' dir='ltr'><strong>monte</strong></span> <span class='ocrx_word' id='word_1_238' title='bbox 225 3143 362 3212; x_wconf 87' lang='lat' dir='ltr'><strong>Platano</strong></span> <span class='ocrx_word' id='word_1_239' title='bbox 384 3142 552 3234; x_wconf 86' lang='lat' dir='ltr'><strong>habitant,</strong></span> <span class='ocrx_word' id='word_1_240' title='bbox 576 3142 663 3210; x_wconf 90' lang='lat' dir='ltr'><strong>vello</strong></span> <span class='ocrx_word' id='word_1_241' title='bbox 690 3159 728 3210; x_wconf 86' lang='lat' dir='ltr'><strong>se</strong></span> <span class='ocrx_word' id='word_1_242' title='bbox 753 3159 814 3208; x_wconf 90' lang='lat' dir='ltr'><strong>sue</strong></span> <span class='ocrx_word' id='word_1_243' title='bbox 838 3141 950 3226; x_wconf 85' lang='lat' dir='ltr'><strong>gracie</strong></span> <span class='ocrx_word' id='word_1_244' title='bbox 969 3140 1160 3230; x_wconf 78' lang='lat' dir='ltr'><strong>subiugare,</strong></span> 
     </span>
     <span class='ocr_line' id='line_1_31' title="bbox 43 3235 1160 3329; baseline 0.006 -28"><span class='ocrx_word' id='word_1_245' title='bbox 43 3237 120 3306; x_wconf 90' lang='lat' dir='ltr'><strong>nisit</strong></span> <span class='ocrx_word' id='word_1_246' title='bbox 136 3260 197 3329; x_wconf 94' lang='lat' dir='ltr'><strong>pro</strong></span> <span class='ocrx_word' id='word_1_247' title='bbox 216 3235 420 3310; x_wconf 85' lang='lat' dir='ltr'><strong>marescalco</strong></span> <span class='ocrx_word' id='word_1_248' title='bbox 439 3259 501 3312; x_wconf 92' lang='lat' dir='ltr'><strong>suo</strong></span> <span class='ocrx_word' id='word_1_249' title='bbox 519 3243 553 3310; x_wconf 95' lang='lat' dir='ltr'><strong>in</strong></span> <span class='ocrx_word' id='word_1_250' title='bbox 571 3239 746 3310; x_wconf 88' lang='lat' dir='ltr'><strong>obsidione</strong></span> <span class='ocrx_word' id='word_1_251' title='bbox 765 3239 962 3328; x_wconf 89' lang='lat' dir='ltr'><strong>constituto,</strong></span> <span class='ocrx_word' id='word_1_252' title='bbox 980 3241 1100 3308; x_wconf 88' lang='lat' dir='ltr'><strong>volens</strong></span> <span class='ocrx_word' id='word_1_253' title='bbox 1119 3241 1160 3308; x_wconf 90' lang='lat' dir='ltr'><strong>ab</strong></span> 
     </span>
     <span class='ocr_line' id='line_1_32' title="bbox 47 3333 1160 3427; baseline 0.004 -27"><span class='ocrx_word' id='word_1_254' title='bbox 47 3351 80 3402; x_wconf 92' lang='lat' dir='ltr'><strong>eo</strong></span> <span class='ocrx_word' id='word_1_255' title='bbox 93 3337 293 3427; x_wconf 85' lang='lat' dir='ltr'><strong>investigare</strong></span> <span class='ocrx_word' id='word_1_256' title='bbox 311 3340 353 3409; x_wconf 92' lang='lat' dir='ltr'><strong>de</strong></span> <span class='ocrx_word' id='word_1_257' title='bbox 372 3345 460 3410; x_wconf 90' lang='lat' dir='ltr'><strong>statu</strong></span> <span class='ocrx_word' id='word_1_258' title='bbox 479 3341 735 3410; x_wconf 90' lang='lat' dir='ltr'><strong>Sarracenorum</strong></span> <span class='ocrx_word' id='word_1_259' title='bbox 755 3337 965 3423; x_wconf 81' lang='lat' dir='ltr'><strong>diligencius.</strong></span> <span class='ocrx_word' id='word_1_260' title='bbox 993 3333 1044 3405; x_wconf 93' lang='lat' dir='ltr'><strong>Oh</strong></span> <span class='ocrx_word' id='word_1_261' title='bbox 1062 3357 1160 3425; x_wconf 88' lang='lat' dir='ltr'><strong>quam</strong></span> 
     </span>
     <span class='ocr_line' id='line_1_33' title="bbox 46 3417 1161 3526; baseline 0.004 -28"><span class='ocrx_word' id='word_1_262' title='bbox 46 3448 167 3506; x_wconf 90' lang='lat' dir='ltr'><strong>causam</strong></span> <span class='ocrx_word' id='word_1_263' title='bbox 193 3440 334 3508; x_wconf 88' lang='lat' dir='ltr'><strong>Pharum</strong></span> <span class='ocrx_word' id='word_1_264' title='bbox 360 3440 499 3506; x_wconf 88' lang='lat' dir='ltr'><strong>transire</strong></span> <span class='ocrx_word' id='word_1_265' title='bbox 524 3417 668 3526; x_wconf 84' lang='lat' dir='ltr'><strong>distulit,</strong></span> <span class='ocrx_word' id='word_1_266' title='bbox 694 3439 802 3525; x_wconf 91' lang='lat' dir='ltr'><strong>ipsum</strong></span> <span class='ocrx_word' id='word_1_267' title='bbox 825 3434 1060 3503; x_wconf 91' lang='lat' dir='ltr'><strong>Herimannum</strong></span> <span class='ocrx_word' id='word_1_268' title='bbox 1081 3453 1161 3526; x_wconf 90' lang='lat' dir='ltr'><strong>prc-</strong></span> 
     </span>
     <span class='ocr_line' id='line_1_34' title="bbox 48 3528 1161 3627; baseline 0.007 -33"><span class='ocrx_word' id='word_1_269' title='bbox 48 3528 154 3604; x_wconf 92' lang='lat' dir='ltr'><strong>dictum</strong></span> <span class='ocrx_word' id='word_1_270' title='bbox 171 3556 232 3627; x_wconf 91' lang='lat' dir='ltr'><strong>pro</strong></span> <span class='ocrx_word' id='word_1_271' title='bbox 251 3543 369 3608; x_wconf 88' lang='lat' dir='ltr'><strong>sancte</strong></span> <span class='ocrx_word' id='word_1_272' title='bbox 389 3543 473 3606; x_wconf 88' lang='lat' dir='ltr'><strong>terre</strong></span> <span class='ocrx_word' id='word_1_273' title='bbox 491 3537 663 3626; x_wconf 91' lang='lat' dir='ltr'><strong>principali</strong></span> <span class='ocrx_word' id='word_1_274' title='bbox 681 3537 826 3604; x_wconf 90' lang='lat' dir='ltr'><strong>tuicione</strong></span> <span class='ocrx_word' id='word_1_275' title='bbox 845 3551 885 3601; x_wconf 91' lang='lat' dir='ltr'><strong>ac</strong></span> <span class='ocrx_word' id='word_1_276' title='bbox 901 3533 1029 3622; x_wconf 90' lang='lat' dir='ltr'><strong>imperii</strong></span> <span class='ocrx_word' id='word_1_277' title='bbox 1047 3551 1161 3620; x_wconf 83' lang='lat' dir='ltr'><strong>nego-</strong></span> 
     </span>
     <span class='ocr_line' id='line_1_35' title="bbox 47 3629 1222 3724; baseline 0.005 -32"><span class='ocrx_word' id='word_1_278' title='bbox 47 3629 96 3697; x_wconf 91' lang='lat' dir='ltr'><strong>ciis</strong></span> <span class='ocrx_word' id='word_1_279' title='bbox 118 3635 151 3702; x_wconf 93' lang='lat' dir='ltr'><strong>in</strong></span> <span class='ocrx_word' id='word_1_280' title='bbox 174 3634 404 3706; x_wconf 90' lang='lat' dir='ltr'><strong>Alemanniam</strong></span> <span class='ocrx_word' id='word_1_281' title='bbox 427 3637 632 3724; x_wconf 86' lang='lat' dir='ltr'><strong>premittens.</strong></span> <span class='ocrx_word' id='word_1_282' title='bbox 657 3633 731 3703; x_wconf 90' lang='lat' dir='ltr'><strong>Hoc</strong></span> <span class='ocrx_word' id='word_1_283' title='bbox 753 3635 860 3702; x_wconf 90' lang='lat' dir='ltr'><strong>eciam</strong></span> <span class='ocrx_word' id='word_1_284' title='bbox 876 3633 961 3700; x_wconf 89' lang='lat' dir='ltr'><strong>inter</strong></span> <span class='ocrx_word' id='word_1_285' title='bbox 979 3638 1090 3700; x_wconf 91' lang='lat' dir='ltr'><strong>cetera</strong></span> <span class='ocrx_word' id='word_1_286' title='bbox 1107 3633 1160 3700; x_wconf 93' lang='lat' dir='ltr'><strong>in·</strong></span> <span class='ocrx_word' id='word_1_287' title='bbox 1217 3687 1222 3698; x_wconf 95' lang='lat'>.</span> 
     </span>
     <span class='ocr_line' id='line_1_36' title="bbox 50 3727 1161 3825; baseline 0.01 -35"><span class='ocrx_word' id='word_1_288' title='bbox 50 3727 197 3825; x_wconf 87' lang='lat' dir='ltr'><strong>limantes,</strong></span> <span class='ocrx_word' id='word_1_289' title='bbox 217 3735 307 3823; x_wconf 91' lang='lat' dir='ltr'><strong>quod</strong></span> <span class='ocrx_word' id='word_1_290' title='bbox 326 3735 479 3804; x_wconf 91' lang='lat' dir='ltr'><strong>dominus</strong></span> <span class='ocrx_word' id='word_1_291' title='bbox 493 3736 671 3824; x_wconf 89' lang='lat' dir='ltr'><strong>imperator</strong></span> <span class='ocrx_word' id='word_1_292' title='bbox 683 3732 725 3800; x_wconf 91' lang='lat' dir='ltr'><strong>ad</strong></span> <span class='ocrx_word' id='word_1_293' title='bbox 739 3748 931 3801; x_wconf 91' lang='lat' dir='ltr'><strong>succursum</strong></span> <span class='ocrx_word' id='word_1_294' title='bbox 947 3737 1030 3802; x_wconf 88' lang='lat' dir='ltr'><strong>terre</strong></span> <span class='ocrx_word' id='word_1_295' title='bbox 1045 3737 1161 3802; x_wconf 89' lang='lat' dir='ltr'><strong>sancto</strong></span> 
     </span>
     <span class='ocr_line' id='line_1_37' title="bbox 50 3828 1162 3922; baseline -0.007 -14"><span class='ocrx_word' id='word_1_296' title='bbox 50 3828 272 3920; x_wconf 78' lang='lat' dir='ltr'><strong>auinquaginta</strong></span> <span class='ocrx_word' id='word_1_297' title='bbox 290 3851 395 3902; x_wconf 90' lang='lat' dir='ltr'><strong>naves</strong></span> <span class='ocrx_word' id='word_1_298' title='bbox 413 3832 528 3902; x_wconf 91' lang='lat' dir='ltr'><strong>iecerit</strong></span> <span class='ocrx_word' id='word_1_299' title='bbox 544 3833 713 3922; x_wconf 87' lang='lat' dir='ltr'><strong>preparari</strong></span> <span class='ocrx_word' id='word_1_300' title='bbox 730 3849 794 3918; x_wconf 91' lang='lat' dir='ltr'><strong>que</strong></span> <span class='ocrx_word' id='word_1_301' title='bbox 813 3829 944 3898; x_wconf 85' lang='lat' dir='ltr'><strong>usserio</strong></span> <span class='ocrx_word' id='word_1_302' title='bbox 962 3847 1162 3921; x_wconf 90' lang='lat' dir='ltr'><strong>nuncupan-</strong></span> 
     </span>
     <span class='ocr_line' id='line_1_38' title="bbox 51 3925 1161 4019; baseline 0.01 -32"><span class='ocrx_word' id='word_1_303' title='bbox 51 3925 106 4014; x_wconf 82' lang='lat' dir='ltr'><strong>tur,</strong></span> <span class='ocrx_word' id='word_1_304' title='bbox 129 3947 261 4017; x_wconf 82' lang='lat' dir='ltr'><strong>quarum</strong></span> <span class='ocrx_word' id='word_1_305' title='bbox 284 3931 479 4019; x_wconf 79' lang='lat' dir='ltr'><strong>magnitudo</strong></span> <span class='ocrx_word' id='word_1_306' title='bbox 504 3937 594 4002; x_wconf 88' lang='lat' dir='ltr'><strong>tante</strong></span> <span class='ocrx_word' id='word_1_307' title='bbox 612 3931 809 4019; x_wconf 89' lang='lat' dir='ltr'><strong>capacitatis</strong></span> <span class='ocrx_word' id='word_1_308' title='bbox 827 3929 905 4018; x_wconf 89' lang='lat' dir='ltr'><strong>erit,</strong></span> <span class='ocrx_word' id='word_1_309' title='bbox 923 3934 960 3995; x_wconf 93' lang='lat' dir='ltr'><strong>ut</strong></span> <span class='ocrx_word' id='word_1_310' title='bbox 977 3927 1044 3998; x_wconf 94' lang='lat' dir='ltr'><strong>duo</strong></span> <span class='ocrx_word' id='word_1_311' title='bbox 1062 3929 1161 3998; x_wconf 90' lang='lat' dir='ltr'><strong>millia</strong></span> 
     </span>
     <span class='ocr_line' id='line_1_39' title="bbox 51 4022 1161 4116; baseline 0.01 -32"><span class='ocrx_word' id='word_1_312' title='bbox 51 4022 166 4098; x_wconf 85' lang='lat' dir='ltr'><strong>militurn</strong></span> <span class='ocrx_word' id='word_1_313' title='bbox 184 4049 258 4099; x_wconf 93' lang='lat' dir='ltr'><strong>oum</strong></span> <span class='ocrx_word' id='word_1_314' title='bbox 276 4030 448 4099; x_wconf 84' lang='lat' dir='ltr'><strong>dextrariis</strong></span> <span class='ocrx_word' id='word_1_315' title='bbox 467 4033 537 4100; x_wconf 94' lang='lat' dir='ltr'><strong>suis</strong></span> <span class='ocrx_word' id='word_1_316' title='bbox 555 4037 588 4099; x_wconf 93' lang='lat' dir='ltr'><strong>et</strong></span> <span class='ocrx_word' id='word_1_317' title='bbox 602 4029 744 4099; x_wconf 93' lang='lat' dir='ltr'><strong>omnium</strong></span> <span class='ocrx_word' id='word_1_318' title='bbox 759 4045 923 4112; x_wconf 88' lang='lat' dir='ltr'><strong>armorum</strong></span> <span class='ocrx_word' id='word_1_319' title='bbox 935 4046 1070 4096; x_wconf 91' lang='lat' dir='ltr'><strong>suorum</strong></span> <span class='ocrx_word' id='word_1_320' title='bbox 1083 4045 1161 4116; x_wconf 90' lang='lat' dir='ltr'><strong>per-</strong></span> 
     </span>
     <span class='ocr_line' id='line_1_40' title="bbox 54 4117 1161 4219; baseline 0.011 -38"><span class='ocrx_word' id='word_1_321' title='bbox 54 4117 195 4219; x_wconf 87' lang='lat' dir='ltr'><strong>tinentiis,</strong></span> <span class='ocrx_word' id='word_1_322' title='bbox 215 4135 248 4198; x_wconf 92' lang='lat' dir='ltr'><strong>et</strong></span> <span class='ocrx_word' id='word_1_323' title='bbox 273 4135 425 4219; x_wconf 88' lang='lat' dir='ltr'><strong>preterea</strong></span> <span class='ocrx_word' id='word_1_324' title='bbox 443 4129 559 4198; x_wconf 90' lang='lat' dir='ltr'><strong>decem</strong></span> <span class='ocrx_word' id='word_1_325' title='bbox 583 4129 684 4198; x_wconf 92' lang='lat' dir='ltr'><strong>millia</strong></span> <span class='ocrx_word' id='word_1_326' title='bbox 702 4129 841 4198; x_wconf 91' lang='lat' dir='ltr'><strong>aliorum</strong></span> <span class='ocrx_word' id='word_1_327' title='bbox 858 4125 1026 4197; x_wconf 90' lang='lat' dir='ltr'><strong>hominum</strong></span> <span class='ocrx_word' id='word_1_328' title='bbox 1042 4126 1161 4195; x_wconf 87' lang='lat' dir='ltr'><strong>valen·</strong></span> 
     </span>
    </p>
   </div>
   <div class='ocr_carea' id='block_1_3' title="bbox 54 4215 1160 4386">
    <p class='ocr_par' dir='ltr' id='par_1_6' title="bbox 54 4215 1160 4386">
     <span class='ocr_line' id='line_1_41' title="bbox 54 4215 1160 4318; baseline 0.007 -31"><span class='ocrx_word' id='word_1_329' title='bbox 54 4215 118 4288; x_wconf 83' lang='lat' dir='ltr'><strong>lium</strong></span> <span class='ocrx_word' id='word_1_330' title='bbox 140 4227 179 4296; x_wconf 91' lang='lat' dir='ltr'><strong>ad</strong></span> <span class='ocrx_word' id='word_1_331' title='bbox 199 4247 346 4318; x_wconf 84' lang='lat' dir='ltr'><strong>pugnam</strong></span> <span class='ocrx_word' id='word_1_332' title='bbox 373 4235 407 4298; x_wconf 91' lang='lat' dir='ltr'><strong>et</strong></span> <span class='ocrx_word' id='word_1_333' title='bbox 431 4227 473 4298; x_wconf 88' lang='lat' dir='ltr'><strong>ad</strong></span> <span class='ocrx_word' id='word_1_334' title='bbox 498 4227 586 4298; x_wconf 90' lang='lat' dir='ltr'><strong>bella</strong></span> <span class='ocrx_word' id='word_1_335' title='bbox 604 4245 678 4296; x_wconf 88' lang='lat' dir='ltr'><strong>cum</strong></span> <span class='ocrx_word' id='word_1_336' title='bbox 696 4227 793 4296; x_wconf 87' lang='lat' dir='ltr'><strong>arnris</strong></span> <span class='ocrx_word' id='word_1_337' title='bbox 813 4228 883 4296; x_wconf 92' lang='lat' dir='ltr'><strong>suis</strong></span> <span class='ocrx_word' id='word_1_338' title='bbox 901 4225 934 4292; x_wconf 97' lang='lat' dir='ltr'><strong>in</strong></span> <span class='ocrx_word' id='word_1_339' title='bbox 954 4224 1080 4294; x_wconf 93' lang='lat' dir='ltr'><strong>eisdem</strong></span> <span class='ocrx_word' id='word_1_340' title='bbox 1097 4241 1160 4294; x_wconf 90' lang='lat' dir='ltr'><strong>us-</strong></span> 
     </span>
     <span class='ocr_line' id='line_1_42' title="bbox 909 4329 965 4386; baseline 0 0"><span class='ocrx_word' id='word_1_341' title='bbox 909 4329 965 4386; x_wconf 80' lang='grc'><strong>23*</strong></span> 
     </span>
    </p>
   </div>
   <div class='ocr_carea' id='block_1_4' title="bbox 0 0 1461 4832">
    <p class='ocr_par' dir='ltr' id='par_1_7' title="bbox 0 0 1461 4832">
     <span class='ocr_line' id='line_1_43' title="bbox 0 0 1461 4832; baseline 0 0"><span class='ocrx_word' id='word_1_342' title='bbox 0 0 1461 4832; x_wconf 95' lang='lat' dir='ltr'><strong> </strong></span> 
     </span>
    </p>
   </div>
  </div>
 </body>
</html>
