2878 4834
288 253 360 324 290
646 281 771 330 neroum
793 283 856 330 cnr.
880 283 942 330 ner.
964 283 1066 330 conon.

288 421 357 492 lste
384 419 503 496 debilis
531 426 565 490 et
589 438 696 490 senex
720 421 919 490 renuntiavit
945 421 1171 511 episcopatui,
1195 429 1227 488 et
1250 423 1285 488 in
1305 420 1413 490 habitu

288 519 377 610 apud
396 519 529 614 domum
553 521 664 608 Berge
689 520 868 593 defunctus
887 527 957 610 cst,
977 539 1050 588 cum
1068 519 1214 598 sedisset
1230 521 1296 590 suh
1314 520 1412 590 Hein-

290 621 359 690 rico
377 621 574 708 imperatore
592 637 681 690 anno
697 621 755 689 vix
772 637 850 688 unc.

363 719 429 786 xlv.
447 715 642 809 Adolphus,
669 719 803 788 maioris
830 719 974 788 ecclesie
1000 721 1207 808 prepositae,
1235 717 1412 806 quintilius

289 817 400 886 fratris
419 823 490 886 eret
508 818 586 886 dieti
604 819 786 908 Brunonis,
804 819 879 906 ipsc
897 819 1058 888 Brunone.
1071 817 1179 886 adhuc
1191 819 1329 886 vivente
1343 835 1413 885 suc-

290 919 403 986 cessit.
434 916 502 984 lste
529 916 685 986 Heinrico
710 919 908 1004 imperatore
933 922 1076 986 mortuo·
1092 914 1248 986 Ottonem
1268 919 1413 985 comitem

289 1017 454 1106 Pictavie,
473 1015 606 1086 favente
625 1035 713 1105 papa
730 1017 943 1106 Innocentio,
962 1015 1107 1084 Heinrioi
1132 1015 1304 1103 quondam
1329 1015 1412 1084 ducis

290 1115 437 1186 Saxonie
456 1113 555 1184 lilium
565 1167 574 1205 ,
594 1114 636 1184 dc
654 1117 801 1184 Pictavia
819 1116 988 1204 evocavit,
1015 1122 1047 1184 el
1065 1117 1181 1204 paucis
1201 1115 1264 1184 sibi
1285 1117 1413 1203 episeo-

289 1217 341 1303 pis
361 1215 417 1283 vel
440 1215 643 1303 principibus
671 1214 933 1286 assentientibus
957 1215 991 1281 in
1010 1233 1123 1301 regem
1142 1215 1247 1301 elegit
1264 1221 1302 1283 et
1318 1213 1413 1302 Aquis

291 1315 518 1401 consecravit,
543 1315 662 1382 celcris
689 1313 892 1402 principibus
915 1313 1096 1402 Philippum
1122 1313 1257 1382 tratrem
1274 1315 1413 1402 impera·

290 1414 371 1480 toris
397 1414 432 1480 in
458 1431 572 1499 regem
588 1413 812 1500 eligentibus.
838 1413 927 1486 Hinc.
941 1430 1001 1500 per
1018 1418 1123 1481 totum
1140 1431 1283 1499 regnum
1301 1429 1413 1499 graues
1435 1411 1436 1448 ³

290 1519 325 1580 et
348 1512 545 1599 multiplices
571 1530 692 1598 guerre
722 1513 881 1583 oriuntur.
917 1513 1019 1580 Terra
1043 1511 1208 1580 incendiis
1228 1518 1263 1580 et
1288 1514 1413 1600 rapinis,
1435 1501 1436 1548 l

290 1618 324 1680 et
340 1612 481 1678 maxime
500 1611 713 1680 coloniensis
732 1611 1061 1700 archiepiscopatus,
1080 1609 1311 1680 devastantur.
1330 1612 1413 1678 'lan-
1435 1601 1436 1648 ³

290 1710 366 1778 dem
383 1706 559 1798 hdolphns
578 1710 790 1778 Coloniensis
805 1711 1090 1799 archiepiscopus
1109 1712 1318 1781 necessitate
1335 1728 1415 1778 oom-

289 1809 425 1899 pulsus,
445 1815 496 1898 ct,
514 1815 551 1878 ut
568 1817 740 1900 asserunt,
760 1811 906 1897 quinque
924 1809 1065 1878 millibus
1084 1827 1266 1878 marcarum
1285 1827 1414 1896 corrup-

290 1914 363 1998 tus,
383 1905 538 1977 Ottonem
556 1908 719 1999 deseruit,
744 1913 778 1976 et
796 1908 839 1978 ad
856 1909 1039 1998 Philippum
1059 1926 1097 1976 se
1127 1909 1297 1978 transtulit
1324 1916 1358 1978 et
1373 1910 1415 1976 in·
1435 1919 1436 1946 ¹

290 2008 446 2077 consulto
464 2026 571 2097 papa,
589 2014 704 2077 contra
724 2009 899 2098 iustitiam,
923 2005 1030 2094 Aquis
1051 2008 1084 2076 in
1107 2025 1221 2094 regem
1241 2026 1415 2082 consecra·
1435 1999 1436 2047 ³

291 2108 346 2174 vit.
372 2106 468 2176 Unde
486 2109 559 2196 ipse
578 2107 620 2176 ab
634 2107 832 2180 innocentio
848 2125 934 2195 papa
949 2107 1271 2196 excommunicatus,
1282 2113 1319 2176 et
1330 2103 1413 2196 [per]
1435 2099 1436 2146 l

292 2204 472 2292 Sigiridum
489 2205 723 2293 Mogontinum
740 2205 1029 2294 archiepiscopum
1047 2211 1080 2274 et
1099 2203 1386 2294 cameracensem,
1402 2223 1416 2271 a
1435 2201 1436 2245 l

289 2303 426 2374 dominc
442 2323 531 2394 papa
549 2305 724 2392 delegatos
747 2304 895 2396 iudices,
917 2305 951 2375 in
977 2305 1123 2375 ccclesia
1145 2307 1256 2374 sancti
1281 2305 1368 2374 Petri
1390 2299 1436 2370 inl

292 2403 444 2492 Colonia,
462 2421 572 2474 coram
591 2401 715 2474 Ottone
738 2421 819 2490 rege
838 2410 872 2474 et
888 2405 1046 2472 universo
1065 2404 1156 2472 clero
1175 2413 1208 2472 et
1225 2404 1365 2494 populo,
1383 2403 1415 2470 de
1435 2401 1436 2446 l

292 2501 453 2589 dignitate
480 2503 663 2592 pontificali
688 2503 883 2594 deponitur,
910 2508 944 2572 ct
968 2509 1004 2572 ut
1025 2503 1109 2573 alius
1128 2504 1276 2590 eligatur
1293 2499 1436 2572 indica-l

293 2609 352 2672 tur.
379 2601 473 2670 Sedit
490 2605 587 2672 annis
605 2603 661 2671 xii.
1435 2617 1436 2640 ¹

365 2702 442 2770 xlvi.
460 2703 571 2770 Brunc
589 2702 779 2772 Bonnensis
796 2700 1000 2790 prepositus.
1039 2697 1112 2782 Quo
1131 2700 1289 2772 ordinato
1310 2700 1352 2772 ad
1371 2702 1413 2766 in-

292 2803 446 2870 stantiam
466 2798 609 2890 Adelphi
625 2801 795 2888 Philippus
812 2818 871 2868 rex
884 2799 1034 2870 offensus
1054 2817 1127 2868 cum
1148 2802 1300 2870 exercitu
1319 2800 1412 2868 Colo·
1435 2837 1436 2850 ι

292 2901 379 2968 niam
397 2902 489 2968 vemt
504 2907 537 2968 et
555 2919 626 2970 eam
645 2899 794 2988 obsedit,
814 2905 847 2967 et
871 2915 945 2968 oum
961 2898 1043 2968 nihil
1064 2899 1244 2986 proliceret
1271 2899 1413 2968 ansian

292 2997 482 3088 proiectus,
517 3017 590 3068 eam
615 3000 656 3090 lin
684 2998 887 3067 deditionem
918 2998 1048 3086 accepit
1073 3003 1107 3066 et
1132 2997 1293 3086 Adclpbe
1320 2998 1414 3067 arciri-

293 3097 455 3185 episccpo
474 3097 617 3166 tradidit.
643 3098 725 3166 ltcm
743 3115 833 3166 anno
852 3097 1007 3184 sequenti
1024 3097 1192 3185 Philippus
1211 3115 1272 3166 rex
1290 3099 1414 3186 episcc-

292 3201 405 3284 putnm
424 3195 660 3266 Coloniensem
678 3197 855 3266 devastare
873 3197 970 3284 cepit.
1004 3196 1086 3264 Tum
1103 3196 1216 3264 Bruno
1235 3197 1413 3284 archiepis-

295 3310 400 3383 copus
418 3314 490 3364 cum
511 3293 634 3366 Ottcne
653 3315 733 3382 rege
751 3313 925 3364 occurrere
944 3301 1113 3382 statuens,
1139 3296 1232 3364 iuxta
1251 3296 1411 3364 Wasscn-

292 3394 377 3480 berg
402 3397 579 3482 congressi
604 3403 697 3484 sunt,
729 3395 841 3482 ibique
873 3395 1012 3462 victoria
1038 3393 1187 3482 Philippo
1215 3394 1358 3463 cedente
1387 3397 1411 3458 et

293 3491 417 3564 Ottcne
443 3494 577 3585 lugeto,
603 3497 716 3564 Bruno
741 3493 1014 3582 archiepiscopus
1040 3493 1186 3582 capitur,
1214 3495 1409 3578 vinculisque

293 3595 503 3684 mancipatus
525 3613 586 3682 per
611 3610 733 3662 annum
756 3594 790 3660 in
810 3591 963 3661 custodia
981 3591 1154 3663 detinetur.
1188 3591 1296 3674 Quem
1314 3600 1410 3662 tamen

293 3692 351 3760 ille
375 3693 543 3782 Philippus
568 3692 611 3764 ad
628 3694 768 3779 gratiam
792 3693 981 3780 suscipiens
999 3689 1134 3760 Romam
1153 3694 1333 3760 transmisit
1350 3705 1409 3758 cnm

296 3790 539 3882 cardinalibus,
566 3810 651 3880 quos
677 3791 764 3860 idem
789 3809 877 3879 papa
902 3789 942 3878 ad
966 3789 1144 3858 videndum
1163 3791 1361 3880 Philippum,
1385 3793 1410 3854 et

295 3888 338 3956 ad
355 3907 469 3976 pacem
488 3890 746 3960 confirmandum
764 3892 847 3957 inter
864 3891 972 3978 ipsum
991 3885 1189 3958 etOttonem
1208 3908 1333 3977 regern,
1356 3888 1410 3954 mi-

295 3995 394 4056 serat.
428 3990 550 4059 Postea
575 3992 690 4060 occiso
713 3989 863 4077 Philippo
887 4005 967 4074 rege
992 3987 1079 4056 idem
1103 3988 1215 4057 Bruno
1230 4007 1302 4058 cum
1320 3987 1409 4056 literis

295 4085 417 4154 asede
440 4089 627 4176 apostolica
646 4089 836 4176 revertitur,
860 4093 892 4156 et
918 4087 959 4154 ab
982 4087 1169 4156 hominibus
1196 4105 1271 4156 oum
1296 4088 1410 4156 honore

296 4191 491 4274 susceptae,
510 4188 542 4254 in
561 4187 652 4256 brevi
671 4187 879 4276 defungitur,
899 4193 933 4254 et
949 4187 983 4254 in
1001 4185 1100 4254 domc
1118 4188 1227 4256 sancti
1245 4188 1330 4256 Petri
1348 4200 1407 4253 cum

294 4283 432 4369 planctu
450 4284 618 4372 sepelitur.
646 4286 739 4356 Sedit
757 4287 853 4356 antris
873 4285 987 4354 tribus.
