2950 4836
286 224 360 294 ll9lt
663 251 835 300 urnnarnus
856 251 1041 300 nantuensis.

206 399 273 456 ¹196
291 390 435 458 doricus.
461 387 560 470 Quod
585 393 622 456 ut
644 391 781 478 primurn
806 408 866 477 per
881 388 1054 458 Albertum
1071 388 1223 458 comitem
1242 386 1285 456 de
1303 388 1412 474 Bogcn

285 498 366 560 tunc
383 491 417 556 in
434 486 556 576 Apulia
572 489 770 557 existentem
785 487 940 556 Heinriee
959 488 1148 576 imperatori
1165 489 1322 576 innotuit,
1339 507 1412 574 gra-

285 590 369 658 ciam
393 606 486 656 suarn
512 605 578 674 qua
603 592 681 654 tunc
706 587 841 656 carebat
866 589 1013 676 recipere
1039 586 1167 656 meruit.
1195 585 1267 654 Sed
1286 593 1319 654 et
1336 585 1411 655 Ota-

285 688 386 756 ohero
412 686 538 754 Boemo
564 686 621 772 qui
651 692 686 754 et
710 687 848 754 Premizl
878 688 1018 773 gratiam
1044 685 1172 754 cesaris
1198 691 1234 752 et
1267 683 1412 754 ducatum

284 787 456 875 prist-inum
474 785 670 872 impetravit.
688 785 877 855 Destitutns
896 786 1034 856 enimin
1052 785 1145 852 curia
1163 783 1350 852 Wormatie
1363 803 1414 852 ce-

284 885 412 953 lebrata
441 881 566 972 iuerat,
597 901 657 970 pro
683 901 725 952 eo
751 884 841 972 quod
868 889 983 954 contra
1009 881 1218 952 Ludevicum
1244 881 1366 950 ducem
1388 886 1417 950 in

284 984 441 1054 auxilium
465 981 516 1052 Al.
542 983 671 1052 comitis
697 983 881 1054 Bawariam
906 985 1095 1052 intraverat.
1121 977 1203 1052 Otto
1221 981 1416 1052 Bubenber-

285 1083 402 1170 gensis
421 1082 603 1169 episcopus
623 1081 720 1171 obiit,
739 1083 792 1150 oui
811 1084 916 1170 Tymo
936 1083 1110 1152 successit.
1250 1147 1254 1152 ,

358 1181 541 1250 M.c.xo.vii.
553 1178 811 1250 Christianorum
826 1183 991 1252 exercitus
1005 1178 1151 1268 quodam
1166 1176 1329 1248 Gotirido
1344 1177 1419 1246 dnoe

285 1279 327 1350 de
345 1279 490 1348 Brabant
507 1296 596 1348 mara
614 1281 785 1369 transivit,
804 1285 838 1348 et
856 1282 1010 1352 civitates
1025 1277 1111 1348 duas
1126 1276 1295 1348 videlieet
1316 1276 1421 1365 Sydo-

284 1397 360 1448 nem
380 1386 413 1448 et
436 1377 567 1446 Baruch
590 1382 623 1448 et
644 1378 709 1446 ulia
730 1397 831 1466 quam
854 1379 949 1470 plura
971 1385 1080 1448 castra
1103 1394 1168 1464 que
1194 1375 1423 1464 possederant

285 1477 460 1548 Sarraceni
477 1482 738 1565 occupaverunt.
760 1475 937 1548 Heinricus
953 1479 1132 1566 imperator
1148 1474 1266 1544 adbuc
1284 1477 1323 1544 in
1337 1474 1424 1564 Apu-

282 1577 327 1644 lia
350 1578 482 1664 positus
504 1582 653 1646 mortuus
667 1581 731 1650 cst.
758 1575 833 1658 Quo
852 1583 979 1648 mortuo
997 1575 1178 1664 Phylippus
1199 1574 1274 1644 dux
1294 1574 1424 1662 Suevic,

284 1673 384 1744 irater
404 1673 547 1764 predicti
561 1676 784 1766 imperatoris,
804 1683 838 1746 ct
856 1675 952 1766 Otto,
972 1673 1223 1744 liliusHeinrici
1241 1673 1424 1761 aliqnando

284 1773 380 1842 dueis
401 1773 553 1842 bawarie
575 1773 807 1866 Saxonieque,
834 1792 895 1862 pro
914 1792 1019 1861 regno
1042 1771 1319 1863 contenderunt,
1338 1773 1425 1858 Phy-

283 1873 375 1962 lippo
391 1872 603 1961 postmodum
627 1872 832 1961 prevalente.
862 1874 927 1944 lste
950 1873 1151 1960 PhylippuS‚
1177 1873 1426 1958 nonagesimus

284 1981 400 2040 sextus
426 1972 467 2040 ab
490 1968 664 2061 Augusto,
691 1973 786 2057 regni
809 1971 948 2040 Romani
973 1974 1045 2040 iura
1063 1977 1226 2040 strennue
1245 1970 1426 2056 guberna-

283 2073 349 2162 vit,
367 2069 495 2140 iaciens
508 2069 663 2138 iudicium
684 2076 717 2138 et
733 2071 896 2138 iusticiam
910 2071 1063 2140 omnibus
1078 2071 1134 2158 qui
1153 2067 1196 2136 ad
1216 2086 1299 2136 eum
1315 2069 1428 2138 auxilii

284 2171 391 2257 gratia
417 2167 654 2257 confugerunt,
679 2175 713 2238 et
733 2169 796 2238 bec
821 2169 968 2240 uberius.
985 2169 1122 2240 lecisset
1151 2169 1278 2236 sinon
1307 2166 1428 2238 suisset

283 2269 423 2356 predicti
455 2265 588 2336 Ottonis
615 2273 649 2336 et
669 2278 803 2336 suorum
825 2268 990 2338 lautorum
1009 2267 1193 2338 obstaculis
1213 2267 1427 2354 prepeditus.

181 2455 183 2460 Ι
283 2367 345 2436 Hie
370 2385 444 2434 cum
461 2365 571 2434 adbuc
587 2369 621 2434 in
639 2369 735 2452 regni
755 2367 843 2436 solio
869 2367 1065 2438 sublimatus
1084 2383 1152 2434 non
1171 2363 1317 2455 luisset,
1346 2384 1427 2453 pro-

284 2468 418 2537 miserat
434 2464 556 2536 ducere
574 2467 856 2534 matrimonialiter
874 2467 971 2536 liliam
995 2464 1127 2534 Ottonis
1148 2464 1293 2532 Palatini
1314 2466 1425 2534 comi-

283 2567 325 2635 tis
351 2564 394 2634 de
417 2563 683 2652 Witeleinspach
712 2583 809 2651 quum
838 2564 1049 2654 postmodum
1080 2561 1280 2650 repudiavit.
1323 2563 1423 2632 Unde

283 2663 371 2734 idem
396 2681 509 2733 comes
531 2668 716 2732 commotus
736 2665 881 2732 accessit
894 2667 928 2732 in
950 2661 1168 2734 Babenbercb
1191 2659 1236 2728 ad
1254 2679 1423 2732 cameram

282 2765 388 2852 ipsius
405 2763 513 2851 ragis,
532 2767 698 2849 tamquam
721 2763 752 2829 ei
769 2763 863 2832 solos
884 2763 1022 2852 pacifice
1040 2763 1234 2849 locuturus,
1254 2765 1292 2830 et
1309 2761 1423 2848 gladio

284 2881 382 2951 quem
403 2861 535 2932 occulte
552 2861 709 2947 gestabat
725 2862 831 2948 ipsum
851 2880 966 2948 regern
988 2861 1099 2932 subito
1117 2857 1298 2928 interiecit.

359 2961 553 3032 biennali.
566 2959 767 3030 adalbertus
776 2961 1047 3050 archiepiscopus
1062 2959 1326 3046 salzpurgensis
1336 2960 1422 3028 circu

283 3057 418 3136 lluvium
433 3060 487 3146 oui
504 3056 1055 3130 diciturlameraministerialibus
1066 3059 1204 3146 capitur,
1218 3063 1253 3127 et
1264 3059 1301 3126 in
1311 3064 1421 3130 castro

284 3157 432 3226 Werven
451 3175 511 3243 per
527 3157 598 3226 dies
610 3157 859 3244 quatuordeeim
873 3165 991 3246 captus
1006 3163 1146 3226 tenetur.
1165 3156 1308 3242 Propter
1323 3175 1420 3244 quam

284 3257 512 3325 enormitatem
522 3255 600 3324 iacti
610 3255 1163 3345 divinainsalzpurgensiecolesia
1173 3254 1420 3344 aliispucepis-

284 3355 589 3444 copatibusvicinis
607 3355 783 3424 interdicta
799 3363 886 3426 sum.
912 3355 1076 3424 liberasti
1098 3371 1160 3422 nos
1178 3371 1224 3420 cn
1239 3354 1420 3441 affligenti-

284 3453 343 3522 bus
362 3459 530 3524 cantatum
549 3456 644 3523 estol
661 3455 810 3524 dimisso.
837 3452 996 3526 Albertus'
1008 3471 1122 3524 eomes
1142 3452 1185 3522 do
1199 3453 1323 3538 Bogen
1341 3454 1420 3522 obiit

284 3555 476 3640 relinquens
503 3559 568 3621 tres
588 3553 674 3620 lilios
691 3551 890 3640 liupoldum
906 3552 1119 3622 Berhtoldum
1135 3557 1169 3620 et
1185 3549 1372 3620 Albertum.

357 3653 565 3720 blcmcviiii.
581 3651 1325 3740 Celestinnsterciuspapaobiit.lnnocentius
1335 3670 1418 3739 papa

285 3750 380 3818 sedit.
398 3751 588 3839 Episcopus
604 3750 799 3820 Wolllrcrus
818 3752 1025 3820 Patavieusis
1042 3769 1116 3820 curn
1134 3748 1270 3817 duobus
1289 3752 1417 3818 comiti-

283 3849 347 3916 bus
365 3849 406 3916 de
426 3847 633 3940 Ortenberch
648 3849 824 3937 Rapotone
841 3856 873 3918 et
886 3849 1053 3938 Heinrico,
1073 3850 1130 3935 qui
1154 3849 1337 3918 ecclesiam
1352 3849 1418 3916 Pa-

284 3949 468 4016 tavienscm
490 3954 712 4036 vastaverant,
731 3947 952 4038 contendens
975 3947 1164 4016 mirabiliter
1185 3948 1337 4016 castellis
1355 3965 1416 4014 eo·

284 4065 355 4114 rum
370 4049 510 4114 vastatis
531 4047 683 4114 contrivit
705 4063 782 4136 cos,
802 4047 911 4114 multis
929 4048 1054 4116 ibidem
1071 4047 1301 4134 pereuntibus.
1329 4045 1417 4114 ldcm

285 4146 464 4232 episcopus
482 4145 569 4230 cepit
585 4145 739 4240 edificare
754 4153 898 4214 castrum
913 4148 946 4214 in
963 4143 1169 4233 Obernperg.
1197 4144 1329 4234 Corpus
1354 4144 1417 4214 do-

284 4243 364 4311 mini
381 4243 415 4312 in
432 4240 587 4326 Augusta
609 4245 741 4312 civitate
762 4262 895 4314 versum
915 4252 967 4314 est
987 4247 1021 4314 ia
1047 4250 1220 4315 cruentam
1237 4262 1379 4314 emnem.
