2950 4836
425 293 598 344 annuamus
620 293 809 340 nnrnnansrs.
1110 267 1183 342 517,

104 429 275 498 lll·.eo.lx.i.
287 431 426 499 Domina
436 431 618 519 Elysabeth
631 431 768 500 ducissa
779 433 929 504 Bawnrie
940 433 1176 521 peperlt'lilium
1196 453 1258 506 rael

23 528 60 594 in
93 531 253 616 proxima
273 537 382 600 ,noete
417 538 494 619 post
520 530 638 598 iestunr
670 538 787 600 saneto
820 531 1008 601 Seolastiee
1039 533 1179 618 virginis

24 623 126 714 [leb.
149 627 227 716 lo]‚
247 647 345 716 quem
372 628 525 698 dominus
543 628 718 698 Heinrieus
744 629 812 698 dux
837 632 1005 700 nominariw
1024 630 1100 700 leoit
1118 628 1180 698 Ot-

22 731 166 794 tonam.
188 727 314 796 Eodem
332 747 421 797 auno
439 728 593 797 dominus
608 726 798 797 Alexander
815 739 902 818 papa
919 729 1038 800 direxit
1053 731 1180 799 litteras

23 824 183 910 regibus
202 833 236 894 et
253 826 405 916 ducibus,
424 827 687 916 archiepiscopis
706 835 740 896 et
757 830 937 919 episeopis,
956 847 996 896 ae
1013 830 1179 898 universis

21 923 248 1012 principibus
267 925 472 1014 diuisurum,
498 925 662 994 hortando
680 927 775 1015 ipsos
794 934 830 996 ut
848 935 965 996 eontra
982 927 1180 996 horrendam

22 1021 166 1090 rabiem
187 1024 394 1092 Tartarorum
412 1025 560 1093 consiliis
576 1032 609 1092 et
627 1027 724 1092 armis
743 1044 780 1094 se
799 1028 983 1114 premunire
1007 1026 1178 1096 deberent.

21 1120 123 1188 Nam
143 1121 244 1190 iidem
262 1124 405 1212 Tartari,
425 1123 566 1192 devietis
588 1125 651 1191 iarn
677 1131 710 1192 et
728 1123 847 1193 deletis
867 1125 1018 1194 omnibus
1042 1125 1178 1211 regibus

23 1225 62 1286 ot
84 1223 211 1305 reguis
231 1221 489 1290 Sarracenorum
507 1225 541 1290 in
560 1222 706 1312 partibus
726 1225 953 1292 transmarinis
960 1276 970 1313 ,
988 1223 1178 1312 Antyoohie

23 1325 62 1385 et
82 1316 230 1388 Akaron
249 1339 290 1388 ae
303 1321 376 1388 aliis
390 1321 648 1389 Christianorum
666 1324 844 1410 provinciis
860 1330 1016 1391 torrorem
1033 1330 1098 1390 tarn
1117 1333 1178 1390 ua-

24 1417 144 1485 lidum
164 1419 393 1510 incusserunt,
420 1419 525 1488 ntad
550 1421 659 1488 diotos
681 1439 799 1514 papam
825 1428 858 1490 et
884 1440 982 1508 roges
1007 1421 1178 1510 supplioes

24 1515 287 1604 et'l‘requentes
305 1517 496 1605 legationes
513 1518 693 1605 dirigerent
716 1539 775 1608 pro
795 1539 964 1588 sueoursu.
989 1519 1084 1589 Unde
1104 1539 1178 1588 eum

24 1633 144 1703 super
163 1616 229 1684 hoo
246 1618 397 1702 negoeio.
410 1619 585 1686 eorroilium
604 1620 637 1684 in
656 1625 776 1686 octava
793 1619 1020 1708 apostolorum
1040 1620 1128 1687 Petri
1146 1626 1180 1687 et

26 1713 135 1781 Pauli
165 1715 352 1783 habendum
380 1718 414 1784 in
435 1717 580 1785 Viterbio
599 1716 823 1805 condixisset,
842 1719 917 1805 ipse
935 1735 1023 1806 papa
1040 1719 1096 1786 viii
1113 1717 1177 1810 lml.
1229 1709 1233 1716 ’

25 1814 122 1880 iunii
136 1809 233 1903 [mai
248 1813 319 1906 25]
339 1815 426 1883 diem
444 1817 565 1884 elausit
591 1822 781 1884 extremum.
808 1817 867 1884 Cui
887 1817 1054 1887 suooessit
1068 1816 1178 1884 daeo-

25 1911 100 1980 bus
127 1913 313 2000 patriaroha
332 1913 632 2004 lerosolimitanuS,
650 1922 683 1982 et
700 1915 808 1983 dietus
828 1921 880 1982 est
899 1915 1050 1983 Urbanus
1070 1933 1177 2002 quar-

25 2017 104 2078 tus.
144 2008 271 2079 Otalrer
302 2032 360 2080 rex
391 2013 484 2082 duxit
509 2013 762 2099 Chunigundam
791 2013 903 2080 filium·
924 2014 1013 2098 regis
1045 2012 1176 2100 Roscio,

27 2116 176 2197 neptem
196 2109 276 2177 Bele
294 2114 383 2198 regis
397 2113 542 2198 Ungarie
562 2130 604 2182 ex
623 2112 698 2202 filia,
717 2111 850 2180 domina
866 2112 1057 2198 Margareta
1073 2130 1175 2180 uxore

28 2211 115 2276 sine
135 2208 260 2276 iudioio
279 2212 423 2280 eoelesle
443 2210 685 2299 repudiatam
702 2231 768 2280 una
786 2230 859 2278 eum
876 2212 949 2299 ipsa
967 2213 1000 2278 in
1022 2213 1176 2296 sequenti

27 2307 127 2375 festo
148 2309 332 2378 nativitatis
351 2309 480 2378 Domini
493 2309 596 2396 regali
611 2308 810 2398 dyademate
826 2317 1002 2378 eoronatur
1017 2329 1037 2377 a
1050 2309 1176 2377 Wern-

28 2407 121 2478 hero
141 2406 395 2496 archiepiscopo
414 2409 624 2495 Mogontiuo.
650 2409 762 2478 Frater
780 2408 935 2477 Albertus
951 2407 1176 2497 llatisponen-

28 2507 82 2572 sis
111 2506 313 2597 episeopus,
336 2507 469 2594 fugiens
495 2515 559 2575 tam
582 2526 734 2594 magnam
755 2527 867 2576 euram
882 2509 1088 2592 animarum,
1108 2507 1175 2575 do·-

30 2605 130 2672 mino
159 2603 292 2675 Urbano
317 2625 404 2694 pape
425 2606 522 2675 ollert
548 2606 765 2676 voluntariam
790 2607 990 2675 cessionem.
1017 2606 1077 2674 Cui
1095 2624 1176 2674 sue-

29 2701 131 2770 eedit
149 2701 304 2772 domiuus
318 2705 388 2773 Leo
406 2705 555 2774 eiusdem
568 2706 711 2778 eoelesie
728 2708 921 2775 canonieus.
1169 2767 1171 2774 ,

116 2800 291 2871 Meelxii.
318 2804 458 2874 Domina
484 2805 669 2891 Elysabeth
695 2804 832 2872 duoissa
861 2803 1013 2872 Bouario
1046 2803 1176 2890 peperit

31 2901 141 2967 filium
166 2900 200 2967 iu
226 2902 340 2988 vigilia
376 2905 483 2972 saneti
512 2901 649 2992 Muthye
683 2899 764 2996 [leo.
795 2901 881 2994 23]‚
906 2904 963 2990 qui
989 2900 1098 2970 dietus
1124 2907 1177 2969 est

30 2999 230 3067 Heinriens

112 3097 314 3188 Menlxiiii.
333 3100 370 3167 ln
388 3106 507 3168 oetava
526 3107 642 3171 sanote
661 3098 803 3186 Agnetis
823 3106 942 3168 ventus
962 3107 1026 3166 tam
1045 3097 1176 3167 validus

31 3204 90 3266 est
110 3202 269 3286 exortus,
289 3205 405 3266 utnon
424 3201 532 3268 solum
558 3198 689 3267 edilreia
710 3201 847 3287 plurima
870 3199 1094 3286 subverteret,
1114 3197 1176 3272 sed

31 3297 137 3365 etiarn
165 3296 409 3382 prosternendo
437 3299 557 3366 multas
585 3299 720 3366 arbores
745 3307 901 3384 maguum
928 3297 1105 3384 dampnum
1123 3294 1139 3362 l
1158 3333 1175 3346 -

32 3402 131 3463 neret
150 3395 184 3460 in
202 3397 392 3465 nemoribus
409 3404 443 3464 et
460 3399 493 3464 in
516 3398 621 3466 silvis,
648 3396 772 3466 Eodem
792 3414 880 3464 anno
902 3397 936 3463 in
959 3413 1074 3462 mense
1093 3395 1179 3480 iulio¹

31 3501 67 3562 et
86 3500 239 3578 augusto
257 3497 408 3582 apparuit
426 3497 524 3564 stella
545 3495 688 3584 quedam
709 3513 810 3582 quea
829 3513 866 3562 se
888 3495 967 3562 mire
992 3492 1174 3561 altitudinis

29 3600 67 3661 et
87 3592 314 3677 longitudinis
334 3593 445 3662 radios
465 3595 644 3662 omittebat.
664 3595 758 3662 Hane
776 3593 906 3662 stellam
924 3591 1080 3660 dioebaut
1095 3597 1174 3659 esse

33 3695 216 3760 nemetum.
250 3691 374 3760 Eodem
404 3711 492 3761 unrro
517 3695 550 3762 in
573 3701 761 3782 autumpno?
779 3691 931 3761 dominus
957 3690 1174 3758 Preminlrex

31 3789 178 3858 Boemie
205 3791 320 3876 quiet
337 3789 503 3860 Otalrarus
530 3794 697 3881 copulavit
715 3793 813 3860 dlinnr
833 3791 957 3859 sororis
976 3808 1054 3878 sue,
1074 3783 1174 3857 uide-

30 3891 116 3957 lioet
138 3886 237 3956 dliam
260 3887 392 3958 Ottouis
418 3891 617 3960 rrrarolriouis
649 3889 690 3958 de
720 3889 997 3977 Brandeuburoh,
1023 3889 1103 3956 Belo
1121 3889 1174 3956 iu-

33 3989 121 4055 niori
152 3988 223 4071 regi
239 3988 393 4074 Ungarle.
421 3990 575 4058 Urbanus
593 4010 681 4080 papa
695 3991 828 4058 moritur·
845 3991 878 4057 in
898 4006 1014 4056 mense
1034 3987 1174 4075 octobri,

33 4093 69 4154 et
89 4092 174 4174 aput
191 4085 360 4155 l’erusium
380 4089 548 4176 sepelitur.

111 4185 287 4252 Meuium.
307 4187 467 4256 Dominus
487 4187 605 4256 Guido
624 4185 790 4276 quondam
811 4187 905 4254 miles
922 4192 1092 4274 uxoratus
1112 4185 1173 4251 lm-

29 4285 120 4354 bens
147 4283 233 4352 duas
259 4286 342 4354 lilius
365 4303 423 4374 por
449 4305 604 4378 rrxorem,
631 4283 750 4374 postea
777 4285 884 4353 lautus
903 4284 1171 4378 episeopusl’o-
