2890 4832
390 251 526 300 masnmr
547 251 615 300 mm
637 253 660 298 s.
682 255 868 302 rrarnruumr.
1124 227 1190 298 301

73 395 137 462 sire
154 409 208 481 per
225 389 487 460 invaletudinem
506 391 682 482 neglecta,
701 393 774 480 ipse
793 411 853 482 per
870 393 1026 462 indiuium
1051 401 1085 464 et
1107 413 1193 464 son-

73 494 195 561 tentiam
213 492 432 579 reeuperauit.
465 492 548 559 Puto
567 499 677 560 tamen
697 491 787 579 quod
805 492 926 560 iudieio
948 494 1000 562 vel
1026 497 1194 564 sententia

70 591 222 659 modioum
240 588 456 680 proieoisse't‚
481 591 509 658 si
527 592 626 658 animi
644 592 747 658 virtus
766 598 800 658 et
818 592 930 660 militie
950 594 1047 662 robur
1063 594 1109 662 illi
1128 594 1194 663 de-

70 690 188 758 luisset.
215 691 329 757 Preter
347 688 495 758 redditus
514 690 728 778 episcopales
745 697 824 779 post
849 697 987 760 mortem
1014 692 1122 762 fratris
1141 702 1194 762 te-

69 790 162 858 nebat
177 796 296 856 terrain
313 789 433 878 patria,
459 787 502 856 de
520 807 586 876 qua
604 789 751 858 habebat
768 791 1002 860 ministeriales
1020 793 1141 862 multos
1161 800 1195 860 et

69 888 206 956 redditus
224 905 377 974 magnos.
423 885 475 954 Ob
502 906 600 975 quarn
628 905 761 956 oausam
780 889 874 958 duois
893 890 1070 981 Walrumi‚
1099 893 1193 962 euius

70 988 146 1056 ilius
165 987 339 1056 Heinrieus
358 986 455 1054 filiurn
470 984 616 1075 Adelphi
633 988 921 1058 eomitisdurrerat
938 1007 1089 1079 uxorem,
1108 1003 1217 1059 eon-⁶

69 1096 110 1154 tra
135 1103 171 1154 se
207 1103 276 1154 non
308 1085 471 1154 modieam
496 1087 699 1155 excitaverat
731 1088 898 1156 inuidiam.
942 1088 1058 1177 Sopita
1083 1096 1192 1158 tamen

69 1187 169 1254 onnia
187 1184 317 1253 inerant
335 1184 391 1252 tali
415 1192 513 1273 paeto
532 1187 791 1276 interveniente,
822 1193 858 1256 ut
881 1187 1035 1257 dominus
1055 1190 1193 1276 episeo-

68 1303 122 1373 pus
140 1283 253 1372 quoad
271 1285 402 1353 viveret
418 1290 548 1353 teneret
566 1290 702 1375 terram,
729 1286 784 1356 ille
811 1304 893 1356 vero
918 1286 960 1354 ab
987 1305 1027 1355 eo
1049 1289 1193 1375 singulis

69 1385 154 1452 annis
172 1386 207 1451 in
224 1385 377 1472 paeuniis
396 1385 559 1472 reciperet
575 1385 783 1472 pensionem.
809 1385 962 1454 Preterea
980 1386 1089 1455 leudis
1107 1387 1193 1455 mul-

67 1485 103 1550 tis
129 1502 168 1550 ae
200 1481 324 1572 prediis
352 1481 497 1552 diversis
530 1484 708 1552 eeclesiam
741 1484 977 1553 Coloniensem
1011 1485 1127 1554 ditavit
1161 1492 1194 1554 et

69 1582 264 1671 sublimavit,
291 1583 450 1652 terminos
469 1583 543 1650 eius
562 1583 751 1652 civitatibus
770 1586 889 1652 eastris
908 1591 942 1652 et
959 1586 1193 1674 possessioni-

67 1682 121 1749 bus
139 1682 317 1770 ampliavit.
360 1679 510 1762 Quadam
534 1700 576 1750 ex
593 1681 644 1750 his
672 1682 714 1750 de
732 1700 821 1751 nevo
840 1683 1023 1774 edilieavit‚
1051 1684 1193 1772 quedam

67 1782 249 1870 renovarit,
269 1780 429 1849 nonnulla
446 1782 590 1869 pecunia
608 1784 820 1870 comparauit.
869 1783 907 1850 ln
926 1783 1124 1871 quibusdam
1143 1785 1193 1852 oi·

66 1880 215 1948 vitatibus
235 1885 268 1947 et
284 1873 445 1948 turribus¹
464 1881 534 1948 suis
554 1883 667 1949 turrita
685 1883 835 1968 satisque
854 1882 991 1970 pulehra
1009 1884 1194 1952 ooastruxit

66 1979 189 2066 palatia.
219 1979 396 2048 Heinriuus
423 1977 490 2048 dux
507 1979 723 2066 Letharingie
742 1986 775 2048 et
792 1982 949 2070 prineeps
967 1982 1093 2070 imperii
1108 1986 1193 2070 'pre-

66 2077 159 2146 bitate
178 2079 321 2167 presulis
340 2084 498 2146 oteramus
517 2085 550 2146 et
566 2080 717 2168 alectus,
737 2087 771 2148 et
788 2081 865 2168 qnia
884 2079 1030 2168 prudens
1049 2087 1142 2148 esset
1159 2082 1193 2148 in

68 2179 201 2246 oonsilio
228 2183 261 2246 et
278 2177 409 2246 validus
427 2178 461 2246 in
479 2179 619 2268 auxilio,
637 2177 781 2266 quedam
805 2197 867 2248 sua
890 2179 1024 2269 predia,
1052 2197 1117 2267 qne
1140 2179 1194 2248 hie

67 2278 228 2344 nominare
246 2294 390 2346 neeesse
416 2293 486 2344 non
512 2285 581 2367 est,
609 2277 651 2346 de
669 2279 822 2347 menibus
839 2279 982 2367 presulis
997 2278 1194 2365 Engelberti

67 2376 128 2444 iure
146 2375 273 2444 feudali
286 2377 458 2466 suscepit,
481 2383 572 2446 tanto
588 2377 736 2466 pontiloi
754 2379 893 2466 eiusque
913 2379 1057 2448 eoelesio
1074 2378 1193 2448 volens

67 2476 181 2543 arelius
200 2474 362 2561 adstringi
381 2481 414 2544 et
429 2475 527 2544 bonis
543 2477 683 2565 propriis
701 2477 743 2544 ab
765 2495 806 2545 eo
824 2476 979 2563 gaudens
993 2476 1193 2546 benedeiari.

132 2575 243 2660 Caput
259 2579 400 2642 reatum.
427 2573 602 2644 lohannes
627 2593 686 2643 rex
708 2575 1035 2663 Hierosolymitanus
1059 2583 1194 2664 propter

68 2689 133 2740 euru
152 2679 186 2740 et
203 2691 277 2742 eum
304 2691 345 2742 eo
364 2673 536 2742 Coloniam
554 2673 695 2744 divertit.
728 2674 792 2743 Ubi
819 2681 882 2742 tam
908 2675 1085 2761 magnifiee
1109 2693 1193 2744 sus-

67 2779 176 2860 ceptus
202 2780 255 2842 est
280 2777 317 2842 ut
335 2780 400 2842 tarn
419 2774 491 2840 eius
515 2791 614 2861 quarn
632 2775 777 2843 divitatis
795 2773 935 2860 gloriam
953 2773 1105 2842 admirari
1124 2791 1192 2842 non

67 2870 237 2940 sultieeret.
278 2869 376 2952 Quod
400 2869 521 2940 dietum
548 2879 600 2942 est
626 2873 668 2941 de
694 2873 876 2942 Salomone
901 2874 957 2961 qui
982 2874 1133 2959 regnavit
1159 2875 1193 2940 in

66 2967 286 3059 Hierusalem,
313 2970 403 3058 quod
422 2989 523 3058 reges
541 2978 627 3040 terre
645 2971 922 3041 desideraverunt
938 2971 1054 3040 videre
1073 2971 1192 3042 laoiern

67 3069 132 3136 eius
158 3075 191 3138 et
215 3070 329 3138 audire
357 3072 555 3158 sapientiam
580 3073 670 3161 eius,
710 3077 743 3140 et
769 3072 960 3140 obtulerunt
986 3073 1016 3140 ei
1040 3089 1191 3140 munera:

68 3169 156 3235 etiarn
175 3168 216 3237 de
241 3171 316 3256 ipso
336 3171 458 3257 exponi
479 3176 601 3258 potest.
636 3171 779 3257 Cognita
806 3173 878 3238 eius
906 3173 1072 3259 sapientia
1091 3177 1192 3258 atque

66 3270 205 3352 potentia
225 3276 260 3336 et
276 3267 367 3355 quod
385 3271 554 3357 potentior
572 3276 666 3338 esset
683 3271 836 3358 imperio,
856 3288 955 3356 regas
975 3277 1070 3359 terre,
1088 3271 1192 3338 Fran-

68 3366 112 3432 eie
131 3367 258 3434 seilicet
276 3373 310 3434 et
326 3364 448 3453 Anglie
467 3367 570 3436 Daeie
590 3368 749 3437 Bohemie
769 3375 802 3438 et
819 3367 1007 3458 Hungarie‚
1031 3373 1195 3436 mrserunt

68 3465 94 3530 ei
110 3483 242 3535 munera
261 3469 295 3534 in
314 3484 394 3534 auro
413 3474 446 3535 et
464 3473 603 3554 argemo
621 3469 828 3556 gemmisque
846 3469 1020 3557 praeiosis,
1039 3468 1110 3536 eius
1129 3466 1192 3536 ad-

68 3569 177 3650 speotu
196 3571 229 3634 et
247 3565 435 3656 oolloquio,
462 3567 517 3636 vel
542 3584 602 3654 pro
630 3568 773 3636 amioitia
791 3565 1031 3655 comparanda,
1058 3566 1112 3634 vel
1130 3584 1191 3654 pro

68 3659 200 3732 diversis
219 3665 332 3733 ouusis
357 3669 390 3732 et
409 3665 684 3756 necessitatibus,
704 3667 750 3735 uti
769 3665 1010 3735 desiderantes.
1037 3664 1108 3732 Heu
1126 3683 1191 3752 que

67 3778 146 3830 arne
170 3764 204 3830 in
222 3764 295 3832 eius
312 3762 411 3836 laude
440 3766 561 3853 seripta
586 3772 665 3834 sunt
692 3766 747 3852 qui
777 3765 897 3852 legerit
923 3771 956 3833 et
980 3764 1068 3832 illius
1093 3770 1194 3851 gesta

66 3859 191 3950 viderit,
221 3861 333 3930 dioere
364 3864 487 3950 polerit
513 3863 602 3952 quod
630 3865 747 3950 regina
778 3863 866 3933 Saba
891 3863 1061 3932 Salomoni
1091 3863 1192 3932 dixit:

68 3956 212 4044 Produoi,
230 3963 357 4052 inquit,
385 3963 475 4047 qued
491 3963 601 4031 medio
619 3981 704 4049 para
722 3961 798 4031 milri
824 3965 984 4032 nemeto
1001 3981 1067 4031 non
1080 3963 1192 4048 suerit.

68 4054 167 4126 Maior
182 4065 233 4128 est
254 4062 423 4146 supientia
437 4065 497 4129 tua
517 4066 551 4128 et
571 4080 678 4148 opere
698 4079 799 4147 quum
818 4079 933 4131 rumor
954 4081 1048 4148 quem
1069 4062 1191 4130 audivi.

70 4152 158 4226 larua
174 4160 320 4229 nominis
338 4160 411 4229 eius
430 4165 465 4230 et
483 4178 620 4250 operum
638 4163 702 4231 iarn
720 4179 828 4250 usque
852 4161 895 4232 ad
920 4169 1054 4238 exteras
1080 4163 1191 4230 uatiu-

97 4265 126 4332 l)
141 4267 236 4324 terrisl
