2884 4834
14 283 15 296 ,
366 253 497 302 nanntrs
519 252 759 300 woaunrrrusrs.
1061 227 1130 298 tan

14 327 16 360 t

14 377 16 448 Ρ
37 403 83 482 tun,
103 391 204 460 medio
222 371 370 479 tempora
388 410 428 460 ac
444 391 535 479 prius
557 392 662 477 longo
686 397 834 480 tempora
862 393 956 460 ciras
986 391 1126 484 Oppen-
1146 409 1212 464 naar

37 494 189 560 teimanses
214 489 333 558 divinis
351 497 534 558 caruerunt.
562 488 625 570 Qui
639 488 792 558 videntes
815 492 1027 560 concordiam
1048 512 1130 582 pre·

14 671 15 676 Ἰ
37 591 108 658 titnte
122 583 229 678 pacis¹
246 607 324 658 essa
340 589 529 678 perutilem,
549 607 623 656 cum
639 583 807 658 desiderio
823 592 1076 678 postulaverunt
1092 611 1129 661 sc

37 692 123 756 nivium
143 689 450 775 Magantineusium
470 707 509 756 ac
535 688 837 756 Wormaoiansium
862 690 1007 776 collegio
1030 708 1130 760 asso-

37 790 95 855 ciari.
116 787 286 856 Restitutis
312 789 413 874 igitur
435 788 483 856 eis
504 787 625 856 diuinis
643 807 662 854 a
680 786 848 856 Gerhardo
872 791 1034 878 episcopo
1048 790 1130 858 nin-

36 992 100 1054 snnta
121 994 193 1054 autc
217 985 305 1054 diem
333 986 512 1076 palmorum
540 983 628 1076 [apr.
651 982 701 1077 3].
740 986 819 1056 Post
845 986 907 1056 hec
932 1006 1011 1056 vero
1037 989 1129 1058 cives

36 1082 310 1172 Oppenineimenses
335 1104 408 1154 cum
432 1083 616 1173 prehabitis
644 1084 774 1152 duabus
797 1085 986 1155 civitatibus
1005 1090 1128 1156 astricti

35 1191 86 1250 sunt
101 1185 236 1252 invicem
255 1184 317 1254 sub
339 1183 401 1252 hac
419 1183 539 1252 torma:
558 1184 594 1252 ln
618 1185 751 1252 nominc
767 1192 884 1254 sancte
902 1194 936 1253 et
956 1185 1128 1256 individue

34 1283 166 1371 trinitatis,
192 1302 300 1354 amen.
335 1283 507 1352 Arnoldus
540 1284 739 1350 camerarius
764 1291 827 1352 etc.
863 1283 943 1352 Cum
971 1290 1127 1354 terrarum

33 1382 144 1467 pericula
161 1388 224 1450 etc.
251 1381 371 1451 Actum
388 1401 477 1452 anno
496 1380 619 1450 domini
637 1374 827 1450 m.cc.t.iiii.²
1233 1475 1235 1482 Α

82 1481 189 1548 Divina
214 1488 420 1568 cooperante
445 1483 551 1567 gratia
576 1481 667 1548 nnulti
687 1499 725 1548 se
742 1481 818 1549 inuio
837 1482 912 1569 paci
938 1483 1127 1571 copulave-

14 1583 15 1590 ’
34 1587 91 1646 nnn.
113 1579 297 1648 Resistentc
314 1587 424 1649 tamen
444 1580 579 1648 domino
598 1579 786 1648 Wernherc
804 1580 845 1648 da
863 1581 1043 1670 Bolandia,
1063 1583 1126 1650 ob-

33 1695 129 1746 sessum
146 1685 197 1748 est
218 1687 362 1748 castrum
386 1699 500 1769 suum,
520 1678 609 1766 quod
627 1685 858 1748 construxerat
878 1681 912 1747 in
928 1681 1126 1772 ingelheim,

34 1773 125 1864 tenuo
145 1780 267 1847 muttcs
291 1785 499 1864 gravaverat.
526 1779 567 1848 Et
586 1777 707 1846 dictum
734 1785 877 1847 cnstmm
900 1787 1125 1868 expugnatum

31 1872 98 1944 inita
113 1878 235 1946 civibus
246 1878 455 1964 Mognrntinis
471 1885 505 1946 et
517 1877 589 1946 otiis
606 1877 700 1964 pacis
715 1876 1022 1948 contuderatoribas
1036 1897 1125 1947 anno

32 1975 164 2044 nuntiiii.
188 1977 302 2046 idibus
327 1975 524 2066 septembris
545 1973 646 2066 [sept.
667 1973 730 2066 13]
751 1981 784 2044 et
801 1975 948 2044 funditus
968 1977 1125 2046 destruc-

33 2078 83 2138 tum.
105 2074 205 2164 Super
232 2093 300 2163 quo
325 2077 478 2144 commoti
503 2081 581 2143 sunt
606 2092 722 2143 amnes
745 2077 839 2144 amici
858 2075 982 2144 domini
1000 2075 1124 2144 Wern-

14 2167 91 2261 ¹tari,
107 2176 341 2244 convenientes
358 2175 392 2244 in
408 2193 508 2242 unum
524 2173 613 2263 apud
627 2172 843 2242 Odernhcim:
862 2174 1015 2244 dominus
1033 2175 1124 2244 Emi-

31 2269 73 2336 nin
87 2290 187 2342 cannes
207 2274 251 2342 de
269 2273 447 2362 Liningen,
465 2272 589 2342 Hirsuti
607 2274 755 2361 comiteS,
774 2273 928 2342 dominus
948 2291 1062 2342 cennos
1081 2274 1123 2344 dc

14 2364 165 2440 ¹therstein
176 2426 185 2463 ,
212 2379 246 2441 et
271 2373 325 2440 atii
343 2373 434 2440 muiti
457 2373 587 2442 nobiles
606 2373 684 2440 totis
702 2371 827 2440 viribus
847 2374 928 2441 suis.
964 2373 1123 2442 Civitates

30 2468 103 2536 aniam
126 2471 306 2541 honorifice
331 2479 364 2540 et
387 2478 542 2560 potenter
568 2489 605 2538 se
631 2479 880 2558 congregantes
907 2479 940 2540 et
959 2473 1043 2560 ipsis
1063 2491 1124 2541 oc-

15 2581 126 2637 currere
142 2571 307 2640 vnlcnntes.
333 2570 503 2639 Mediante
518 2588 599 2638 vern
618 2571 780 2658 episcopo
793 2571 994 2657 tinguntino
1009 2579 1040 2638 at
1055 2571 1123 2640 sn-

30 2669 101 2733 ncstri
121 2673 237 2740 comite
266 2677 299 2740 et
321 2671 395 2738 aliis
414 2669 556 2738 dominis
573 2688 634 2757 per
652 2669 770 2738 multas
789 2686 907 2757 preces
925 2669 968 2736 ad
987 2669 1051 2736 hac
1068 2671 1122 2736 in-

32 2759 99 2831 tucta
123 2777 195 2836 sunt
222 2771 376 2837 civitates
387 2821 396 2858 ‚
416 2767 506 2857 quoti
525 2776 661 2855 treugas
680 2786 753 2836 cum
770 2769 852 2856 ipsis
871 2767 1013 2836 dominis
1032 2769 1121 2836 inie-

31 2870 79 2928 nnnt
97 2884 196 2954 usque
221 2868 265 2936 ad
293 2867 410 2936 testum
430 2869 537 2936 sancti
554 2865 752 2934 Michahetis
770 2867 920 2955 proximu
938 2873 1122 2956 venturum,

31 2957 59 3026 ita
72 2967 163 3033 tamen
183 2967 274 3054 quod
293 2968 446 3036 dominus
464 2967 501 3035 Ε.
519 2965 560 3034 de
572 2966 758 3055 Eberstein,
778 2965 982 3034 Wernherus
996 2965 1038 3034 de
1052 2967 1122 3034 Bo-

30 3055 124 3152 tantia,
148 3064 302 3134 dominus
327 3065 498 3154 Phiiippus
524 3063 566 3132 de
586 3064 789 3154 Hohentats,
816 3065 970 3134 dominus
988 3063 1031 3134 da
1049 3066 1122 3154 Ep·

32 3164 166 3252 panstein,
191 3165 347 3233 dominus
366 3164 407 3233 de
426 3165 638 3234 Faikenstein
659 3172 691 3232 et
709 3181 826 3234 omnes
845 3163 967 3232 domini
985 3165 1123 3252 ungalta

31 3260 52 3318 nt
64 3259 164 3330 telonia
192 3282 256 3332 sua
282 3266 316 3332 in
344 3265 439 3332 terris
458 3269 492 3332 et
509 3265 541 3330 in
561 3264 656 3350 aquis
675 3263 817 3332 totaliter
835 3269 865 3332 et
885 3262 926 3331 da
945 3263 1045 3350 plane
1063 3281 1121 3331 re-

31 3353 161 3428 miserunt.
173 3361 258 3432 nicta
275 3354 463 3432 m.oc.t.iiii.³
479 3363 515 3430 iu
536 3361 651 3447 vigilia
664 3363 771 3432 sancti
790 3361 923 3430 Martini
939 3358 1120 3452 [nov.10].

81 3455 242 3544 Negotium
265 3462 359 3551 pacis
384 3461 553 3548 generatis
571 3463 720 3530 constitit
737 3461 827 3530 cives
846 3460 1120 3529 Wormaoianses

32 3549 90 3619 nite
110 3575 229 3630 marnas
255 3569 289 3630 et
317 3561 410 3651 plus,
438 3567 472 3628 ot
497 3557 662 3628 dederunt
687 3559 786 3628 tadei
812 3560 876 3628 hoc
895 3575 983 3627 anno
1002 3575 1116 3626 rursus

29 3657 122 3722 nantum
146 3666 177 3726 et
195 3661 436 3748 quinquaginta
457 3657 558 3728 libras
576 3655 652 3726 hail.
671 3659 714 3728 ad
731 3656 981 3747 conquirendos
1000 3655 1116 3726 solda·

32 3743 75 3815 rins
89 3753 116 3820 in
133 3758 311 3834 subsidium
329 3760 422 3848 pacis
441 3775 530 3826 anno
548 3749 713 3826 macta*

30 3905 128 4030 beppqff
149 3923 233 3969 ersten
256 3915 485 3972 bondesurkunde
503 3916 639 3971 zwischeu
657 3915 768 3971 Worms
793 3916 847 4000 und
866 3916 954 3972 iiainz
977 3931 1032 3969 von
1052 3919 1118 3970 last

117 3983 588 4116 contaminarit·,tt
611 3984 753 4108 ant‘tntt
767 3983 968 4134 iniuncta
983 3984 1117 4118 nnnc

40 4105 99 4189 ”deii
112 4113 147 4170 hs.
164 4118 205 4176 hat
230 4120 295 4176 inber
321 4119 469 4176 densalbeu
486 4119 651 4192 gegenstand
676 4119 829 4192 irrigandas:
855 4119 980 4176 Constitit
999 4119 1049 4174 hee
1065 4137 1117 4190 ge·

29 4175 100 4258 narniis
115 4199 159 4251 pax
174 4185 389 4244 Wormaoianses
432 4191 498 4244 rimo
517 4204 587 4243 anun
610 4197 662 4244 tam
687 4191 714 4243 in
737 4191 863 4262 expensis
887 4203 967 4260 quom
990 4187 1117 4268 actuariis

30 4250 180 4314 ⁰⁰¹¹i¹¹nrendis
203 4257 260 4328 plus
282 4274 362 4330 quam
383 4208 457 4314 rufina
480 4273 597 4326 marcam
625 4256 706 4314 tutet
729 4275 793 4314 raro
817 4257 949 4316 totamm
969 4255 1004 4312 ad
1026 4255 1117 4312 suban-
