2886 4834
367 213 496 260 inurens
517 213 767 261 rncnnuunnsns.
1063 186 1132 256 too

29 353 108 420 sueri
125 350 261 440 proinde
277 351 324 420 ira
348 353 429 420 moti
451 349 727 440 conspiraverunt
744 368 817 418 ennr
836 351 982 420 ecclesia
999 358 1032 420 et
1049 369 1131 440 rege
1152 364 1218 422 raro

29 451 176 538 Heinrico,
196 457 371 518 morientes
389 450 511 518 bellurn
529 453 562 517 in
580 468 692 536 regenr
713 449 900 518 Cunradurn
915 457 949 519 et
962 469 1042 520 suos
1061 452 1136 520 lou-

31 559 97 618 tores
116 567 173 636 per
199 549 357 618 Suevianr
383 556 416 618 ct
434 550 522 617 circa
540 549 726 618 Danubium
746 555 779 616 et
795 549 934 635 Mogum
953 557 986 618 et
1003 551 1136 638 ubique.

85 649 265 736 Episcopus
300 667 380 717 vero
412 645 685 736 dugentincnsis,
717 649 850 716 nornine
883 647 1060 718 ilcinrieus
1094 650 1136 718 de

30 747 221 835 sunnebeke,
248 746 382 816 obsedit
398 749 433 814 in
449 745 578 815 Alsatia
601 747 803 814 munitiones
820 747 947 835 oppida
965 755 998 815 et
1016 753 1136 837 castra,

30 866 77 932 pne
92 845 277 913 Friderieus
297 853 330 913 et
348 845 433 912 hlius
452 864 533 914 suus
551 845 781 932 possidebant.
808 846 850 913 Et
860 847 1137 934 expugnavittir-

30 947 149 1012 nissina
175 951 210 1012 et
236 945 443 1014 nobilissima
469 943 536 1012 duo
559 950 670 1012 castra
689 943 911 1012 wlucrsheim
930 953 964 1012 et
981 945 1137 1014 Cronen-

29 1044 107 1132 burg,
125 1061 191 1130 que
211 1043 360 1112 funditus
375 1042 553 1133 destruxit,
574 1049 607 1110 ct
622 1043 686 1112 alia
700 1044 826 1110 minuta
837 1051 946 1112 eastra
959 1046 1038 1130 igne
1053 1063 1137 1112 con-

30 1143 151 1229 sumpsit.
178 1143 341 1210 Fautores
359 1160 440 1210 vero
460 1141 610 1210 eiusdem
629 1143 779 1231 episcopi
802 1149 1076 1229 expugnaverunt
1095 1163 1138 1212 ex

29 1242 108 1308 altera
124 1247 219 1328 porte
238 1239 342 1310 Rheni
362 1241 473 1309 nohile
491 1235 635 1310 castrum
644 1240 799 1325 Malberg
817 1247 1010 1320 oleastrum
1020 1241 1138 1310 Husen

29 1347 52 1406 et
64 1339 153 1406 nnita
168 1340 305 1428 oppida.
331 1339 475 1408 Postheo
485 1342 691 1427 expugnavit
703 1339 790 1408 idern
805 1341 985 1428 episcopus
996 1347 1138 1409 eastrurn

30 1436 212 1526 Ortonbcrg,
233 1445 266 1506 et
286 1439 478 1524 subiugavit
496 1440 558 1508 sibi
576 1438 732 1528 oppidum
754 1435 940 1525 Ollenhurg
957 1445 990 1506 et
1006 1439 1139 1508 llintzi-

28 1536 131 1622 gerthal
149 1544 182 1604 et
206 1537 445 1623 Gengenbach.

84 1635 254 1704 cunradus
280 1643 389 1704 autem
415 1654 489 1723 rex,
518 1635 605 1704 hlius
623 1635 796 1726 Friderici,
824 1635 944 1705 videns
962 1635 1053 1724 quod
1071 1655 1140 1706 non

28 1738 135 1819 poterat
155 1735 318 1802 resistere
344 1733 525 1802 terroribus
545 1734 710 1825 ousiosis,
729 1735 822 1803 duxit
841 1736 937 1804 hliam
956 1735 1050 1804 ducis
1068 1735 1140 1804 Ba-

28 1836 110 1919 rarie,
135 1851 197 1920 spe
227 1833 360 1900 consilii
390 1839 423 1900 et
449 1834 570 1901 auxilii.
606 1833 674 1902 Sed
698 1853 812 1922 parurn
838 1833 962 1922 profuit
986 1836 1034 1923 ei,
1062 1837 1140 1922 qnia

28 1929 108 1997 Suevi
124 1930 328 2017 legaverunt
346 1950 420 1998 eurrr
438 1931 480 1999 de
499 1933 633 2000 civitate
651 1934 686 2000 in
705 1934 889 2020 ciuitatem,
915 1940 948 2000 ct
966 1951 1038 2000 cunr
1058 1951 1139 2018 rege

27 2028 160 2098 Heinrioo
186 2031 395 2098 obsederunt
420 2031 738 2099 civitatem-Ulmum
764 2033 797 2098 in
817 2031 949 2100 Suevio.
984 2031 1052 2100 Sed
1070 2049 1139 2099 non

28 2138 302 2216 expugnaverunt3
328 2136 464 2218 propter
490 2147 645 2215 magnum
670 2129 775 2215 lrigus
794 2137 827 2197 et
844 2129 1008 2198 deiectum
1026 2129 1140 2218 pabuli

28 2229 178 2312 oportebat
197 2245 259 2298 eos
278 2227 434 2296 recedere
453 2228 495 2296 dc
514 2230 657 2296 civitate.
689 2228 759 2297 Rex
777 2236 887 2297 autern
904 2229 1078 2296 Heinricus
1097 2228 1139 2296 ab

26 2323 100 2394 lina
115 2327 282 2396 recedens
299 2329 390 2395 venit
407 2329 442 2396 in
461 2327 667 2415 Turingien,
688 2335 721 2396 et
741 2335 886 2396 nrortuus
911 2335 963 2396 est
987 2346 1075 2396 anno
1097 2328 1139 2394 ab

27 2423 234 2494 incarnatione
260 2426 383 2494 dornini
413 2425 600 2496 moculvii.
628 2433 661 2494 et
685 2445 754 2495 non
772 2428 924 2514 regnavit
941 2443 999 2516 per
1017 2445 1139 2495 annunr

25 2539 112 2591 noun.

85 2621 228 2692 Mortuo
243 2641 325 2692 vero
351 2624 508 2693 Heinrico
527 2644 624 2715 rege,
649 2625 864 2694 innocentius
882 2644 970 2714 papa
995 2642 1054 2712 pro
1074 2624 1139 2692 alio

28 2737 90 2805 rege
106 2723 299 2812 laborabat,
319 2730 353 2790 et
369 2726 455 2792 inter
471 2726 639 2812 principes
651 2742 732 2792 non
750 2725 876 2792 invenit
893 2724 1057 2812 aliquem,
1083 2723 1139 2809 qui

27 2835 54 2884 se
69 2819 105 2886 de
128 2839 239 2906 regno
266 2821 367 2890 vellet
391 2825 607 2892 intromittere
635 2830 748 2892 contra
770 2821 970 2890 Fridericum
988 2829 1022 2890 et
1040 2821 1141 2888 filiurn

28 2933 102 2985 suun
121 2919 319 2988 Cunradurn.
359 2921 505 2990 Tandem
532 2921 600 2990 dux
617 2923 795 2990 Brahnntie
814 2921 916 2990 hliurn
934 2923 1060 2990 sororis
1079 2937 1139 2990 suc

28 3013 218 3086 Wilhelnrurn
235 3021 387 3087 comitem
404 3020 570 3089 Holandie
586 3020 720 3090 domino
734 3039 820 3110 pape
835 3027 868 3088 ct
882 3016 1140 3110 episcopisAie-

28 3117 371 3206 nanniepresentnvit.
388 3118 493 3198 Quem
508 3121 659 3208 episcopi
678 3120 853 3206 elegerunt
870 3121 903 3188 in
921 3138 1035 3206 regern
1053 3118 1141 3206 apud

30 3209 196 3303 Coloniam,
222 3217 454 3304 promittentes
474 3219 504 3286 ei
521 3220 706 3286 iuramento
733 3219 872 3306 prestito
891 3217 990 3286 rebus
1009 3224 1042 3285 et
1059 3229 1140 3306 per-

31 3314 103 3380 sonis
121 3314 266 3382 fideliter
282 3317 449 3384 assistere.
475 3315 538 3396 Qui
555 3335 628 3384 cunr
647 3317 816 3406 episeopis
834 3317 1009 3386 comitibus
1027 3323 1061 3384 et
1077 3333 1141 3383 no-

30 3405 129 3479 bilibus
148 3413 285 3482 obsedit
302 3411 548 3501 hquisgranunr
568 3423 600 3483 et
617 3415 839 3484 hrrnissinrunr
858 3421 1000 3484 castrum
1016 3411 1141 3480 Werde

30 3506 55 3572 in
78 3509 172 3580 iluvio
199 3511 309 3579 Rheni
336 3519 369 3580 et
387 3513 604 3599 ingelnheim.
625 3511 697 3594 Quo
717 3516 827 3582 omnia
853 3514 915 3581 sibi
942 3513 1142 3597 subiugavit.

32 3603 149 3678 Colonia
179 3609 358 3696 Moguntia
388 3619 421 3679 et
449 3609 634 3698 Argentina
660 3612 802 3681 ecclesie
833 3611 1051 3696 assistebant3
1079 3609 1142 3678 sed

32 3700 195 3778 llornatia
221 3709 317 3796 Spiro
344 3716 377 3778 et
394 3711 457 3778 alie
476 3713 626 3780 civitates
654 3719 687 3779 et
705 3711 828 3800 oppida
844 3710 949 3777 Rheni
969 3709 1091 3778 Suevio
1109 3715 1143 3776 et

32 3798 151 3874 horarie
170 3815 204 3875 et
222 3807 322 3875 hletis
350 3808 507 3878 favebant
523 3809 689 3878 Friderico
709 3817 740 3877 et
761 3810 826 3878 hlio
846 3827 908 3877 suo
929 3808 990 3875 sub
1009 3807 1142 3876 vinculo

33 3908 372 3976 excommunicationis
398 3909 438 3978 Et
457 3925 569 3978 eorurn
588 3909 701 3978 lavore
721 3905 893 3978 Cunradus
912 3915 1009 3976 natus
1027 3905 1142 3974 Fride-

33 3997 76 4064 riei
94 4007 192 4072 tenuit
210 4005 331 4072 bellurn
350 4013 463 4075 contra
482 4009 669 4097 ecclesiam,
690 4013 723 4074 et
745 4015 861 4075 terrain
879 4005 1143 4076 adversariorum

34 4111 145 4169 sucum
172 4102 361 4173 devastavit
383 4106 539 4176 incendio
559 4111 592 4175 et
609 4107 724 4196 rapina
742 4124 848 4194 usquc
867 4105 909 4174 ad
928 4112 1062 4174 mortem
1081 4121 1143 4192 pa-

34 4196 76 4262 tris
92 4201 140 4266 sui
157 4201 322 4272 Friderici.
