2888 4824
414 229 451 274 nx
472 229 600 275 nranro
621 228 743 276 renone.
1074 201 1143 270 lidi

34 369 122 438 noda
145 367 336 437 inierehant.
362 367 411 435 De
430 369 551 455 quihus
576 368 641 436 hoc
658 387 757 435 unnrn
772 366 842 436 init.
868 368 929 436 Est
949 369 1036 436 enirn
1051 369 1146 455 regio
1168 379 1233 435 teto

34 470 81 536 itta
105 469 235 535 muttum
253 466 412 534 sabulosa
434 473 467 534 et
490 473 637 554 tempore
661 469 819 534 siccitatis
836 467 1027 556 puivercsa.
1054 467 1150 538 Unde
1222 490 1231 506 ··

35 567 192 635 Saneceni
211 571 397 633 statuerunt
412 567 508 654 ptura
523 566 622 632 miliia
635 566 803 633 hominnm
819 583 920 654 super
932 585 1034 634 unum
1050 585 1151 634 mcn-

34 676 87 734 ten
111 664 302 732 Christianis
333 666 492 752 vicinum,
519 672 570 753 ut,
597 681 670 731 cnm
692 671 814 732 ventus
838 665 931 732 ilaret
954 664 998 731 ad
1022 672 1150 752 partem

34 765 289 852 Christianorum,
308 763 460 831 sabulum
476 769 662 852 moventes
679 764 849 851 pulverem
867 765 1077 853 suscitarent,
1095 765 1151 851 qui

33 863 128 952 pulvis
144 864 278 930 multam
295 862 478 930 molestiam
496 861 690 930 Christianis
704 863 821 929 intulit.
841 861 909 930 Sed
927 861 1059 930 tondent
1074 863 1150 951 pul-

32 979 99 1046 uere
114 979 175 1048 per
192 961 335 1049 pluviam
358 960 494 1048 sedate,
514 959 691 1028 Christiani
711 962 835 1048 paratis
860 961 1020 1030 machinis
1040 967 1073 1028 et
1088 980 1150 1029 va-

33 1063 79 1126 riis
92 1061 318 1126 instrumentis
332 1059 536 1127 Thunusium
554 1077 614 1147 per
627 1078 745 1146 aquom
762 1066 796 1126 et
811 1078 870 1148 per
886 1066 1003 1127 terram
1017 1058 1152 1148 obpug-

32 1177 99 1226 nere
112 1157 338 1226 intendebant.
365 1157 463 1240 Quod
476 1157 633 1225 videntes
650 1158 825 1226 Sarraceni
853 1160 967 1226 timore
989 1159 1151 1246 compulsi

32 1263 116 1345 pacta
134 1275 208 1324 cnm
229 1257 423 1324 Christianis
443 1258 595 1324 inierunt.
621 1257 710 1324 Inter
727 1275 791 1344 que
815 1257 878 1324 hec
896 1256 1048 1326 dicuntur
1068 1274 1149 1344 pre·
1262 1290 1265 1298 ·

33 1358 114 1442 cinna
131 1355 254 1445 inisse,
273 1361 309 1422 ut
327 1373 443 1424 omncs
461 1355 637 1423 Christiani
657 1356 691 1422 in
711 1373 817 1441 regno
834 1356 891 1423 iiio
910 1356 1030 1444 captivi
1044 1355 1148 1424 iibere

32 1454 273 1542 dimitterentur,
306 1461 340 1521 et
370 1454 461 1542 quod
487 1455 699 1528 monasteriis
723 1453 766 1521 ad
795 1454 955 1522 honorem
975 1454 1094 1524 Christi
1115 1455 1149 1522 in

33 1553 170 1620 omnihus
196 1553 382 1620 civitatibus
402 1554 497 1638 regni
516 1552 604 1620 iliius
623 1554 824 1620 constructis
846 1552 929 1622 hdes
949 1553 1068 1622 Christi
1089 1570 1149 1642 per

32 1647 385 1720 iratres'Predicetcrcs
402 1659 435 1718 et
452 1651 602 1719 Minores
621 1657 654 1718 ct
674 1670 734 1740 per
752 1651 836 1718 alios
860 1669 1080 1739 quoscunque
1102 1653 1149 1719 ti-

31 1750 97 1816 here
113 1749 317 1839 predicetur,
344 1756 375 1817 et
393 1752 545 1818 volentes
566 1751 728 1838 baptizari
744 1751 848 1817 libere
866 1752 1083 1839 baptizentur.
1109 1750 1149 1818 Et

33 1849 136 1916 scintis
155 1851 314 1938 expensis
333 1849 468 1934 regibus
488 1853 572 1936 qrras
590 1849 635 1916 ihi
654 1849 812 1936 iecerunt,
831 1867 889 1916 rex
906 1849 1068 1917 thunusit
1086 1849 1146 1915 tri-

32 1946 164 2016 hntarins
189 1949 280 2034 regis
307 1947 430 2036 Syeitie
455 1954 506 2016 est
529 1948 677 2016 eiicotus.
703 1949 800 2016 Plura
818 1947 881 2015 alia
899 1953 999 2035 pecta
1016 1947 1149 2015 inerunt

32 2063 85 2131 que
108 2047 161 2115 hio
184 2063 312 2134 ponere
338 2047 474 2133 lengum
502 2047 633 2114 suisset.
660 2047 701 2114 Et
728 2065 799 2114 curn
826 2064 868 2113 cx
893 2045 1039 2114 adventu
1057 2047 1148 2131 regis

31 2143 138 2230 heglie
156 2145 282 2214 domini
296 2142 473 2214 Odewatdi
492 2153 524 2214 et
542 2145 748 2213 multitudine
762 2145 933 2212 Frisonnm
952 2163 992 2212 ac
1010 2144 1148 2212 aliorum

32 2246 287 2332 peregrinorum,
313 2247 347 2312 in
373 2251 497 2313 tentum
525 2250 675 2312 creverat
694 2245 860 2312 exercitus
879 2244 1148 2333 Christianorum,

36 2342 215 2426 quodcirca
233 2343 376 2412 ducenta
395 2345 494 2412 miliia
512 2351 734 2432 pugnatorum
754 2342 959 2432 crederetur,
979 2348 1013 2410 et
1030 2359 1149 2430 spera-

33 2447 107 2507 retnr
124 2441 215 2528 qued
229 2459 297 2510 non
316 2443 424 2509 solum
442 2448 561 2510 terrem
580 2448 728 2510 sanctam
748 2440 810 2510 sed
829 2443 933 2509 eciam
951 2448 1054 2510 toturn
1070 2441 1149 2508 Sar-

33 2542 236 2608 racenismnm
259 2540 516 2630 subiugassent,
535 2543 683 2628 peccatis
709 2540 921 2626 exigentibus
946 2541 1075 2626 absque
1095 2540 1148 2606 ul-

32 2639 125 2705 teriori
139 2639 280 2706 ntiiitate
298 2645 352 2707 est
366 2639 548 2727 dispersus.
575 2639 654 2706 Nam
673 2640 805 2724 legatus
829 2638 953 2708 domini
974 2655 1073 2726 pape,
1092 2638 1149 2723 qni

32 2734 111 2820 ipses
134 2736 279 2824 dirigere
305 2738 483 2826 debuerat,
501 2756 562 2827 per
582 2745 719 2806 mortem
744 2736 933 2805 subtractus
958 2743 1042 2823 erat5
1062 2741 1148 2803 terra

32 2835 120 2902 eciam
140 2843 257 2904 sancta
279 2835 321 2904 ad
344 2855 442 2924 qnam
459 2838 507 2904 ire
524 2836 691 2904 dehebant
710 2836 933 2922 gubernatore
949 2835 1148 2924 peregrine-

32 2949 89 2998 rum
106 2935 252 3025 carebat,
272 2936 349 3022 quta
367 2936 551 3023 patriarcha
569 2937 624 3022 qui
642 2936 775 3021 legatus
794 2936 826 3001 in
848 2939 934 3001 terra
953 2938 1070 3002 sancto
1088 2931 1149 2999 init

33 3035 97 3098 tnnc
120 3033 297 3102 deiunctns
323 3033 391 3100 iuit.
419 3033 526 3102 Sedes
555 3035 659 3102 eciam
682 3034 869 3120 apostolica
888 3050 953 3120 que
971 3031 1148 3118 utrobique

32 3131 191 3213 previdere
219 3132 379 3200 debueret
402 3140 481 3200 tune
506 3132 658 3201 vacabat.
688 3131 760 3200 Rex
785 3133 889 3200 ceiam
912 3131 1074 3220 Navarra,
1093 3131 1149 3218 qui

32 3226 230 3387 isnirmus1dc
252 3228 366 3299 Atrine
388 3237 592 3323 recesserat,
617 3233 652 3299 in
677 3230 834 3319 Sicyliam
851 3231 993 3300 veniens
1013 3235 1066 3298 est
1083 3228 1147 3296 de-

44 3334 158 3397 unctus.

482 3431 678 3439 *—

93 3545 187 3618 Anno
206 3551 410 3621 mceixxiii.
435 3550 605 3620 Eiectcres
623 3551 749 3639 imperii
767 3549 809 3617 ud
826 3547 983 3616 indictum
1003 3553 1035 3614 et
1053 3565 1148 3613 man-

34 3641 127 3714 datnm
145 3647 267 3717 domini
286 3668 373 3738 pape
392 3657 471 3738 aput
481 3647 718 3718 Froncheniurt
736 3667 836 3736 super
854 3647 1018 3715 electione
1039 3641 1147 3735 [regis

35 3746 274 3840 convenientes]
296 3749 461 3816 dominnm
480 3745 655 3816 Rudclium
674 3749 826 3815 comitem
845 3745 886 3813 de
900 3743 1096 3830 Hahspurch
1114 3746 1148 3812 in

35 3856 128 3924 regern
151 3844 370 3914 Romanorum
397 3849 589 3937 elegerunt,
616 3849 725 3934 ipsum
750 3853 782 3913 et
799 3861 935 3912 uxorem
958 3861 1051 3910 snam
1069 3848 1149 3930 aput

34 3934 220 4028 hqnisgrnni
245 3948 279 4012 in
305 3947 487 4014 continenti
513 3951 725 4014 coronantes.
758 3945 835 4033 lpse
859 3947 969 4010 autem
994 3941 1162 4040 dominus

62 4083 88 4146 1)
106 4083 160 4137 hier
185 4087 264 4140 endet
288 4087 336 4140 das
359 4095 437 4141 enter
460 4088 521 4140 dem
544 4087 659 4143 schisma
683 4085 819 4140 zwischcn
845 4085 941 4140 Alions
959 4084 1013 4138 und
1031 4082 1148 4136 Richard

35 4148 209 4222 ¹gcarhricbene
226 4154 387 4226 hauptwerh
405 4155 452 4212 des
470 4159 537 4211 1278
553 4155 733 4226 gestcrbencn
751 4153 908 4211 vertamus.
927 4153 995 4208 Wns
1012 4169 1067 4206 uun
1082 4150 1148 4219 soigt

36 4222 65 4266 rat
79 4224 175 4288 spitcre
192 4222 368 4294 sertsetzung.
