2888 4824
460 209 497 253 ax
519 207 624 254 rnoun
647 207 752 254 winus.
1104 183 1176 250 ll55

111 343 331 434 Moelxviiii.
348 344 570 414 Romanomm
588 363 723 434 quoque
741 363 799 414 rcx
812 346 950 416 illustris
965 347 1174 418 inferioribus
1194 360 1260 417 laos

41 450 70 510 et
86 444 313 530 superioribus
336 444 486 532 partibus
504 446 710 535 peragratis,
741 444 970 533 perpendens·
985 449 1075 534 quod
1101 448 1178 517 dum

40 543 70 609 in
87 539 211 628 Augila
236 560 296 632 pro
318 541 428 610 fratris
453 544 505 611 sui
530 547 620 629 regis
638 541 761 629 Anglie
785 545 950 612 iuvamina
977 547 1176 638 morabatur,

42 640 161 708 luriosa
180 642 437 710 Teutonieomm
455 643 601 734 insania,
627 659 767 730 quorum
786 643 987 712 munitiones
1005 646 1177 734 inexpug-

41 739 165 807 nabiles
182 757 285 829 super
297 740 428 808 alveum
444 740 592 808 Rhenum
605 741 791 809 consistere
805 739 1060 833 dignoscuntur,
1080 745 1178 831 quie-

41 839 76 904 tis
93 839 284 928 impatiens²
303 845 335 907 et
353 838 556 926 acquirenda
574 840 719 928 pecunie
737 856 799 906 seu
816 842 927 927 potius
947 842 1177 929 cxlorquende

39 942 96 1004 tam
114 937 234 1028 avida,
260 937 350 1025 quod
367 956 427 1026 pro
446 956 487 1006 ea
505 936 723 1024 congerenda
741 937 868 1006 nullum
886 956 996 1025 genus
1015 939 1176 1009 lacinoris

42 1036 270 1126 exhorrescat,
297 1035 340 1104 de
358 1037 502 1124 singulis
519 1036 687 1125 puppibus
714 1053 779 1124 que
805 1055 864 1124 per
890 1038 1093 1126 crepidinem
1112 1037 1176 1107 llu-

41 1135 129 1203 ninis
161 1135 343 1224 supradicti
369 1136 525 1204 victualia
558 1153 620 1202 seu
646 1153 845 1222 quecunque
874 1137 1087 1205 mercimonia
1113 1137 1175 1206 dc·

42 1232 198 1324 serebant,
218 1240 252 1302 et
269 1251 328 1322 per
341 1233 542 1302 munitiones
560 1233 759 1324 antedictas,
779 1251 863 1320 quas
882 1235 1006 1302 evitare
1024 1251 1093 1302 non
1110 1253 1176 1324 po-

41 1337 158 1420 teraut,
195 1332 404 1402 descendere
429 1337 645 1421 cogerentur,
680 1332 817 1401 insolita
835 1338 869 1400 et
889 1350 1028 1420 prorsus
1046 1335 1175 1402 intole-

40 1430 147 1498 rabilia
163 1433 328 1520 paeagia,
357 1449 423 1519 que
446 1433 550 1518 vulgo
574 1431 732 1498 thelonea
757 1437 1010 1521 nuncupantur,
1038 1450 1103 1500 nee
1120 1432 1175 1500 dei

41 1531 146 1598 timore
165 1549 233 1599 nec
250 1533 342 1616 regis
360 1532 547 1599 reverentia
565 1531 719 1619 coerciti,
739 1529 864 1615 singuli
882 1530 1095 1616 singulariter
1113 1549 1175 1599 ex-

41 1629 251 1718 torquebant,
277 1628 367 1697 unde
394 1629 516 1698 lactum
540 1626 708 1715 estquod
732 1629 789 1696 vili
814 1629 922 1716 pretio
940 1629 1175 1718 venderentur,

43 1726 146 1794 morbo
166 1733 233 1796 lam
251 1727 410 1816 pestilera
437 1727 573 1795 salubre
595 1725 721 1794 studuit
738 1725 897 1794 adhibere
915 1727 1107 1796 remedium.
1133 1729 1175 1795 Et

41 1823 120 1892 lacta
138 1828 251 1894 statim
275 1828 309 1894 in
329 1825 410 1894 urbo
430 1825 612 1894 Wormatia
629 1826 812 1914 principum
832 1831 864 1893 et
881 1833 1074 1912 magnatum
1090 1825 1174 1894 Ale-

42 1925 164 1992 mannie
184 1926 429 1995 convocatione
447 1942 515 1992 non
534 1923 678 2014 modica,
698 1926 785 2012 oepit
804 1941 876 1992 oum
896 1925 945 1992 eis
964 1930 1077 1992 mutuo
1095 1942 1173 2012 per-

43 2026 190 2114 tractare,
228 2024 369 2111 qualiter
394 2023 560 2091 salubrius
594 2029 628 2091 et
657 2023 776 2091 melius
809 2023 962 2091 desolate
999 2024 1174 2111 provincie

42 2128 150 2206 posset
168 2120 445 2212 oppressionibus
464 2122 607 2212 obviari,
634 2127 671 2188 ut
688 2127 825 2210 pertusa
841 2122 1064 2209 vespillonum
1081 2122 1173 2190 rabie

43 2221 194 2305 pertinaci
231 2220 429 2290 succederet
455 2226 571 2309 optata
596 2221 816 2308 tranquillitas
841 2238 942 2310 super
967 2219 1115 2288 Rhenum
1140 2225 1175 2288 et

43 2322 260 2389 necessarium
285 2321 404 2388 incolis
434 2327 653 2388 commeatum
679 2337 747 2387 non
778 2321 987 2405 contingeret
1012 2318 1173 2407 impediri.

44 2414 121 2484 Sane
139 2420 350 2507 prospiciens
368 2423 433 2486 lam
459 2418 592 2486 salubre
618 2419 825 2506 propositum
853 2419 1038 2503 sagacitate
1060 2419 1173 2505 potius

47 2532 133 2600 quam
158 2518 287 2586 viribus
314 2517 357 2586 ad
380 2517 534 2585 ellectum
558 2533 663 2605 posse
689 2515 844 2606 perduci,
879 2518 972 2584 cives
992 2517 1173 2584 vicinarum

42 2613 172 2706 urbium,
199 2618 257 2704 qui
273 2615 317 2684 de
337 2616 559 2684 mercimoniis
577 2617 690 2684 vivere
710 2620 975 2704 consueverant,
995 2621 1028 2681 el
1044 2619 1172 2702 poten-

46 2712 135 2799 tiores
160 2716 276 2805 regni,
309 2715 455 2782 unanimi
480 2713 595 2782 ledere
621 2715 800 2800 colligatos
809 2765 819 2804 ‚
850 2711 1063 2780 iurisiurandi
1086 2730 1172 2779 cau-

44 2811 124 2879 tione
141 2815 281 2900 prestita
298 2813 468 2902 counivit,
496 2811 587 2900 quod
612 2814 641 2880 si
667 2813 742 2899 quis
767 2813 801 2878 in
828 2816 1009 2900 posterum,
1029 2816 1172 2898 quante-

46 2924 164 2998 cunque
183 2912 270 2980 leret
286 2913 525 3001 praeminentia
535 2963 544 3000 ‚
577 2910 768 2999 supradicta
792 2909 949 2978 thelonea
966 2916 1172 2998 presumeret

45 3013 254 3100 extorquere,
274 3013 385 3079 statim
399 3027 517 3078 omnes
536 3016 569 3077 ct
587 3011 727 3098 singuli,
746 3010 926 3077 contractis
945 3007 1171 3096 undequaque

45 3104 173 3197 viribus,
200 3111 341 3178 invicem
361 3108 554 3194 conglobati
572 3107 634 3176 sub
652 3108 775 3176 mulcta
792 3107 992 3176 intolerabili
1010 3109 1172 3175 irruerent

44 3201 265 3297 umbellam,
309 3209 510 3276 munitiones
544 3207 651 3294 ipsius
679 3207 753 3274 solo
780 3211 883 3274 tenus
910 3205 1169 3294 complanando,

47 3304 127 3371 terris
146 3311 179 3373 et
196 3305 477 3394 possessionibus
495 3306 601 3393 ipsius
626 3323 734 3392 usque
753 3304 795 3372 ad
814 3306 1042 3372 exterminium
1061 3303 1170 3390 depo-

46 3400 212 3483 pulationis
231 3403 378 3474 extreme
404 3403 633 3472 crudelissime
652 3401 882 3490 devastando,
915 3407 1057 3489 excepto
1077 3401 1169 3468 dun-

48 3502 125 3568 taxat
140 3501 401 3592 Boppardiensis
418 3495 430 3538 ¹
449 3508 483 3570 et
500 3501 699 3570 Werdeusis
719 3500 916 3588 oppidorum
934 3504 1098 3568 consueto
1116 3507 1169 3567 te-

48 3593 143 3689 lonio,
173 3601 264 3690 quod
282 3620 324 3670 cx
342 3603 478 3689 antiquo
496 3602 567 3668 iure
585 3599 806 3668 Romanorum
823 3597 958 3684 regibus
976 3597 1168 3666 incumbere

50 3701 217 3768 consuevit.
253 3701 360 3786 Igitur
377 3701 551 3768 Teutonici
578 3699 708 3766 sublate
736 3703 827 3766 tanta
855 3698 1087 3786 oppressionis
1111 3698 1169 3764 in-

51 3798 208 3868 commodo
235 3799 469 3886 glorificabant
495 3815 629 3886 regem,
656 3802 689 3865 et
711 3797 817 3884 ipsius
842 3797 1038 3883 sapientiam
1059 3797 1169 3864 multi-

51 3890 162 3975 pliciter
178 3897 472 3984 commendabant3
501 3897 580 3984 quin
599 3897 698 3964 ctiam
715 3897 762 3962 rei
780 3900 878 3980 geste
897 3893 1083 3980 divulgatio
1111 3913 1170 3982 per

50 3991 206 4064 universas
225 3997 315 4066 orbis
333 3997 525 4084 provincias
536 3995 628 4080 regie
643 3995 826 4062 maiestatis
841 3994 967 4062 titulum
982 3993 1170 4060 mirabiliter

52 4084 226 4164 illustrabat.
263 4096 385 4164 Gavisa
404 4099 456 4164 ast
473 4093 706 4162 universaliter
730 4093 892 4162 bellicosa
910 4092 1082 4162 Germania
1103 4109 1167 4160 ox-

80 4196 105 4261 1)
122 4200 344 4274 Veropardiensis
363 4202 440 4258 Gale.
