<?xml version="1.0" encoding="UTF-8"?>
<!DOCTYPE html PUBLIC "-//W3C//DTD XHTML 1.0 Transitional//EN"
    "http://www.w3.org/TR/xhtml1/DTD/xhtml1-transitional.dtd">
<html xmlns="http://www.w3.org/1999/xhtml" xml:lang="en" lang="en">
 <head>
  <title>
</title>
<meta http-equiv="Content-Type" content="text/html;charset=utf-8" />
  <meta name='ocr-system' content='tesseract 3.04.00' />
  <meta name='ocr-capabilities' content='ocr_page ocr_carea ocr_par ocr_line ocrx_word'/>
</head>
<body>
  <div class='ocr_page' id='page_1' title='image "./fontesrerumgerm00hubegoog_0582.png"; bbox 0 0 2950 4836; ppageno 0'>
   <div class='ocr_carea' id='block_1_1' title="bbox 431 171 1186 246">
    <p class='ocr_par' dir='ltr' id='par_1_1' title="bbox 431 171 1186 246">
     <span class='ocr_line' id='line_1_1' title="bbox 431 171 1186 246; baseline -0.005 -4"><span class='ocrx_word' id='word_1_1' title='bbox 431 197 602 244; x_wconf 79' lang='lat' dir='ltr'>uunnrmrus</span> <span class='ocrx_word' id='word_1_2' title='bbox 626 198 812 246; x_wconf 42' lang='lat' dir='ltr'>nrrrmreusrs.</span> <span class='ocrx_word' id='word_1_3' title='bbox 1117 171 1186 238; x_wconf 79' lang='lat'>519</span> 
     </span>
    </p>
   </div>
   <div class='ocr_carea' id='block_1_2' title="bbox 45 331 1267 3985">
    <p class='ocr_par' dir='ltr' id='par_1_2' title="bbox 45 331 1267 2106">
     <span class='ocr_line' id='line_1_2' title="bbox 49 331 1267 424; baseline 0.006 -26"><span class='ocrx_word' id='word_1_4' title='bbox 49 331 204 401; x_wconf 84' lang='lat' dir='ltr'>Barraria</span> <span class='ocrx_word' id='word_1_5' title='bbox 223 335 322 402; x_wconf 93' lang='lat' dir='ltr'>multa</span> <span class='ocrx_word' id='word_1_6' title='bbox 339 334 427 402; x_wconf 90' lang='lat' dir='ltr'>mala</span> <span class='ocrx_word' id='word_1_7' title='bbox 440 337 596 406; x_wconf 78' lang='lat' dir='ltr'>inpendia</span> <span class='ocrx_word' id='word_1_8' title='bbox 612 337 805 405; x_wconf 89' lang='lat' dir='ltr'>oouisiones</span> <span class='ocrx_word' id='word_1_9' title='bbox 821 337 987 404; x_wconf 94' lang='lat' dir='ltr'>bominum</span> <span class='ocrx_word' id='word_1_10' title='bbox 1007 341 1040 404; x_wconf 90' lang='lat' dir='ltr'>et</span> <span class='ocrx_word' id='word_1_11' title='bbox 1057 338 1181 424; x_wconf 87' lang='lat' dir='ltr'>rapine.</span> <span class='ocrx_word' id='word_1_12' title='bbox 1202 342 1267 397; x_wconf 76' lang='lat'>¹265</span> 
     </span>
     <span class='ocr_line' id='line_1_3' title="bbox 48 430 1184 524; baseline 0.007 -28"><span class='ocrx_word' id='word_1_13' title='bbox 48 430 124 518; x_wconf 89' lang='lat' dir='ltr'>lpse</span> <span class='ocrx_word' id='word_1_14' title='bbox 140 451 280 520; x_wconf 83' lang='lat' dir='ltr'>quoque</span> <span class='ocrx_word' id='word_1_15' title='bbox 294 434 328 499; x_wconf 93' lang='lat' dir='ltr'>in</span> <span class='ocrx_word' id='word_1_16' title='bbox 343 437 687 524; x_wconf 83' lang='lat' dir='ltr'>monseaugustiplus</span> <span class='ocrx_word' id='word_1_17' title='bbox 708 454 805 522; x_wconf 86' lang='lat' dir='ltr'>quarn</span> <span class='ocrx_word' id='word_1_18' title='bbox 820 455 893 505; x_wconf 87' lang='lat' dir='ltr'>oum</span> <span class='ocrx_word' id='word_1_19' title='bbox 918 437 1028 503; x_wconf 87' lang='lat' dir='ltr'>multis</span> <span class='ocrx_word' id='word_1_20' title='bbox 1054 437 1184 504; x_wconf 90' lang='lat' dir='ltr'>milibus</span> 
     </span>
     <span class='ocr_line' id='line_1_4' title="bbox 49 533 1184 620; baseline 0.004 -22"><span class='ocrx_word' id='word_1_21' title='bbox 49 539 248 604; x_wconf 89' lang='lat' dir='ltr'>armatorum</span> <span class='ocrx_word' id='word_1_22' title='bbox 268 551 385 602; x_wconf 90' lang='lat' dir='ltr'>versus</span> <span class='ocrx_word' id='word_1_23' title='bbox 408 534 532 604; x_wconf 79' lang='lat' dir='ltr'>Chanrb</span> <span class='ocrx_word' id='word_1_24' title='bbox 547 536 732 602; x_wconf 88' lang='lat' dir='ltr'>Bawariam</span> <span class='ocrx_word' id='word_1_25' title='bbox 754 537 905 620; x_wconf 90' lang='lat' dir='ltr'>intravit,</span> <span class='ocrx_word' id='word_1_26' title='bbox 924 533 1101 604; x_wconf 88' lang='lat' dir='ltr'>destruens</span> <span class='ocrx_word' id='word_1_27' title='bbox 1117 533 1184 602; x_wconf 89' lang='lat' dir='ltr'>Re-</span> 
     </span>
     <span class='ocr_line' id='line_1_5' title="bbox 47 633 1183 722; baseline 0.004 -25"><span class='ocrx_word' id='word_1_28' title='bbox 47 633 215 715; x_wconf 82' lang='lat' dir='ltr'>genstuul</span> <span class='ocrx_word' id='word_1_29' title='bbox 229 641 260 700; x_wconf 89' lang='lat' dir='ltr'>et</span> <span class='ocrx_word' id='word_1_30' title='bbox 283 633 405 700; x_wconf 90' lang='lat' dir='ltr'>Nllnav</span> <span class='ocrx_word' id='word_1_31' title='bbox 431 641 464 702; x_wconf 89' lang='lat' dir='ltr'>et</span> <span class='ocrx_word' id='word_1_32' title='bbox 484 635 550 702; x_wconf 86' lang='lat' dir='ltr'>alia</span> <span class='ocrx_word' id='word_1_33' title='bbox 574 643 700 722; x_wconf 89' lang='lat' dir='ltr'>eastra,</span> <span class='ocrx_word' id='word_1_34' title='bbox 718 635 752 700; x_wconf 92' lang='lat' dir='ltr'>in</span> <span class='ocrx_word' id='word_1_35' title='bbox 771 635 891 720; x_wconf 87' lang='lat' dir='ltr'>quibus</span> <span class='ocrx_word' id='word_1_36' title='bbox 913 652 973 721; x_wconf 89' lang='lat' dir='ltr'>per</span> <span class='ocrx_word' id='word_1_37' title='bbox 993 633 1183 702; x_wconf 88' lang='lat' dir='ltr'>inuendium</span> 
     </span>
     <span class='ocr_line' id='line_1_6' title="bbox 47 733 1183 820; baseline 0.004 -24"><span class='ocrx_word' id='word_1_38' title='bbox 47 737 78 797; x_wconf 90' lang='lat' dir='ltr'>et</span> <span class='ocrx_word' id='word_1_39' title='bbox 92 733 208 800; x_wconf 86' lang='lat' dir='ltr'>iaoula</span> <span class='ocrx_word' id='word_1_40' title='bbox 225 733 418 819; x_wconf 85' lang='lat' dir='ltr'>sagittarum</span> <span class='ocrx_word' id='word_1_41' title='bbox 434 751 555 820; x_wconf 86' lang='lat' dir='ltr'>magna</span> <span class='ocrx_word' id='word_1_42' title='bbox 572 734 669 820; x_wconf 84' lang='lat' dir='ltr'>periit</span> <span class='ocrx_word' id='word_1_43' title='bbox 683 733 848 800; x_wconf 92' lang='lat' dir='ltr'>bominum</span> <span class='ocrx_word' id='word_1_44' title='bbox 860 733 1042 802; x_wconf 91' lang='lat' dir='ltr'>mullitudo.</span> <span class='ocrx_word' id='word_1_45' title='bbox 1056 733 1096 800; x_wconf 88' lang='lat' dir='ltr'>Et</span> <span class='ocrx_word' id='word_1_46' title='bbox 1110 751 1183 800; x_wconf 88' lang='lat' dir='ltr'>mo-</span> 
     </span>
     <span class='ocr_line' id='line_1_7' title="bbox 47 831 1183 920; baseline 0.004 -24"><span class='ocrx_word' id='word_1_47' title='bbox 47 837 138 897; x_wconf 87' lang='lat' dir='ltr'>rante</span> <span class='ocrx_word' id='word_1_48' title='bbox 167 833 246 918; x_wconf 91' lang='lat' dir='ltr'>ipso</span> <span class='ocrx_word' id='word_1_49' title='bbox 271 851 331 919; x_wconf 94' lang='lat' dir='ltr'>per</span> <span class='ocrx_word' id='word_1_50' title='bbox 351 831 486 900; x_wconf 86' lang='lat' dir='ltr'>biduum</span> <span class='ocrx_word' id='word_1_51' title='bbox 512 831 695 920; x_wconf 85' lang='lat' dir='ltr'>Ratispone</span> <span class='ocrx_word' id='word_1_52' title='bbox 722 850 782 918; x_wconf 88' lang='lat' dir='ltr'>per</span> <span class='ocrx_word' id='word_1_53' title='bbox 808 833 928 918; x_wconf 77' lang='lat' dir='ltr'>Egrurn</span> <span class='ocrx_word' id='word_1_54' title='bbox 952 833 1126 900; x_wconf 89' lang='lat' dir='ltr'>revertitur</span> <span class='ocrx_word' id='word_1_55' title='bbox 1149 833 1183 900; x_wconf 91' lang='lat' dir='ltr'>iu</span> 
     </span>
     <span class='ocr_line' id='line_1_8' title="bbox 47 930 1182 1020; baseline 0.002 -22"><span class='ocrx_word' id='word_1_56' title='bbox 47 930 239 1020; x_wconf 78' lang='lat' dir='ltr'>dormiam,</span> <span class='ocrx_word' id='word_1_57' title='bbox 259 933 404 998; x_wconf 88' lang='lat' dir='ltr'>eneroilu</span> <span class='ocrx_word' id='word_1_58' title='bbox 421 933 591 1018; x_wconf 89' lang='lat' dir='ltr'>penuriam</span> <span class='ocrx_word' id='word_1_59' title='bbox 611 931 798 998; x_wconf 73' lang='lat' dir='ltr'>victualium</span> <span class='ocrx_word' id='word_1_60' title='bbox 816 933 973 1018; x_wconf 88' lang='lat' dir='ltr'>patiente.</span> <span class='ocrx_word' id='word_1_61' title='bbox 990 930 1182 1000; x_wconf 87' lang='lat' dir='ltr'>Reoedonte</span> 
     </span>
     <span class='ocr_line' id='line_1_9' title="bbox 47 1027 1181 1119; baseline 0.004 -25"><span class='ocrx_word' id='word_1_62' title='bbox 47 1036 156 1096; x_wconf 90' lang='lat' dir='ltr'>autem</span> <span class='ocrx_word' id='word_1_63' title='bbox 175 1031 254 1116; x_wconf 91' lang='lat' dir='ltr'>ipso</span> <span class='ocrx_word' id='word_1_64' title='bbox 272 1047 352 1115; x_wconf 83' lang='lat' dir='ltr'>rege</span> <span class='ocrx_word' id='word_1_65' title='bbox 371 1029 412 1098; x_wconf 89' lang='lat' dir='ltr'>de</span> <span class='ocrx_word' id='word_1_66' title='bbox 434 1031 593 1118; x_wconf 81' lang='lat' dir='ltr'>bawaria,</span> <span class='ocrx_word' id='word_1_67' title='bbox 613 1030 766 1097; x_wconf 91' lang='lat' dir='ltr'>dominus</span> <span class='ocrx_word' id='word_1_68' title='bbox 785 1027 960 1100; x_wconf 89' lang='lat' dir='ltr'>Heinrious</span> <span class='ocrx_word' id='word_1_69' title='bbox 979 1029 1056 1119; x_wconf 81' lang='lat' dir='ltr'>dux,</span> <span class='ocrx_word' id='word_1_70' title='bbox 1076 1029 1181 1098; x_wconf 90' lang='lat' dir='ltr'>misso</span> 
     </span>
     <span class='ocr_line' id='line_1_10' title="bbox 48 1128 1180 1218; baseline 0.003 -24"><span class='ocrx_word' id='word_1_71' title='bbox 48 1130 196 1198; x_wconf 85' lang='lat' dir='ltr'>oneroitu</span> <span class='ocrx_word' id='word_1_72' title='bbox 223 1129 308 1211; x_wconf 80' lang='lat' dir='ltr'>ultro</span> <span class='ocrx_word' id='word_1_73' title='bbox 338 1128 461 1198; x_wconf 89' lang='lat' dir='ltr'>llumon</span> <span class='ocrx_word' id='word_1_74' title='bbox 488 1130 619 1218; x_wconf 85' lang='lat' dir='ltr'>lusan,</span> <span class='ocrx_word' id='word_1_75' title='bbox 646 1128 802 1216; x_wconf 90' lang='lat' dir='ltr'>oppidum</span> <span class='ocrx_word' id='word_1_76' title='bbox 825 1130 858 1196; x_wconf 92' lang='lat' dir='ltr'>in</span> <span class='ocrx_word' id='word_1_77' title='bbox 884 1129 1013 1198; x_wconf 87' lang='lat' dir='ltr'>Velden</span> <span class='ocrx_word' id='word_1_78' title='bbox 1040 1135 1073 1196; x_wconf 90' lang='lat' dir='ltr'>et</span> <span class='ocrx_word' id='word_1_79' title='bbox 1097 1129 1180 1197; x_wconf 87' lang='lat' dir='ltr'>alius</span> 
     </span>
     <span class='ocr_line' id='line_1_11' title="bbox 47 1226 1180 1316; baseline 0.002 -24"><span class='ocrx_word' id='word_1_80' title='bbox 47 1229 251 1296; x_wconf 89' lang='lat' dir='ltr'>mumtiones</span> <span class='ocrx_word' id='word_1_81' title='bbox 277 1245 350 1294; x_wconf 85' lang='lat' dir='ltr'>rum</span> <span class='ocrx_word' id='word_1_82' title='bbox 377 1234 445 1296; x_wconf 90' lang='lat' dir='ltr'>tola</span> <span class='ocrx_word' id='word_1_83' title='bbox 472 1229 643 1316; x_wconf 79' lang='lat' dir='ltr'>provincia</span> <span class='ocrx_word' id='word_1_84' title='bbox 667 1226 788 1294; x_wconf 84' lang='lat' dir='ltr'>ibidem</span> <span class='ocrx_word' id='word_1_85' title='bbox 808 1227 963 1296; x_wconf 91' lang='lat' dir='ltr'>inoendio</span> <span class='ocrx_word' id='word_1_86' title='bbox 983 1227 1180 1296; x_wconf 84' lang='lat' dir='ltr'>devastavit.</span> 
     </span>
     <span class='ocr_line' id='line_1_12' title="bbox 47 1321 1180 1417; baseline 0.002 -25"><span class='ocrx_word' id='word_1_87' title='bbox 47 1324 303 1414; x_wconf 80' lang='lat' dir='ltr'>Subsequeutor</span> <span class='ocrx_word' id='word_1_88' title='bbox 328 1327 362 1394; x_wconf 92' lang='lat' dir='ltr'>iii</span> <span class='ocrx_word' id='word_1_89' title='bbox 389 1327 452 1394; x_wconf 81' lang='lat' dir='ltr'>lral.</span> <span class='ocrx_word' id='word_1_90' title='bbox 477 1327 667 1414; x_wconf 81' lang='lat' dir='ltr'>novembris</span> <span class='ocrx_word' id='word_1_91' title='bbox 692 1321 795 1415; x_wconf 86' lang='lat' dir='ltr'>[sept.</span> <span class='ocrx_word' id='word_1_92' title='bbox 816 1324 1180 1417; x_wconf 81' lang='lat' dir='ltr'>30]iueml1emrrrus</span> 
     </span>
     <span class='ocr_line' id='line_1_13' title="bbox 46 1423 1179 1514; baseline 0.002 -24"><span class='ocrx_word' id='word_1_93' title='bbox 46 1423 109 1492; x_wconf 89' lang='lat' dir='ltr'>dux</span> <span class='ocrx_word' id='word_1_94' title='bbox 128 1426 284 1494; x_wconf 88' lang='lat' dir='ltr'>Bawnrie</span> <span class='ocrx_word' id='word_1_95' title='bbox 302 1432 506 1514; x_wconf 77' lang='lat' dir='ltr'>perportant</span> <span class='ocrx_word' id='word_1_96' title='bbox 525 1425 690 1512; x_wconf 87' lang='lat' dir='ltr'>quandam</span> <span class='ocrx_word' id='word_1_97' title='bbox 708 1426 849 1492; x_wconf 81' lang='lat' dir='ltr'>diritatis</span> <span class='ocrx_word' id='word_1_98' title='bbox 866 1425 1081 1514; x_wconf 77' lang='lat' dir='ltr'>lutoviensis,</span> <span class='ocrx_word' id='word_1_99' title='bbox 1099 1443 1179 1514; x_wconf 53' lang='lat' dir='ltr'>pro*</span> 
     </span>
     <span class='ocr_line' id='line_1_14' title="bbox 46 1523 1179 1611; baseline 0.003 -22"><span class='ocrx_word' id='word_1_100' title='bbox 46 1525 218 1592; x_wconf 87' lang='lat' dir='ltr'>ourationo</span> <span class='ocrx_word' id='word_1_101' title='bbox 245 1525 316 1592; x_wconf 87' lang='lat' dir='ltr'>sive</span> <span class='ocrx_word' id='word_1_102' title='bbox 343 1523 517 1594; x_wconf 72' lang='lat' dir='ltr'>traditione</span> <span class='ocrx_word' id='word_1_103' title='bbox 536 1523 741 1611; x_wconf 90' lang='lat' dir='ltr'>quorundam</span> <span class='ocrx_word' id='word_1_104' title='bbox 761 1542 820 1611; x_wconf 91' lang='lat' dir='ltr'>per</span> <span class='ocrx_word' id='word_1_105' title='bbox 842 1523 1046 1592; x_wconf 83' lang='lat' dir='ltr'>adulterinus</span> <span class='ocrx_word' id='word_1_106' title='bbox 1066 1525 1179 1592; x_wconf 87' lang='lat' dir='ltr'>claves</span> 
     </span>
     <span class='ocr_line' id='line_1_15' title="bbox 47 1621 1180 1711; baseline 0.002 -23"><span class='ocrx_word' id='word_1_107' title='bbox 47 1622 237 1711; x_wconf 86' lang='lat' dir='ltr'>obtentam,</span> <span class='ocrx_word' id='word_1_108' title='bbox 262 1641 385 1690; x_wconf 85' lang='lat' dir='ltr'>nurum</span> <span class='ocrx_word' id='word_1_109' title='bbox 408 1623 513 1692; x_wconf 90' lang='lat' dir='ltr'>lorum</span> <span class='ocrx_word' id='word_1_110' title='bbox 540 1641 613 1690; x_wconf 89' lang='lat' dir='ltr'>oum</span> <span class='ocrx_word' id='word_1_111' title='bbox 638 1622 836 1708; x_wconf 81' lang='lat' dir='ltr'>quibusdam</span> <span class='ocrx_word' id='word_1_112' title='bbox 859 1621 1011 1692; x_wconf 86' lang='lat' dir='ltr'>domibus</span> <span class='ocrx_word' id='word_1_113' title='bbox 1030 1628 1064 1690; x_wconf 89' lang='lat' dir='ltr'>ot</span> <span class='ocrx_word' id='word_1_114' title='bbox 1080 1625 1180 1690; x_wconf 83' lang='lat' dir='ltr'>&#39;etiam</span> 
     </span>
     <span class='ocr_line' id='line_1_16' title="bbox 46 1721 1178 1810; baseline 0 -22"><span class='ocrx_word' id='word_1_115' title='bbox 46 1721 181 1790; x_wconf 79' lang='lat' dir='ltr'>cellario</span> <span class='ocrx_word' id='word_1_116' title='bbox 210 1723 443 1790; x_wconf 81' lang='lat' dir='ltr'>canonicorum</span> <span class='ocrx_word' id='word_1_117' title='bbox 469 1740 510 1790; x_wconf 88' lang='lat' dir='ltr'>au</span> <span class='ocrx_word' id='word_1_118' title='bbox 540 1740 694 1807; x_wconf 83' lang='lat' dir='ltr'>magnam</span> <span class='ocrx_word' id='word_1_119' title='bbox 720 1728 846 1809; x_wconf 88' lang='lat' dir='ltr'>partem</span> <span class='ocrx_word' id='word_1_120' title='bbox 873 1723 1015 1790; x_wconf 79' lang='lat' dir='ltr'>divitatis</span> <span class='ocrx_word' id='word_1_121' title='bbox 1040 1723 1178 1810; x_wconf 79' lang='lat' dir='ltr'>exussit,</span> 
     </span>
     <span class='ocr_line' id='line_1_17' title="bbox 45 1820 1178 1907; baseline 0.001 -22"><span class='ocrx_word' id='word_1_122' title='bbox 45 1821 212 1907; x_wconf 84' lang='lat' dir='ltr'>aliquibus</span> <span class='ocrx_word' id='word_1_123' title='bbox 231 1820 352 1888; x_wconf 92' lang='lat' dir='ltr'>ibidem</span> <span class='ocrx_word' id='word_1_124' title='bbox 370 1821 497 1890; x_wconf 85' lang='lat' dir='ltr'>nivibus</span> <span class='ocrx_word' id='word_1_125' title='bbox 516 1820 715 1906; x_wconf 86' lang='lat' dir='ltr'>interleolis;</span> <span class='ocrx_word' id='word_1_126' title='bbox 742 1827 911 1906; x_wconf 84' lang='lat' dir='ltr'>totamque</span> <span class='ocrx_word' id='word_1_127' title='bbox 935 1821 1099 1888; x_wconf 83' lang='lat' dir='ltr'>divitatem</span> <span class='ocrx_word' id='word_1_128' title='bbox 1119 1838 1178 1887; x_wconf 89' lang='lat' dir='ltr'>oe-</span> 
     </span>
     <span class='ocr_line' id='line_1_18' title="bbox 46 1920 1177 2009; baseline 0.001 -24"><span class='ocrx_word' id='word_1_129' title='bbox 46 1922 165 2009; x_wconf 86' lang='lat' dir='ltr'>pissot‚</span> <span class='ocrx_word' id='word_1_130' title='bbox 186 1921 216 1990; x_wconf 93' lang='lat' dir='ltr'>si</span> <span class='ocrx_word' id='word_1_131' title='bbox 236 1921 287 1987; x_wconf 92' lang='lat' dir='ltr'>sui</span> <span class='ocrx_word' id='word_1_132' title='bbox 306 1939 373 1988; x_wconf 92' lang='lat' dir='ltr'>nun</span> <span class='ocrx_word' id='word_1_133' title='bbox 392 1921 535 1988; x_wconf 83' lang='lat' dir='ltr'>fuissem</span> <span class='ocrx_word' id='word_1_134' title='bbox 548 1927 682 2007; x_wconf 86' lang='lat' dir='ltr'>propter</span> <span class='ocrx_word' id='word_1_135' title='bbox 694 1920 901 1986; x_wconf 90' lang='lat' dir='ltr'>invasionem</span> <span class='ocrx_word' id='word_1_136' title='bbox 915 1920 1029 2007; x_wconf 86' lang='lat' dir='ltr'>rapine</span> <span class='ocrx_word' id='word_1_137' title='bbox 1046 1925 1079 1986; x_wconf 82' lang='lat' dir='ltr'>et</span> <span class='ocrx_word' id='word_1_138' title='bbox 1094 1935 1177 1986; x_wconf 84' lang='lat' dir='ltr'>nou-</span> 
     </span>
     <span class='ocr_line' id='line_1_19' title="bbox 47 2012 801 2106; baseline 0.003 -24"><span class='ocrx_word' id='word_1_139' title='bbox 47 2019 83 2085; x_wconf 89' lang='lat' dir='ltr'>lis</span> <span class='ocrx_word' id='word_1_140' title='bbox 103 2019 263 2086; x_wconf 86' lang='lat' dir='ltr'>tenebras</span> <span class='ocrx_word' id='word_1_141' title='bbox 283 2019 360 2085; x_wconf 91' lang='lat' dir='ltr'>bino</span> <span class='ocrx_word' id='word_1_142' title='bbox 377 2019 455 2088; x_wconf 91' lang='lat' dir='ltr'>inde</span> <span class='ocrx_word' id='word_1_143' title='bbox 474 2018 625 2106; x_wconf 92' lang='lat' dir='ltr'>dispersi.</span> <span class='ocrx_word' id='word_1_144' title='bbox 770 2012 772 2015; x_wconf 62' lang='grc'><strong>”</strong></span> <span class='ocrx_word' id='word_1_145' title='bbox 800 2097 801 2100; x_wconf 10' lang='lat'>¹</span> 
     </span>
    </p>

    <p class='ocr_par' dir='ltr' id='par_1_3' title="bbox 47 2111 1189 3688">
     <span class='ocr_line' id='line_1_20' title="bbox 116 2111 1176 2188; baseline -0.003 -3"><span class='ocrx_word' id='word_1_146' title='bbox 116 2117 219 2186; x_wconf 84' lang='lat' dir='ltr'>Anno</span> <span class='ocrx_word' id='word_1_147' title='bbox 230 2111 467 2188; x_wconf 81' lang='lat' dir='ltr'>incarnationis</span> <span class='ocrx_word' id='word_1_148' title='bbox 479 2117 602 2186; x_wconf 92' lang='lat' dir='ltr'>domini</span> <span class='ocrx_word' id='word_1_149' title='bbox 612 2117 802 2184; x_wconf 80' lang='lat' dir='ltr'>meolnuii.</span> <span class='ocrx_word' id='word_1_150' title='bbox 812 2115 966 2184; x_wconf 88' lang='lat' dir='ltr'>deminus</span> <span class='ocrx_word' id='word_1_151' title='bbox 976 2115 1082 2183; x_wconf 89' lang='lat' dir='ltr'>Guido</span> <span class='ocrx_word' id='word_1_152' title='bbox 1098 2133 1176 2183; x_wconf 88' lang='lat' dir='ltr'>ear-</span> 
     </span>
     <span class='ocr_line' id='line_1_21' title="bbox 48 2211 1178 2305; baseline 0.002 -25"><span class='ocrx_word' id='word_1_153' title='bbox 48 2213 163 2286; x_wconf 90' lang='lat' dir='ltr'>dinalis</span> <span class='ocrx_word' id='word_1_154' title='bbox 191 2219 378 2305; x_wconf 82' lang='lat' dir='ltr'>apostoliea</span> <span class='ocrx_word' id='word_1_155' title='bbox 405 2217 498 2286; x_wconf 89' lang='lat' dir='ltr'>sedis</span> <span class='ocrx_word' id='word_1_156' title='bbox 523 2218 654 2302; x_wconf 82' lang='lat' dir='ltr'>legatus</span> <span class='ocrx_word' id='word_1_157' title='bbox 673 2217 705 2283; x_wconf 91' lang='lat' dir='ltr'>vi</span> <span class='ocrx_word' id='word_1_158' title='bbox 722 2215 797 2284; x_wconf 92' lang='lat' dir='ltr'>idus</span> <span class='ocrx_word' id='word_1_159' title='bbox 816 2216 892 2282; x_wconf 88' lang='lat' dir='ltr'>maii</span> <span class='ocrx_word' id='word_1_160' title='bbox 912 2211 993 2304; x_wconf 90' lang='lat' dir='ltr'>[mai</span> <span class='ocrx_word' id='word_1_161' title='bbox 1014 2211 1076 2304; x_wconf 79' lang='lat'>10]</span> <span class='ocrx_word' id='word_1_162' title='bbox 1097 2221 1178 2304; x_wconf 90' lang='lat' dir='ltr'>aput</span> 
     </span>
     <span class='ocr_line' id='line_1_22' title="bbox 48 2311 1176 2403; baseline 0.005 -25"><span class='ocrx_word' id='word_1_163' title='bbox 48 2314 222 2384; x_wconf 86' lang='lat' dir='ltr'>Wiennam</span> <span class='ocrx_word' id='word_1_164' title='bbox 247 2317 423 2384; x_wconf 86' lang='lat' dir='ltr'>oonoilium</span> <span class='ocrx_word' id='word_1_165' title='bbox 451 2315 647 2403; x_wconf 77' lang='lat' dir='ltr'>celebrarit,</span> <span class='ocrx_word' id='word_1_166' title='bbox 682 2317 735 2382; x_wconf 90' lang='lat' dir='ltr'>oui</span> <span class='ocrx_word' id='word_1_167' title='bbox 761 2313 981 2382; x_wconf 83' lang='lat' dir='ltr'>interluerunt</span> <span class='ocrx_word' id='word_1_168' title='bbox 1002 2311 1176 2384; x_wconf 85' lang='lat' dir='ltr'>lebannes</span> 
     </span>
     <span class='ocr_line' id='line_1_23' title="bbox 47 2412 1189 2504; baseline 0.003 -27"><span class='ocrx_word' id='word_1_169' title='bbox 47 2412 234 2504; x_wconf 72' lang='lat' dir='ltr'>bragensis,</span> <span class='ocrx_word' id='word_1_170' title='bbox 254 2415 370 2483; x_wconf 90' lang='lat' dir='ltr'>Petrus</span> <span class='ocrx_word' id='word_1_171' title='bbox 380 2415 599 2502; x_wconf 78' lang='lat' dir='ltr'>lutoviensis,</span> <span class='ocrx_word' id='word_1_172' title='bbox 618 2414 729 2482; x_wconf 89' lang='lat' dir='ltr'>Bruno</span> <span class='ocrx_word' id='word_1_173' title='bbox 744 2415 959 2502; x_wconf 78' lang='lat' dir='ltr'>BrixinensiS,</span> <span class='ocrx_word' id='word_1_174' title='bbox 979 2413 1189 2481; x_wconf 85' lang='lat' dir='ltr'>Chuuradus-</span> 
     </span>
     <span class='ocr_line' id='line_1_24' title="bbox 48 2509 1175 2602; baseline 0.003 -25"><span class='ocrx_word' id='word_1_175' title='bbox 48 2511 287 2602; x_wconf 81' lang='lat' dir='ltr'>lrisingensls,</span> <span class='ocrx_word' id='word_1_176' title='bbox 310 2515 381 2583; x_wconf 87' lang='lat' dir='ltr'>Leo</span> <span class='ocrx_word' id='word_1_177' title='bbox 405 2513 677 2601; x_wconf 78' lang='lat' dir='ltr'>RatisponensiS,</span> <span class='ocrx_word' id='word_1_178' title='bbox 703 2509 1175 2590; x_wconf 87' lang='lat' dir='ltr'>AmulrieusLavendinensis</span> 
     </span>
     <span class='ocr_line' id='line_1_25' title="bbox 47 2611 1175 2701; baseline 0.002 -25"><span class='ocrx_word' id='word_1_179' title='bbox 47 2613 211 2701; x_wconf 86' lang='lat' dir='ltr'>episeopi,</span> <span class='ocrx_word' id='word_1_180' title='bbox 238 2619 272 2680; x_wconf 91' lang='lat' dir='ltr'>et</span> <span class='ocrx_word' id='word_1_181' title='bbox 297 2613 351 2682; x_wconf 91' lang='lat' dir='ltr'>alii</span> <span class='ocrx_word' id='word_1_182' title='bbox 376 2627 474 2701; x_wconf 84' lang='lat' dir='ltr'>quarn</span> <span class='ocrx_word' id='word_1_183' title='bbox 501 2613 629 2699; x_wconf 85' lang='lat' dir='ltr'>plurimi</span> <span class='ocrx_word' id='word_1_184' title='bbox 654 2611 801 2698; x_wconf 87' lang='lat' dir='ltr'>deipsis</span> <span class='ocrx_word' id='word_1_185' title='bbox 828 2611 1033 2697; x_wconf 75' lang='lat' dir='ltr'>dyocesibus</span> <span class='ocrx_word' id='word_1_186' title='bbox 1059 2611 1175 2697; x_wconf 89' lang='lat' dir='ltr'>prelati</span> 
     </span>
     <span class='ocr_line' id='line_1_26' title="bbox 47 2708 1174 2798; baseline 0.003 -25"><span class='ocrx_word' id='word_1_187' title='bbox 47 2711 279 2798; x_wconf 88' lang='lat' dir='ltr'>arobidyaooni</span> <span class='ocrx_word' id='word_1_188' title='bbox 297 2719 331 2780; x_wconf 90' lang='lat' dir='ltr'>et</span> <span class='ocrx_word' id='word_1_189' title='bbox 348 2712 476 2780; x_wconf 86' lang='lat' dir='ltr'>deoani.</span> <span class='ocrx_word' id='word_1_190' title='bbox 503 2711 598 2778; x_wconf 83' lang='lat' dir='ltr'>Tune</span> <span class='ocrx_word' id='word_1_191' title='bbox 619 2712 720 2778; x_wconf 81' lang='lat' dir='ltr'>&#39;etiam</span> <span class='ocrx_word' id='word_1_192' title='bbox 738 2711 772 2777; x_wconf 92' lang='lat' dir='ltr'>in</span> <span class='ocrx_word' id='word_1_193' title='bbox 789 2711 889 2798; x_wconf 87' lang='lat' dir='ltr'>priori</span> <span class='ocrx_word' id='word_1_194' title='bbox 915 2708 1078 2777; x_wconf 90' lang='lat' dir='ltr'>dominioa</span> <span class='ocrx_word' id='word_1_195' title='bbox 1098 2708 1174 2776; x_wconf 88' lang='lat' dir='ltr'>lau-</span> 
     </span>
     <span class='ocr_line' id='line_1_27' title="bbox 47 2807 1173 2898; baseline 0.003 -27"><span class='ocrx_word' id='word_1_196' title='bbox 47 2813 93 2875; x_wconf 91' lang='lat' dir='ltr'>trrs</span> <span class='ocrx_word' id='word_1_197' title='bbox 111 2819 163 2878; x_wconf 83' lang='lat' dir='ltr'>est</span> <span class='ocrx_word' id='word_1_198' title='bbox 183 2818 269 2878; x_wconf 88' lang='lat' dir='ltr'>torre</span> <span class='ocrx_word' id='word_1_199' title='bbox 289 2817 413 2898; x_wconf 71' lang='lat' dir='ltr'>motus²</span> <span class='ocrx_word' id='word_1_200' title='bbox 432 2813 477 2878; x_wconf 89' lang='lat' dir='ltr'>itu</span> <span class='ocrx_word' id='word_1_201' title='bbox 496 2811 582 2878; x_wconf 92' lang='lat' dir='ltr'>utin</span> <span class='ocrx_word' id='word_1_202' title='bbox 601 2810 712 2876; x_wconf 87' lang='lat' dir='ltr'>multis</span> <span class='ocrx_word' id='word_1_203' title='bbox 731 2810 828 2876; x_wconf 89' lang='lat' dir='ltr'>etium</span> <span class='ocrx_word' id='word_1_204' title='bbox 849 2808 933 2878; x_wconf 88' lang='lat' dir='ltr'>louis</span> <span class='ocrx_word' id='word_1_205' title='bbox 951 2809 1076 2876; x_wconf 92' lang='lat' dir='ltr'>ruinam</span> <span class='ocrx_word' id='word_1_206' title='bbox 1096 2807 1173 2874; x_wconf 61' lang='lat' dir='ltr'>edi-¹</span> 
     </span>
     <span class='ocr_line' id='line_1_28' title="bbox 48 2901 1173 2996; baseline 0.002 -24"><span class='ocrx_word' id='word_1_207' title='bbox 48 2905 113 2977; x_wconf 87' lang='lat' dir='ltr'>boia</span> <span class='ocrx_word' id='word_1_208' title='bbox 138 2901 338 2996; x_wconf 75' lang='lat' dir='ltr'>pa&#39;torentun</span> <span class='ocrx_word' id='word_1_209' title='bbox 365 2907 528 2978; x_wconf 82' lang='lat' dir='ltr'>Otalrarus</span> <span class='ocrx_word' id='word_1_210' title='bbox 554 2920 610 2978; x_wconf 85' lang='lat' dir='ltr'>ro&#39;x</span> <span class='ocrx_word' id='word_1_211' title='bbox 635 2909 833 2978; x_wconf 89' lang='lat' dir='ltr'>Boemorum</span> <span class='ocrx_word' id='word_1_212' title='bbox 857 2913 890 2974; x_wconf 91' lang='lat' dir='ltr'>et</span> <span class='ocrx_word' id='word_1_213' title='bbox 913 2907 1086 2974; x_wconf 87' lang='lat' dir='ltr'>Heinrious</span> <span class='ocrx_word' id='word_1_214' title='bbox 1106 2907 1173 2974; x_wconf 85' lang='lat' dir='ltr'>dux</span> 
     </span>
     <span class='ocr_line' id='line_1_29' title="bbox 49 3005 1171 3098; baseline 0.002 -28"><span class='ocrx_word' id='word_1_215' title='bbox 49 3005 194 3078; x_wconf 79' lang='lat' dir='ltr'>larvarie</span> <span class='ocrx_word' id='word_1_216' title='bbox 214 3025 329 3076; x_wconf 88' lang='lat' dir='ltr'>rursus</span> <span class='ocrx_word' id='word_1_217' title='bbox 347 3027 406 3096; x_wconf 88' lang='lat' dir='ltr'>per</span> <span class='ocrx_word' id='word_1_218' title='bbox 423 3010 516 3098; x_wconf 81' lang='lat' dir='ltr'>pacis</span> <span class='ocrx_word' id='word_1_219' title='bbox 535 3009 685 3076; x_wconf 85' lang='lat' dir='ltr'>oseulum</span> <span class='ocrx_word' id='word_1_220' title='bbox 704 3006 746 3074; x_wconf 87' lang='lat' dir='ltr'>ud</span> <span class='ocrx_word' id='word_1_221' title='bbox 765 3006 975 3076; x_wconf 89' lang='lat' dir='ltr'>oonoordiam</span> <span class='ocrx_word' id='word_1_222' title='bbox 994 3005 1171 3074; x_wconf 81' lang='lat' dir='ltr'>redieram.</span> 
     </span>
     <span class='ocr_line' id='line_1_30' title="bbox 48 3102 1173 3195; baseline 0.003 -26"><span class='ocrx_word' id='word_1_223' title='bbox 48 3104 83 3171; x_wconf 86' lang='lat' dir='ltr'>Et</span> <span class='ocrx_word' id='word_1_224' title='bbox 106 3106 256 3174; x_wconf 84' lang='lat' dir='ltr'>Elisabet</span> <span class='ocrx_word' id='word_1_225' title='bbox 279 3107 417 3175; x_wconf 88' lang='lat' dir='ltr'>duoissa</span> <span class='ocrx_word' id='word_1_226' title='bbox 441 3108 593 3175; x_wconf 86' lang='lat' dir='ltr'>Bamarie</span> <span class='ocrx_word' id='word_1_227' title='bbox 620 3127 639 3174; x_wconf 93' lang='lat' dir='ltr'>v</span> <span class='ocrx_word' id='word_1_228' title='bbox 665 3106 740 3174; x_wconf 90' lang='lat' dir='ltr'>idus</span> <span class='ocrx_word' id='word_1_229' title='bbox 764 3107 844 3174; x_wconf 93' lang='lat' dir='ltr'>iunii</span> <span class='ocrx_word' id='word_1_230' title='bbox 871 3106 956 3192; x_wconf 90' lang='lat' dir='ltr'>[iuni</span> <span class='ocrx_word' id='word_1_231' title='bbox 976 3102 1014 3195; x_wconf 88' lang='grc'>9]</span> <span class='ocrx_word' id='word_1_232' title='bbox 1043 3107 1173 3192; x_wconf 84' lang='lat' dir='ltr'>peperit</span> 
     </span>
     <span class='ocr_line' id='line_1_31' title="bbox 50 3201 1172 3296; baseline 0.003 -29"><span class='ocrx_word' id='word_1_233' title='bbox 50 3201 155 3296; x_wconf 80' lang='lat' dir='ltr'>iliam,</span> <span class='ocrx_word' id='word_1_234' title='bbox 189 3225 253 3292; x_wconf 87' lang='lat' dir='ltr'>que</span> <span class='ocrx_word' id='word_1_235' title='bbox 279 3205 467 3294; x_wconf 82' lang='lat' dir='ltr'>&#39;baptizatur</span> <span class='ocrx_word' id='word_1_236' title='bbox 492 3225 512 3274; x_wconf 91' lang='lat' dir='ltr'>a</span> <span class='ocrx_word' id='word_1_237' title='bbox 537 3207 651 3274; x_wconf 85' lang='lat' dir='ltr'>Leone</span> <span class='ocrx_word' id='word_1_238' title='bbox 676 3207 837 3292; x_wconf 83' lang='lat' dir='ltr'>episeopo</span> <span class='ocrx_word' id='word_1_239' title='bbox 861 3204 1113 3291; x_wconf 84' lang='lat' dir='ltr'>llatisponensi,</span> <span class='ocrx_word' id='word_1_240' title='bbox 1138 3210 1172 3270; x_wconf 89' lang='lat' dir='ltr'>et</span> 
     </span>
     <span class='ocr_line' id='line_1_32' title="bbox 50 3299 1169 3390; baseline -0.001 -22"><span class='ocrx_word' id='word_1_241' title='bbox 50 3311 163 3372; x_wconf 86' lang='lat' dir='ltr'>rooata</span> <span class='ocrx_word' id='word_1_242' title='bbox 200 3299 250 3372; x_wconf 87' lang='lat' dir='ltr'>est</span> <span class='ocrx_word' id='word_1_243' title='bbox 279 3305 442 3373; x_wconf 89' lang='lat' dir='ltr'>llatorina.</span> <span class='ocrx_word' id='word_1_244' title='bbox 483 3305 734 3390; x_wconf 78' lang='lat' dir='ltr'>Subsequent-or</span> <span class='ocrx_word' id='word_1_245' title='bbox 760 3303 914 3371; x_wconf 91' lang='lat' dir='ltr'>dominus</span> <span class='ocrx_word' id='word_1_246' title='bbox 943 3301 1169 3368; x_wconf 84' lang='lat' dir='ltr'>Wladizzlaus</span> 
     </span>
     <span class='ocr_line' id='line_1_33' title="bbox 49 3397 1170 3492; baseline -0.001 -26"><span class='ocrx_word' id='word_1_247' title='bbox 49 3409 118 3487; x_wconf 87' lang='lat' dir='ltr'>aput</span> <span class='ocrx_word' id='word_1_248' title='bbox 136 3404 328 3492; x_wconf 82' lang='lat' dir='ltr'>salmpureh</span> <span class='ocrx_word' id='word_1_249' title='bbox 347 3405 380 3471; x_wconf 94' lang='lat' dir='ltr'>in</span> <span class='ocrx_word' id='word_1_250' title='bbox 400 3404 565 3480; x_wconf 86' lang='lat' dir='ltr'>dorniniea</span> <span class='ocrx_word' id='word_1_251' title='bbox 583 3402 733 3470; x_wconf 88' lang='lat' dir='ltr'>trinitatis</span> <span class='ocrx_word' id='word_1_252' title='bbox 754 3397 839 3490; x_wconf 90' lang='lat' dir='ltr'>[iuni</span> <span class='ocrx_word' id='word_1_253' title='bbox 857 3399 919 3490; x_wconf 78' lang='lat'>12]</span> <span class='ocrx_word' id='word_1_254' title='bbox 938 3402 970 3467; x_wconf 93' lang='lat' dir='ltr'>in</span> <span class='ocrx_word' id='word_1_255' title='bbox 987 3400 1170 3486; x_wconf 84' lang='lat' dir='ltr'>arehiepis-</span> 
     </span>
     <span class='ocr_line' id='line_1_34' title="bbox 49 3495 1171 3590; baseline 0 -26"><span class='ocrx_word' id='word_1_256' title='bbox 49 3516 158 3587; x_wconf 91' lang='lat' dir='ltr'>oopum</span> <span class='ocrx_word' id='word_1_257' title='bbox 190 3509 414 3571; x_wconf 87' lang='lat' dir='ltr'>eonseorutur.</span> <span class='ocrx_word' id='word_1_258' title='bbox 449 3502 526 3570; x_wconf 91' lang='lat' dir='ltr'>ldus</span> <span class='ocrx_word' id='word_1_259' title='bbox 553 3500 749 3589; x_wconf 78' lang='lat' dir='ltr'>septembris</span> <span class='ocrx_word' id='word_1_260' title='bbox 775 3495 877 3588; x_wconf 88' lang='lat' dir='ltr'>[sept.</span> <span class='ocrx_word' id='word_1_261' title='bbox 904 3495 968 3590; x_wconf 83' lang='lat'>13]</span> <span class='ocrx_word' id='word_1_262' title='bbox 995 3503 1171 3566; x_wconf 82' lang='lat' dir='ltr'>natusest</span> 
     </span>
     <span class='ocr_line' id='line_1_35' title="bbox 50 3596 912 3688; baseline -0.001 -24"><span class='ocrx_word' id='word_1_263' title='bbox 50 3596 295 3668; x_wconf 77' lang='lat' dir='ltr'>Ludwioo‘duui</span> <span class='ocrx_word' id='word_1_264' title='bbox 314 3602 473 3688; x_wconf 77' lang='lat' dir='ltr'>lrliusuui</span> <span class='ocrx_word' id='word_1_265' title='bbox 493 3607 632 3668; x_wconf 82' lang='lat' dir='ltr'>voratus</span> <span class='ocrx_word' id='word_1_266' title='bbox 652 3606 704 3667; x_wconf 91' lang='lat' dir='ltr'>est</span> <span class='ocrx_word' id='word_1_267' title='bbox 721 3599 912 3667; x_wconf 87' lang='lat' dir='ltr'>Luduious.</span> 
     </span>
    </p>

    <p class='ocr_par' dir='ltr' id='par_1_4' title="bbox 49 3694 1168 3985">
     <span class='ocr_line' id='line_1_36' title="bbox 114 3694 1167 3768; baseline -0.006 0"><span class='ocrx_word' id='word_1_268' title='bbox 114 3699 212 3768; x_wconf 83' lang='lat' dir='ltr'>Anno</span> <span class='ocrx_word' id='word_1_269' title='bbox 231 3700 270 3767; x_wconf 94' lang='lat' dir='ltr'>ab</span> <span class='ocrx_word' id='word_1_270' title='bbox 290 3702 517 3768; x_wconf 80' lang='lat' dir='ltr'>incarnatione</span> <span class='ocrx_word' id='word_1_271' title='bbox 536 3699 659 3766; x_wconf 91' lang='lat' dir='ltr'>domini</span> <span class='ocrx_word' id='word_1_272' title='bbox 679 3698 877 3766; x_wconf 88' lang='lat' dir='ltr'>rn.oo.lx.viii.</span> <span class='ocrx_word' id='word_1_273' title='bbox 897 3694 1092 3764; x_wconf 87' lang='lat' dir='ltr'>Cbunradus</span> <span class='ocrx_word' id='word_1_274' title='bbox 1110 3713 1167 3762; x_wconf 83' lang='lat' dir='ltr'>ren·</span> 
     </span>
     <span class='ocr_line' id='line_1_37' title="bbox 49 3794 1168 3886; baseline 0.004 -28"><span class='ocrx_word' id='word_1_275' title='bbox 49 3794 195 3866; x_wconf 89' lang='lat' dir='ltr'>inritatus</span> <span class='ocrx_word' id='word_1_276' title='bbox 213 3799 267 3866; x_wconf 93' lang='lat' dir='ltr'>diu</span> <span class='ocrx_word' id='word_1_277' title='bbox 286 3817 305 3866; x_wconf 90' lang='lat' dir='ltr'>a</span> <span class='ocrx_word' id='word_1_278' title='bbox 322 3799 509 3868; x_wconf 88' lang='lat' dir='ltr'>Lorrbardis</span> <span class='ocrx_word' id='word_1_279' title='bbox 528 3805 562 3866; x_wconf 86' lang='lat' dir='ltr'>et</span> <span class='ocrx_word' id='word_1_280' title='bbox 578 3797 714 3886; x_wconf 87' lang='lat' dir='ltr'>Apulis,</span> <span class='ocrx_word' id='word_1_281' title='bbox 733 3797 833 3884; x_wconf 88' lang='lat' dir='ltr'>priori</span> <span class='ocrx_word' id='word_1_282' title='bbox 852 3814 940 3863; x_wconf 89' lang='lat' dir='ltr'>anno</span> <span class='ocrx_word' id='word_1_283' title='bbox 956 3795 1097 3862; x_wconf 90' lang='lat' dir='ltr'>Ytaliam</span> <span class='ocrx_word' id='word_1_284' title='bbox 1115 3795 1168 3862; x_wconf 90' lang='lat' dir='ltr'>in-</span> 
     </span>
     <span class='ocr_line' id='line_1_38' title="bbox 51 3893 1167 3985; baseline 0.002 -25"><span class='ocrx_word' id='word_1_285' title='bbox 51 3912 197 3984; x_wconf 80' lang='lat' dir='ltr'>gressus,</span> <span class='ocrx_word' id='word_1_286' title='bbox 216 3898 452 3966; x_wconf 87' lang='lat' dir='ltr'>adherentibus</span> <span class='ocrx_word' id='word_1_287' title='bbox 472 3905 506 3965; x_wconf 89' lang='lat' dir='ltr'>ot</span> <span class='ocrx_word' id='word_1_288' title='bbox 523 3896 710 3965; x_wconf 87' lang='lat' dir='ltr'>laventibus</span> <span class='ocrx_word' id='word_1_289' title='bbox 726 3897 788 3963; x_wconf 91' lang='lat' dir='ltr'>sibi</span> <span class='ocrx_word' id='word_1_290' title='bbox 805 3895 951 3985; x_wconf 91' lang='lat' dir='ltr'>plurimis</span> <span class='ocrx_word' id='word_1_291' title='bbox 968 3893 1167 3972; x_wconf 77' lang='lat' dir='ltr'>civitatibus,</span> 
     </span>
    </p>
   </div>
   <div class='ocr_carea' id='block_1_3' title="bbox 51 3990 1229 4281">
    <p class='ocr_par' dir='ltr' id='par_1_5' title="bbox 51 3990 1229 4281">
     <span class='ocr_line' id='line_1_39' title="bbox 51 3990 1166 4085; baseline 0 -27"><span class='ocrx_word' id='word_1_292' title='bbox 51 3990 173 4064; x_wconf 90' lang='lat' dir='ltr'>llomam</span> <span class='ocrx_word' id='word_1_293' title='bbox 199 3997 401 4085; x_wconf 80' lang='lat' dir='ltr'>ingreditur,</span> <span class='ocrx_word' id='word_1_294' title='bbox 436 3997 491 4064; x_wconf 93' lang='lat' dir='ltr'>ubi</span> <span class='ocrx_word' id='word_1_295' title='bbox 522 3997 670 4082; x_wconf 83' lang='lat' dir='ltr'>glorioso</span> <span class='ocrx_word' id='word_1_296' title='bbox 705 4001 859 4080; x_wconf 83' lang='lat' dir='ltr'>tanquam</span> <span class='ocrx_word' id='word_1_297' title='bbox 888 3995 1064 4081; x_wconf 82' lang='lat' dir='ltr'>imperator</span> <span class='ocrx_word' id='word_1_298' title='bbox 1094 4011 1166 4060; x_wconf 87' lang='lat' dir='ltr'>eum</span> 
     </span>
     <span class='ocr_line' id='line_1_40' title="bbox 52 4091 1229 4184; baseline 0.001 -29"><span class='ocrx_word' id='word_1_299' title='bbox 52 4111 158 4179; x_wconf 83' lang='lat' dir='ltr'>magno</span> <span class='ocrx_word' id='word_1_300' title='bbox 185 4095 328 4183; x_wconf 89' lang='lat' dir='ltr'>tripudio</span> <span class='ocrx_word' id='word_1_301' title='bbox 356 4097 549 4184; x_wconf 80' lang='lat' dir='ltr'>suseipltur,</span> <span class='ocrx_word' id='word_1_302' title='bbox 577 4094 710 4164; x_wconf 91' lang='lat' dir='ltr'>domino</span> <span class='ocrx_word' id='word_1_303' title='bbox 736 4113 822 4180; x_wconf 93' lang='lat' dir='ltr'>papa</span> <span class='ocrx_word' id='word_1_304' title='bbox 847 4099 926 4160; x_wconf 91' lang='lat' dir='ltr'>tuno</span> <span class='ocrx_word' id='word_1_305' title='bbox 953 4097 1033 4179; x_wconf 91' lang='lat' dir='ltr'>aput</span> <span class='ocrx_word' id='word_1_306' title='bbox 1058 4091 1172 4164; x_wconf 34' lang='lat' dir='ltr'>Vltor-1</span> <span class='ocrx_word' id='word_1_307' title='bbox 1220 4092 1229 4108; x_wconf 85' lang='lat'><em>&#39;</em></span> 
     </span>
     <span class='ocr_line' id='line_1_41' title="bbox 51 4188 1164 4281; baseline -0.001 -26"><span class='ocrx_word' id='word_1_308' title='bbox 51 4188 125 4262; x_wconf 90' lang='lat' dir='ltr'>bium</span> <span class='ocrx_word' id='word_1_309' title='bbox 147 4197 320 4264; x_wconf 85' lang='lat' dir='ltr'>existento.</span> <span class='ocrx_word' id='word_1_310' title='bbox 349 4196 427 4264; x_wconf 87' lang='lat' dir='ltr'>Post</span> <span class='ocrx_word' id='word_1_311' title='bbox 453 4195 515 4264; x_wconf 87' lang='lat' dir='ltr'>buu</span> <span class='ocrx_word' id='word_1_312' title='bbox 542 4211 659 4264; x_wconf 88' lang='lat' dir='ltr'>versus</span> <span class='ocrx_word' id='word_1_313' title='bbox 686 4189 837 4281; x_wconf 80' lang='lat' dir='ltr'>Apuliam</span> <span class='ocrx_word' id='word_1_314' title='bbox 865 4190 1075 4280; x_wconf 73' lang='lat' dir='ltr'>progreditur</span> <span class='ocrx_word' id='word_1_315' title='bbox 1092 4207 1164 4255; x_wconf 88' lang='lat' dir='ltr'>eum</span> 
     </span>
    </p>
   </div>
   <div class='ocr_carea' id='block_1_4' title="bbox 0 0 1480 4836">
    <p class='ocr_par' dir='ltr' id='par_1_6' title="bbox 0 0 1480 4836">
     <span class='ocr_line' id='line_1_42' title="bbox 0 0 1480 4836; baseline 0 0"><span class='ocrx_word' id='word_1_316' title='bbox 0 0 1480 4836; x_wconf 95' lang='lat' dir='ltr'> </span> 
     </span>
    </p>
   </div>
  </div>
 </body>
</html>
