2890 4832
373 271 507 319 mrmmr
527 271 597 319 rrrr
618 271 643 319 s.
663 269 849 318 riemann.
1105 243 1175 314 315

34 407 102 476 hoo
119 402 309 498 preparatis
335 409 384 478 sic
402 413 505 478 totum
522 429 645 500 corpus
664 411 736 479 eius
750 409 983 500 perfoderunt,
1009 414 1047 479 ut
1063 427 1083 479 a
1100 427 1177 480 ver-

34 509 99 574 tice
118 526 236 596 usque
254 508 297 576 ad
314 509 458 598 plantam
485 510 576 577 nulla
593 526 670 598 pars
689 512 838 598 eorporis
864 529 885 578 a
909 510 1046 578 vulnere
1069 527 1178 578 vacua

34 615 238 676 remaneret.
271 609 321 676 Ita
343 615 380 676 ut
405 608 514 676 dicere
537 613 656 697 posset
685 625 758 676 oum
784 608 947 697 propbeta
973 609 1006 678 in
1031 626 1179 696 persona

36 705 166 774 Christi
191 708 287 776 ouius
312 705 492 775 membrum
517 707 657 775 allectus
684 712 736 776 est
760 724 821 795 pro
846 708 970 775 iustitia
986 706 1176 776 moriendo:

33 805 340 874 Circumdederunt
355 824 408 873 mc
420 824 521 874 cunco
535 806 646 890 metti,
667 806 840 874 cunctim
853 806 1102 891 mctipocotium
1117 805 1177 874 ab·

33 904 124 970 aedit
144 923 199 971 me
221 909 281 975 etc.
305 905 407 974 Porro
425 923 512 974 nnus
539 923 581 973 ex
604 906 672 994 eiS,
698 906 803 973 instar
826 906 899 973 eius
918 907 975 992 qui
999 905 1088 973 latus
1106 905 1179 974 Do·

34 1004 114 1070 mini
132 1004 254 1071 lancea
273 1005 410 1095 aperuit,
429 1004 532 1072 lertur
549 1022 624 1072 eum
643 1004 704 1072 sub
722 1003 810 1093 pede
828 1003 1000 1094 indidisse,
1019 1005 1178 1092 explora-

36 1109 134 1168 turus
153 1121 200 1170 an
220 1105 385 1172 extinctus
404 1109 506 1172 osset.
539 1102 671 1170 Deinde
689 1101 732 1170 ad
750 1119 858 1190 equos
878 1121 959 1171 suos
978 1103 1101 1189 singuli
1119 1121 1178 1170 re-

33 1207 214 1270 vertentes
233 1201 276 1270 ad
293 1203 445 1272 comitem
462 1207 700 1290 convenemnt,
716 1219 855 1290 empore
874 1203 1024 1290 episcopi
1041 1203 1075 1269 in
1093 1208 1179 1270 terra

35 1300 169 1368 relicto.
186 1297 214 1368 0
234 1319 345 1369 cecam
362 1303 590 1391 temeritatem,
606 1299 783 1369 oturorem
800 1301 887 1368 mille
905 1301 1065 1369 mortibus
1083 1301 1179 1389 pleo-

36 1399 197 1488 tendum,
224 1417 244 1467 o
269 1401 395 1468 rabiem
419 1417 489 1468 non
512 1401 680 1468 hominum
711 1399 772 1468 sed
794 1400 995 1490 belluarum,
1026 1417 1091 1487 que
1109 1417 1178 1468 non

37 1503 90 1565 est
108 1499 221 1566 verita
238 1504 304 1567 tam
321 1499 481 1567 audacter
505 1505 571 1566 tam
588 1498 763 1566 crudeliter
780 1505 846 1566 tam
863 1500 971 1568 viliter
989 1504 1022 1566 et
1039 1499 1178 1584 indigne

35 1596 200 1666 occidere
226 1598 383 1666 christum
402 1598 550 1687 Domini,
582 1597 789 1667 sacerdotem
807 1598 958 1686 Domini,
987 1598 1178 1686 pontificem

34 1714 217 1786 magnum,
245 1702 279 1765 et
295 1714 363 1764 non
388 1698 654 1784 qualemcunque
671 1697 872 1786 ponteficem
897 1695 959 1764 sed
984 1697 1178 1784 pontihoum

36 1803 170 1882 patrem
189 1813 229 1862 ao
244 1797 443 1886 principem,
477 1801 511 1864 at
529 1795 620 1883 quod
638 1798 746 1882 magis
766 1801 887 1864 terrere
905 1795 1085 1885 debuerat,
1113 1795 1178 1862 du-

36 1911 111 1961 cem
137 1893 353 1964 fortissimum
385 1901 418 1964 et
445 1894 584 1962 Romani
614 1897 709 1980 regni
732 1899 882 1962 tutorem.
925 1894 1056 1962 Patrato
1084 1899 1177 1961 tanto

34 1991 218 2080 parricidio
235 1993 387 2062 homines
405 1994 492 2062 malo
511 1993 653 2062 demone
670 1995 761 2083 pleni
782 2011 856 2062 cum
872 2009 935 2060 suo
960 1994 1092 2082 comite,
1110 1993 1177 2062 ima

37 2093 146 2159 totius
166 2093 289 2160 malitie
307 2091 431 2182 lomite,
450 2091 666 2180 recedentes,
691 2092 824 2161 Domini
839 2091 1065 2180 sacerdotem,
1091 2109 1130 2159 ao
1149 2091 1179 2159 si

35 2197 162 2258 unctus
182 2209 250 2260 non
268 2199 361 2260 esset
379 2193 474 2280 oleo,
498 2191 666 2278 liquerunt
689 2193 723 2258 in
748 2191 965 2278 sterquilinio.
997 2189 1097 2258 Miles
1115 2209 1178 2258 au-

39 2295 105 2356 tem
126 2289 272 2379 quidam,
290 2291 439 2359 Leonius
457 2292 602 2379 nomine,
621 2291 678 2378 qui
694 2290 740 2358 illi
753 2289 932 2358 adheserat
950 2291 1178 2377 cumprimum

38 2387 202 2456 detentus
226 2395 260 2456 et
282 2391 477 2458 vulneratus
496 2389 574 2478 tuit,
604 2389 793 2458 Heinrioum
820 2389 988 2456 cellarium
1011 2387 1052 2456 de
1070 2387 1178 2456 Hem-

39 2486 221 2576 menrode,
237 2489 295 2574 'qui
313 2489 446 2576 paulum
464 2494 689 2578 precesserat,
717 2488 937 2578 subsecutus,
962 2489 1009 2554 ait
1025 2486 1068 2555 ad
1086 2505 1177 2555 oum:

38 2585 114 2653 Heu
131 2587 262 2654 domine
279 2587 425 2676 cellaria,
442 2587 522 2672 quid
531 2587 720 2671 sumemus?
745 2586 906 2654 Dominus
919 2589 1031 2653 noster
1046 2584 1178 2652 orclac-

4 2685 6 2690 ’
34 2687 197 2770 piscopos
210 2688 360 2770 praviter
374 2686 567 2752 uulneratus
584 2689 643 2770 eat,
659 2691 693 2753 ct
710 2703 733 2752 a
752 2687 869 2753 comite
886 2684 1054 2752 Frtdcrico
1067 2685 1177 2768 copti·-
1291 2735 1293 2740 .

37 2801 99 2850 oua
117 2783 281 2852 obductus
299 2788 358 2852 est.
386 2784 446 2852 Cui
464 2784 519 2852 ille
539 2803 638 2872 supra
656 2803 754 2872 quam
772 2783 996 2872 credipotest
1013 2782 1176 2872 turbatae,

39 2882 232 2970 respondit:
261 2883 356 2950 Pium
381 2888 432 2950 eet
455 2887 493 2950 ut
510 2888 718 2950 reuertemur
739 2887 772 2950 ct
788 2883 959 2950 uideamus
981 2879 1062 2966 quid
1085 2882 1177 2947 circo

38 2981 125 3048 illud
140 2985 267 3068 apator
287 2982 342 3049 oet
353 2999 507 3068 quorsum
533 2981 727 3049 obducatur.
755 2981 902 3069 Cumque
929 2981 1025 3048 simul
1049 2980 1178 3048 reversi
1283 3002 1288 3014 ·

42 3087 160 3148 essent
178 3079 222 3148 ad
239 3083 348 3148 locum
367 3079 477 3170 codis,
495 3080 635 3148 audiunt
652 3081 815 3148 clamores
841 3079 1030 3148 carnificum
1046 3079 1175 3148 illorum

41 3179 76 3246 in
94 3197 231 3247 nemore
251 3181 435 3247 errantium.
470 3179 548 3247 Erat
572 3180 659 3247 enim
677 3197 755 3248 nox.
782 3179 909 3247 Etcum
931 3178 1079 3265 undique
1106 3178 1177 3245 oir-

43 3279 303 3366 cumspicerent,
328 3278 539 3346 ollenderunt
561 3295 683 3366 corpus
693 3279 851 3364 martyris
871 3279 1069 3366 extinctum,
1089 3294 1178 3344 oon-

43 3373 187 3466 lossum,
215 3377 358 3464 ipsoque
384 3376 547 3464 adspectu
570 3378 667 3444 nimis
693 3376 902 3445 horrendum.
946 3375 1052 3442 Valde
1077 3376 1178 3459 igitur

45 3477 258 3564 eorrstemati,
279 3475 440 3544 suadente
460 3475 646 3564 cellerario,
664 3493 707 3542 ne
734 3494 752 3542 a
776 3475 854 3543 teris
872 3491 994 3562 corpus
1013 3474 1177 3559 exanime,

44 3573 73 3638 si
103 3573 167 3642 illio
192 3580 291 3642 nocte
323 3580 509 3642 remaneret
534 3574 671 3660 indigne
698 3580 944 3662 attrectaretur,
981 3571 1107 3639 abeunt
1134 3569 1177 3638 ad

46 3673 212 3756 proximas
231 3671 333 3762 odae,
352 3680 453 3760 atque
471 3673 549 3740 inde
567 3672 678 3759 bigam
699 3674 948 3760 stercorariam,
965 3689 1030 3758 qua
1048 3669 1176 3738 illudio

47 3768 140 3836 limus
159 3778 297 3839 evectus
321 3771 444 3862 luerat,
473 3771 651 3839 adducunt.
686 3773 727 3840 Ei
752 3789 831 3838 eone
856 3787 976 3858 eorpus
1004 3769 1177 3836 clarissimi

46 3869 216 3958 principie,
242 3869 333 3958 quod
360 3889 402 3938 ex
424 3876 518 3958 parte
536 3871 691 3938 vestitum
717 3870 939 3958 reliquerant,
966 3887 1053 3956 pene
1073 3874 1178 3936 totum

49 3969 213 4052 reperiunt
239 3967 373 4036 nudum.
407 3969 490 4037 Nam
513 3976 623 4058 preter
649 3968 819 4037 lemoralia
846 3975 880 4036 et
897 3967 1091 4036 subuculam
1111 3985 1177 4054 quo

51 4065 134 4133 eollo
155 4069 225 4136 eius
244 4065 426 4135 adherebat
450 4068 529 4136 nihil
549 4071 581 4136 ei
600 4069 817 4155 reliquerant,
847 4066 1026 4155 diploidem
1045 4083 1124 4134 vero
1144 4070 1178 4132 et

50 4163 165 4248 pileum
185 4167 256 4234 eius
282 4167 375 4234 iuxta
394 4185 516 4254 eorpus
533 4168 742 4236 invenerunt.
777 4165 848 4247 Quo
875 4168 986 4236 omnia
1011 4167 1056 4234 ita
1085 4171 1178 4232 orant

52 4267 209 4348 sanguine
232 4263 356 4334 inlecta
383 4273 416 4334 et
443 4265 641 4355 dilacerata,
673 4271 709 4334 ut
731 4272 889 4352 tanquam
916 4265 995 4332 nulli
1021 4264 1097 4332 usui
1114 4280 1177 4330 ac.-
