2890 4832
264 221 334 292 362
615 250 654 297 nx
674 249 839 299 eonrrmoo
861 251 1038 301 cononrnusr.

180 405 249 462 1228
265 395 374 459 antem
398 389 587 478 imperatori
612 388 860 481 adherentibus,
887 409 974 481 papa
991 389 1127 460 Romam
1145 390 1332 482 egreditnr5
1357 399 1386 461 et
1431 397 1434 478 χ

262 488 427 558 cautelam
445 490 497 557 sui
514 488 643 557 babens
661 489 786 559 Perusii
804 496 967 581 moratur,
992 498 1026 559 et
1042 509 1102 579 per
1119 508 1237 558 omnes
1254 493 1383 578 provin·
1431 511 1434 560 l

262 589 332 657 cias
352 588 484 677 publice
511 587 645 656 mandat
665 589 898 677 imperatorem
920 591 1239 658 excommunicatum
1261 588 1383 658 denun-
1431 589 1434 656 ἶ

261 687 359 777 clari,
387 688 499 755 missis
524 688 655 756 nunciis
683 694 717 755 et
742 689 883 756 maxime
910 688 1177 758 Predicatoribns
1201 688 1245 757 ad
1271 688 1305 756 id
1329 707 1383 756 ex-

262 785 460 873 equendum.
487 784 633 866 Quorum
650 802 737 854 unns
756 785 863 856 dictus
884 783 963 856 Otto
988 787 1166 857 cardinalis
1193 786 1236 856 de
1257 805 1381 856 carcere
1433 849 1434 852 ,

261 884 414 954 'folliano
430 885 600 971 legatione
620 891 760 974 accepta
773 887 808 954 in
822 885 1018 955 lantoniam
1046 893 1079 955 et
1095 886 1235 955 Daciam
1249 888 1382 977 mittitur,

262 985 358 1053 cuius
373 985 513 1052 intentio
529 989 599 1052 erat
612 984 820 1073 imperatoris
836 1001 1017 1071 gravamen
1041 1003 1220 1074 procurare
1238 991 1272 1053 et
1290 1003 1383 1074 super

260 1082 325 1151 boo
352 1083 525 1152 consilium
551 1090 708 1170 expetere
728 1081 862 1152 Ottonis
887 1083 982 1152 ducis
1011 1083 1053 1154 de
1077 1083 1290 1170 Lunimburg.
1321 1084 1381 1152 Sed

260 1181 348 1250 idem
370 1178 448 1250 Otto
467 1187 581 1250 contra
598 1183 828 1270 imperatorem
844 1184 952 1250 renuit
964 1183 1089 1271 aliquid
1104 1189 1308 1272 attemptare.
1325 1181 1381 1264 Qui
1434 1208 1435 1250 r

259 1279 394 1368 legatus
418 1280 580 1349 Leodium
601 1282 765 1350 civitatem
791 1281 961 1350 Hazbanie
984 1284 1143 1356 veniens,
1163 1283 1205 1350 ab
1224 1281 1382 1350 advocato

259 1378 413 1468 Aquensi
433 1385 467 1448 et
484 1378 633 1448 Arnoldo
652 1379 694 1449 de
712 1381 914 1450 Gimmenioh
933 1387 967 1449 et
987 1381 1060 1449 aliis
1080 1381 1265 1450 fautoribus
1284 1382 1382 1470 impe·
1430 1393 1431 1400 ’

260 1479 378 1548 ratoris
399 1477 541 1565 fugatur,
560 1484 594 1547 et
606 1481 663 1548 vix
679 1479 829 1548 evadens
849 1482 882 1547 in
904 1487 1016 1549 castro
1029 1479 1129 1568 Hoyo
1144 1481 1309 1568 recipitur.
1326 1481 1381 1548 Pro
1434 1519 1435 1547 1

261 1595 328 1666 qna
342 1578 459 1646 iniuria
478 1577 541 1646 sibi
556 1578 647 1646 illata
661 1580 1012 1648 excommunicationis
1031 1581 1231 1648 sententiam
1247 1580 1282 1646 in
1297 1578 1383 1646 Leo-

260 1675 411 1745 diensem
435 1677 602 1746 civitatem
626 1679 831 1767 promulgat,
857 1679 947 1746 exire
975 1680 1165 1768 precipiens
1196 1683 1301 1746 toturn
1321 1678 1383 1745 ole-
1430 1761 1431 1764 Ἴ

259 1792 340 1843 rum.
366 1774 491 1844 Eadem
515 1776 618 1844 eclam
646 1778 988 1846 excommunicatione
1005 1784 1125 1866 postea
1143 1775 1326 1864 Aquenses
1343 1777 1382 1844 li·

259 1882 335 1964 gat,
353 1893 414 1964 pro
434 1893 475 1944 eo
495 1873 587 1962 qnod
602 1877 796 1964 episcopum
815 1876 1041 1946 Mutinensem
1053 1875 1095 1944 do
1110 1877 1225 1945 Prucia
1243 1882 1322 1964 post
1337 1877 1382 1943 le·
1426 1955 1431 1969 ff

260 1975 430 2062 gallonem
447 1993 540 2042 suam
556 1973 752 2043 redeuntem·
773 1974 850 2043 dicti
866 1975 1014 2044 fautores
1030 1975 1238 2064 imperatoris
1259 1975 1381 2062 Aquis-
1427 1979 1431 2053 ῥ

260 2075 356 2160 grani
372 2079 531 2162 ceperant
544 2078 578 2141 et
592 2079 724 2162 captum
744 2073 963 2164 detinuerant,
981 2092 1103 2161 magna
1119 2075 1303 2162 quantitate
1320 2075 1382 2141 auri
1430 2140 1431 2144 ,

261 2172 379 2241 ablata.
405 2170 469 2254 Qui
486 2171 715 2242 malefactores
730 2191 789 2262 pro
806 2173 995 2242 huiusmodi
1014 2191 1159 2242 excessu
1176 2171 1317 2242 Colonie
1331 2191 1381 2242 sa·
1426 2186 1431 2211 ¹

259 2271 450 2342 tisfactione
468 2278 603 2360 peracta
620 2274 751 2341 veniam
768 2278 968 2340 moruerunt.

333 2369 460 2440 Eodem
485 2387 574 2438 anno
602 2372 784 2460 episcopus
812 2371 1036 2440 Traiectensis
1063 2377 1208 2439 castrum
1234 2369 1380 2439 lluvorde
1430 2373 1436 2440 ζ

236 2507 238 2510 -
258 2468 375 2538 iterum
390 2470 571 2559 impugnat.
590 2469 658 2538 Sed
676 2469 909 2538 defensoribus
928 2471 990 2539 sibi
1006 2469 1233 2540 diffidentibus
1249 2477 1381 2538 castrum
1435 2497 1436 2538 r

257 2568 293 2636 in
306 2566 509 2637 deditionem
520 2569 636 2658 recipit
653 2576 687 2638 ct
705 2569 865 2638 nefarium
881 2568 1090 2658 Rudolphum
1105 2568 1275 2638 dominum
1292 2570 1380 2636 castri

259 2668 335 2742 eicit
358 2674 391 2737 et
412 2667 547 2736 exulare
575 2669 725 2757 precipit
751 2666 813 2750 Qui
836 2669 967 2738 exilium
991 2668 1151 2736 simulans
1176 2668 1309 2736 occulte
1330 2685 1378 2735 ro·
1435 2711 1436 2716 =

257 2767 409 2850 vertitur,
429 2772 463 2835 et
480 2773 623 2836 castrum
640 2767 720 2837 dolo
737 2772 868 2856 captum
888 2766 1059 2858 possidet,
1077 2767 1196 2837 eiectis
1214 2767 1281 2834 illis
1305 2781 1378 2854 qnos

258 2867 439 2957 episcopus
460 2865 505 2933 ibi
522 2871 694 2954 posuerat.
1090 2871 1093 2876 '

330 2964 429 3033 Anno
448 2963 572 3033 domini
589 2966 814 3034 nr.cc.xx.viiii.
827 2963 1013 3034 fridericus
1027 2966 1205 3054 imperator
1220 2963 1265 3033 de
1280 2971 1375 3032 trans·

256 3063 390 3132 marinis
408 3064 556 3150 partibus
575 3066 767 3154 revertitur,
786 3070 819 3132 et
836 3071 994 3153 reputans
1020 3081 1140 3154 papam
1157 3069 1309 3152 tempore
1326 3080 1376 3130 sne
1430 3130 1434 3159 Ι

256 3161 536 3250 peregrinationis
567 3163 629 3230 sibi
653 3165 799 3250 graviter
822 3163 1019 3254 iniuriatum,
1047 3161 1190 3251 quedam
1218 3169 1328 3230 castra
1350 3167 1377 3229 ct
1430 3164 1434 3215 l

122 3270 125 3276 ’
256 3265 377 3329 terram
403 3278 496 3328 snam
522 3261 563 3330 ab
588 3265 734 3332 exercitu
756 3279 843 3351 pape
862 3268 991 3351 captam
1008 3280 1108 3331 mann
1125 3261 1312 3330 Teutonioa
1328 3279 1376 3328 re·

257 3365 410 3450 cuperat,
430 3359 544 3446 fugato
563 3379 643 3448 rege
661 3361 816 3430 Johanne
835 3379 956 3431 socero
974 3379 1045 3431 suo.
1072 3361 1247 3448 Interque
1267 3361 1375 3429 civita-

257 3466 322 3527 tem
342 3458 457 3528 Soram
475 3460 675 3548 appellatam
691 3478 759 3530 nno
778 3459 832 3528 die
858 3461 1059 3550 impugnans
1081 3461 1170 3550 capit
1187 3466 1222 3528 et
1239 3459 1375 3528 funditus

255 3558 412 3627 incendio
431 3559 558 3627 evertit.
687 3611 689 3614 .

129 3651 135 3660 '
329 3658 409 3746 lpso
436 3675 524 3726 anno
551 3652 643 3726 cives
671 3657 891 3727 Colonienses
916 3657 1091 3728 infamibus
1110 3656 1313 3725 mulierculis
1328 3671 1376 3744 per

258 3755 423 3842 quendam
440 3756 665 3846 Rudolphum,
685 3755 804 3825 falsum
822 3756 955 3826 fratrem
972 3763 1008 3826 ut
1025 3762 1146 3845 postea
1163 3757 1288 3846 patuit,
1311 3755 1375 3842 qua

257 3854 363 3942 culpis
389 3857 458 3924 suis
484 3855 697 3944 exigentibus
722 3856 934 3944 postmodum
953 3876 973 3925 a
995 3855 1118 3925 domno
1147 3873 1239 3944 papa
1264 3855 1373 3922 missus

258 3959 312 4020 est
334 3953 368 4019 in
392 3971 527 4022 caveam
537 4008 547 4045 ‚
573 3955 747 4024 conversis
766 3959 800 4022 et
817 3957 1052 4045 congregatis,
1080 3953 1214 4023 domum
1232 3955 1267 4022 in
1283 3950 1373 4020 fundo

257 4051 401 4119 ecclesie
427 4055 532 4121 saneti
557 4053 770 4122 Pantaleonis
795 4072 899 4143 prope
924 4057 1054 4122 vineam
1073 4052 1224 4122 eiusdem
1243 4050 1371 4120 ecclesia
1435 4077 1436 4116 1

257 4155 469 4241 construunt,
497 4158 530 4219 et
556 4150 707 4220 fratribus
739 4151 825 4220 dicte
849 4153 994 4222 ecclesie
1026 4151 1326 4221 contradicentibus
1346 4153 1372 4214 et

257 4266 381 4318 novum
405 4266 490 4336 opus
510 4250 745 4320 nunciantibus
762 4269 866 4338 grave
884 4251 1060 4344 dampnum
1077 4250 1240 4342 infeumt,
1264 4249 1366 4319 domos
