2950 4836
403 273 563 319 ruaoucor
584 273 831 320 osrnanorrrrsr.
1117 243 1181 309 561
1215 299 1220 308 .

124 411 299 480 bhaooiiii.
327 412 561 480 Controversia
587 412 687 479 oritur
712 411 934 498 intar’regem
961 410 1183 481 Romanorum
1203 418 1271 472 ¹³⁰*

58 509 221 578 hiberiam
246 529 287 580 ae
311 511 548 580 Wenzeziaum
572 529 686 597 regem
708 511 877 580 Bobemie.
912 511 1007 580 Unde
1033 530 1093 580 rex
1115 510 1186 580 Ro-

59 627 223 678 manorum
250 609 418 699 prediatus
441 618 628 696 congregat
652 612 834 678 exereitum
850 609 998 679 validum
1015 617 1096 700 aput
1113 609 1188 679 No-

59 711 163 776 rionm.
190 709 232 776 Et
258 710 301 778 da
324 727 495 778 eonsensu
519 709 642 778 domini
666 706 799 778 Othonis
818 709 914 778 duois
931 709 1085 779 Bawarie
1103 709 1188 778 des·

58 807 164 876 eendit
180 827 242 897 per
259 809 443 877 Bawariam
461 827 568 897 usque
586 808 741 877 Linozam
751 862 760 898 ,
779 809 837 876 ubi
858 810 994 878 intravit
1008 809 1189 879 Boemiam.

59 906 121 975 Sed
139 926 254 995 parum
273 909 451 997 proficiens
470 911 558 976 eirea
576 906 696 978 festum
715 909 802 977 beati
820 908 953 976 Martini
975 908 1132 978 transfert
1150 927 1187 978 se

58 1006 95 1073 ad
112 1013 224 1094 partes
243 1006 334 1076 lieni.

124 1104 252 1174 Eodem
270 1124 358 1175 anno
377 1115 456 1196 aput
469 1107 624 1176 Pemsius
642 1106 717 1174 idus
735 1107 803 1175 iulii
819 1107 1189 1177 domiuusBonedietus

59 1203 251 1273 rrodeoimus
269 1225 356 1295 papa
373 1208 507 1275 moritur
523 1213 558 1274 et
575 1213 655 1294 aput
679 1205 799 1274 iratres
816 1206 1048 1275 Predioatores
1066 1205 1189 1276 ibidem

59 1303 220 1390 sepelitur.
249 1305 290 1372 Et
306 1311 402 1373 vacat
419 1305 519 1374 sedes
538 1307 641 1374 tribus
656 1304 851 1374 ebdomadis
870 1312 904 1373 et
921 1305 1076 1374 undeoim
1093 1324 1189 1375 men-

59 1403 155 1470 sibus.

126 1500 255 1570 nouem
280 1521 368 1572 anno
394 1505 449 1570 iiii.
475 1503 549 1572 idus
578 1506 714 1590 augusti
740 1505 875 1573 domino
901 1500 1040 1573 Alberto
1071 1505 1189 1573 iuniori

60 1602 165 1667 oonriti
182 1600 225 1668 de
245 1601 326 1670 Hals
344 1604 489 1670 nascitur
507 1602 572 1671 filia
590 1605 723 1672 nomine
734 1604 927 1690 biargareta
945 1622 988 1670 ex
1004 1621 1109 1672 uxore
1128 1621 1190 1673 sua

60 1698 230 1768 Udeihilde
260 1700 302 1768 de
328 1702 438 1769 Zoler.
465 1699 571 1782 Quam
588 1702 736 1791 baptizat
753 1703 908 1772 dominus
926 1703 1056 1771 Uidous
1075 1711 1191 1772 nostor

62 1797 159 1865 obbas
178 1800 212 1866 in
232 1807 343 1868 oestro
362 1799 614 1891 Haidenburoh,
640 1809 674 1869 et
698 1801 851 1870 dominus
870 1799 969 1886 Hugo
989 1800 1031 1868 de
1048 1799 1189 1870 Alders-

60 1896 140 1982 pach
158 1916 233 1966 oum
254 1899 327 1966 aliis
346 1899 512 1968 nobilibus
530 1901 621 1969 levat
638 1919 711 1968 eam
729 1899 771 1968 de
790 1917 886 1968 saoro
904 1899 1007 1966 fonte.

129 1995 256 2065 Eodem
283 2016 371 2066 anuo
402 1998 556 2067 dominus
584 1999 799 2068 Gwiihelmus
826 1997 932 2068 abbas
960 1998 1190 2066 Premonstra·

61 2097 159 2162 tensis
178 2098 332 2183 regimini
349 2099 460 2166 oessit.
487 2098 547 2167 Cui
565 2097 719 2168 dominus
740 2094 847 2166 Adam
872 2097 1021 2166 eiusdem
1044 2097 1189 2166 eoeleste

61 2195 237 2264 oanonions
256 2195 472 2265 substituitur.
975 2245 978 2250 ·

128 2292 255 2362 Eodem
294 2313 382 2364 anno
415 2297 547 2382 eiigitur
578 2298 611 2364 in
642 2297 756 2383 vigilia
786 2301 1003 2384 ponteoostes
1035 2294 1189 2364 dominus

63 2389 284 2470 Perohtramns
302 2394 555 2481 Burdigalensis
574 2397 847 2484 arehiepisoopus
866 2397 899 2463 in
917 2413 1053 2485 papam,
1073 2399 1106 2462 et
1122 2412 1190 2462 vo-

62 2497 146 2557 natnr·
164 2491 318 2562 Clemens
337 2495 482 2581 quintus.

129 2589 278 2659 itieeev.
297 2592 457 2662 Dominus
476 2591 554 2662 Otto
573 2593 641 2661 dux
658 2593 810 2662 Bouario
829 2593 948 2662 videns
968 2591 1058 2681 quod
1076 2611 1191 2681 parum

65 2687 248 2772 proiecerat
265 2693 407 2760 servicio
426 2695 515 2779 regis
533 2691 753 2761 Romanorum
771 2692 899 2761 Alberti
916 2694 950 2762 in
969 2691 1190 2779 expedicione

64 2801 175 2856 versus
199 2790 387 2880 Boemiam,
413 2810 475 2885 neo
502 2809 754 2880 recompensam
775 2791 908 2880 dampni
927 2791 1086 2859 transitus
1105 2797 1190 2860 terre

67 2900 138 2976 sue,
158 2906 223 2956 neo
242 2890 407 2977 stipendia
424 2890 487 2959 sibi
506 2897 539 2958 et
557 2909 617 2959 sue
636 2890 755 2958 milicie
780 2892 944 2978 promissa
962 2889 1085 2958 habero
1102 2907 1190 2978 pos-

66 2990 129 3072 set,
148 2987 227 3055 lioet
252 2988 348 3057 bonis
373 2989 649 3078 promissionibus
667 2988 882 3077 Ratisponam
900 2997 934 3057 et
951 3005 1058 3075 usquo
1075 2987 1190 3056 Nurn-

65 3079 161 3152 berch
187 3095 325 3154 seeutus
351 3087 485 3177 inisset,
513 3097 546 3156 et
571 3087 776 3157 suihoienter
801 3087 1016 3158 fideiussores
1034 3105 1116 3158 suos
1135 3089 1192 3175 qui

66 3192 153 3251 erant
171 3185 213 3254 de
231 3187 422 3274 pooioribus
441 3191 534 3274 regni
553 3189 823 3277 oommonnisset‚
843 3189 1001 3256 invitatus
1020 3205 1039 3254 a
1057 3186 1191 3255 domino

66 3277 265 3354 Wenzezlao
285 3286 436 3356 seeundo
455 3305 534 3373 roge
552 3288 773 3356 Bobemorum
793 3303 853 3374 pro
878 3285 1077 3354 defensione
1097 3287 1191 3368 regni

66 3381 131 3468 sui,
158 3383 265 3451 eidem
294 3385 442 3476 adhesit,
475 3394 507 3453 et
533 3385 633 3453 rebus
658 3393 691 3452 et
714 3385 834 3451 miiioia
859 3385 889 3451 ei
908 3383 1048 3452 fideliter
1066 3385 1191 3451 servire

66 3483 226 3561 promittit.

137 3577 308 3650 hi.ooo.ui.¹
336 3580 469 3676 [1305]
500 3583 724 3651 Wenzezlaus
751 3581 921 3651 seeundus
948 3601 1007 3650 rex
1033 3581 1191 3650 bohemie

66 3673 244 3748 infrunitate
268 3688 485 3769 pregravatus
518 3684 604 3751 oiroa
631 3681 751 3750 testum
785 3682 966 3749 nativitatis
994 3681 1100 3748 saneti
1126 3679 1193 3748 Jo-

67 3770 178 3847 hannis
203 3780 345 3867 baptiste
374 3778 488 3872 [1305
516 3783 584 3850 iuni
610 3778 674 3874 21]
694 3781 784 3849 bona
802 3781 1024 3869 aontrioione‚
1050 3782 1193 3868 reoeptis

68 3881 277 3946 sacrament-is
309 3881 558 3970 ecelesiasticis
586 3887 622 3948 ut
648 3879 790 3948 decebat
816 3879 981 3947 hominem
1012 3879 1192 3968 prinoipem

68 3969 281 4066 christianum,
301 3980 452 4068 moritur,
471 3980 663 4067 relinquens
690 3979 790 4046 fitium
809 3995 1041 4046 suooessorem
1059 3979 1193 4046 nomine

70 4065 300 4144 Worzezluum
326 4081 459 4145 tercium
488 4097 585 4164 quem
612 4096 654 4147 ex
679 4095 836 4163 germana
862 4073 985 4144 hiberti
1011 4079 1102 4164 regis
1121 4075 1193 4144 Ro-

68 4184 230 4242 rnanorum
256 4178 387 4262 gennit,
415 4179 469 4263 qui
495 4177 588 4244 duxit
610 4194 747 4245 uxorem
776 4175 872 4243 iliam
900 4175 993 4244 duois
1022 4175 1192 4244 Crnoorio.

100 4280 127 4342 i)
146 4281 211 4335 alles
230 4299 285 4337 ruas
303 4287 330 4337 in
348 4284 448 4338 diesem
467 4285 559 4338 obsatz
579 4285 732 4338 ror-hommi
750 4283 846 4352 gehirrt
864 4285 906 4336 ins
923 4283 982 4335 inhr
1003 4287 1075 4337 1305.

37 4396 43 4408 -
102 4374 237 4422 nonnnnrr
255 4381 375 4425 romans.
395 4383 416 4426 a.
962 4369 995 4423 36
