2890 4832
282 196 352 266 33d
637 225 674 270 rx
695 223 859 272 eooeroroo
881 223 1060 272 cocormusr.

197 375 264 432 troo
280 365 546 454 insequentium,
574 363 742 432 celerrime
767 383 806 434 se
825 363 868 432 ad
886 381 949 432 sua
968 365 1187 456 coutulerunt,
1218 370 1397 455 nostrisque
1436 418 1437 425 κ

279 463 533 551 congressionis
551 460 736 531 facultatem
755 483 822 532 non
841 462 1012 531 dederunt.
1435 485 1438 532 t

352 563 441 631 lnter
455 563 517 630 hec
530 563 641 630 omrda
658 561 745 630 lama
764 563 977 632 Coloniensis
994 563 1318 652 archiepiscopicum
1339 573 1397 631 erat
1437 587 1438 628 r

278 664 426 752 integra,
449 668 483 729 et
499 667 679 748 suspectus
702 661 883 730 habebatur
905 661 995 748 quod
1015 664 1168 748 negociis
1192 680 1323 732 manum
1342 681 1398 730 va·
1434 681 1438 738 t

278 763 400 830 lentius
423 778 492 830 nou
520 766 721 850 apponeret,
750 781 823 830 cum
851 769 960 829 tamon
983 779 1100 830 revera
1121 763 1353 848 gravissimum
1371 770 1398 829 et
1437 793 1438 824 t

277 859 485 949 impossibile
499 861 564 947 ipsi
581 858 701 928 luisset
715 862 844 930 cunctis
859 861 1061 949 principibus
1078 863 1255 950 contraire,
1274 867 1308 928 et
1322 879 1397 929 corr-

278 965 328 1028 tra
343 978 457 1028 eorum
471 960 674 1028 voluntatem
694 966 728 1026 et
747 977 950 1028 consensum
967 978 1026 1048 pro
1043 977 1105 1028 suo
1121 962 1208 1028 velle
1226 961 1397 1029 Romanum
1437 981 1438 1024 r

276 1057 645 1148 imperiumdisponere.
661 1058 844 1128 Constabat
858 1061 944 1127 enim
961 1056 1123 1146 quiaOtto
1134 1077 1204 1150 rex,
1219 1061 1308 1127 omni
1324 1078 1397 1148 peue

277 1163 408 1228 terreno
439 1157 562 1226 auxilio
588 1164 623 1226 et
643 1158 786 1226 humano
816 1159 936 1226 solatio
964 1157 1157 1248 destitutus,
1183 1167 1342 1246 quomrm
1363 1158 1397 1225 ad
1437 1181 1438 1224 r

279 1266 467 1346 respectum
489 1256 630 1325 adverse
654 1260 774 1347 partia,
799 1277 937 1343 regnum
959 1263 1020 1325 aut
1042 1258 1213 1345 imperium
1241 1277 1397 1345 nurrquam
1437 1295 1438 1310 κ

278 1357 428 1425 obtinere
445 1363 580 1446 posset,
602 1357 667 1424 nisi
691 1357 854 1425 adiutorio
871 1358 976 1425 solius
995 1356 1067 1446 dei,
1090 1357 1145 1444 qui
1166 1356 1355 1424 dominatur
1372 1358 1397 1422 in
1437 1415 1438 1426 ,

278 1473 384 1543 regno
402 1457 567 1524 hominum
576 1507 585 1545 ,
606 1462 640 1523 et
654 1458 840 1544 cuicunque
854 1457 995 1525 voluerit
1011 1455 1104 1524 dabit
1117 1455 1209 1524 illud.

352 1557 389 1623 lu
403 1555 575 1622 Pannonia
593 1556 690 1622 etiam
711 1573 811 1643 super
827 1573 932 1642 reguo
949 1555 1007 1622 illo
1030 1554 1197 1624 discordia
1221 1555 1309 1623 sevit
1326 1556 1399 1622 iuter

278 1652 364 1723 duos
391 1653 526 1742 iratres,
550 1654 640 1740 quod
661 1655 695 1721 in
717 1655 781 1722 hoc
807 1654 906 1723 modo
932 1653 1096 1722 accidisse
1117 1654 1295 1722 serebatur.
1331 1654 1399 1720 Bela
1437 1687 1438 1720 t

278 1771 337 1822 rex
352 1753 499 1839 ngarie
515 1753 582 1819 vita
601 1753 770 1824 decedens
788 1752 874 1822 duos
886 1755 1018 1840 reliquit
1033 1753 1136 1822 idios:
1155 1751 1397 1820 Hemmerodmu

278 1858 312 1920 et
334 1851 511 1921 Andream.
533 1849 678 1932 Quorum
698 1855 798 1940 priori
814 1871 951 1938 regnum
969 1852 1060 1920 dedit
1080 1859 1112 1920 et
1134 1853 1233 1920 filiam
1251 1853 1398 1940 principis
1437 1877 1438 1919 t

277 1950 471 2038 Antioohie;
488 1952 582 2018 alteri
598 1951 740 2038 quedam
758 1954 896 2020 castella
915 1957 949 2020 et
964 1951 1078 2040 predio
1096 1971 1231 2040 magna,
1250 1958 1350 2038 atque
1365 1949 1397 2016 ed
1431 2041 1432 2044 Ἴ

278 2052 580 2139 peregrinationem
598 2051 938 2140 lherosolimitanom,
959 2070 1057 2138 qoam
1072 2053 1146 2139 ipse
1162 2057 1313 2139 voverat,
1333 2067 1398 2137 per·
1431 2055 1432 2059 ’

279 2149 461 2239 agendam,
485 2148 643 2218 inlinitum
663 2152 849 2236 pecuniam.
876 2149 1087 2218 Adolescens
1116 2155 1227 2218 autem
1248 2156 1328 2237 post
1348 2148 1398 2215 de·
1431 2213 1433 2238 ,

278 2266 412 2316 cessum
428 2250 546 2338 patris,
567 2266 639 2316 oum
663 2249 766 2317 libera
782 2267 865 2317 usus
884 2249 1004 2317 suisset
1024 2255 1212 2339 potestate,
1235 2250 1321 2316 sicut
1338 2254 1397 2314 etas
1431 2239 1438 2332 ‘a

278 2347 335 2414 illa
358 2346 472 2436 sepius
498 2345 641 2436 prodiga
668 2355 722 2416 est
749 2355 782 2416 et
804 2347 1004 2438 improvida,
1038 2355 1209 2436 acceptam
1234 2348 1397 2436 pecuniam
1437 2373 1438 2435 p

279 2447 346 2515 cito
367 2446 570 2536 dilapidavit.
596 2445 670 2527 Quo
690 2448 795 2538 iacto,
818 2447 950 2516 eumad
969 2453 1161 2516 consuetum
1180 2447 1397 2532 luxrrmcopia
1437 2489 1438 2514 2

278 2563 347 2614 rron
361 2546 522 2635 aillueret,
540 2548 780 2635 oepiteonsllr'o
797 2565 932 2624 suorum
946 2565 1083 2632 rognum
1100 2545 1209 2613 fratris
1229 2547 1295 2613 sibi
1311 2563 1397 2612 usur·
1437 2577 1438 2584 κ

278 2645 392 2734 pando
408 2645 577 2714 invadere.
593 2646 653 2712 Cui
673 2664 746 2713 oum
762 2665 820 2713 rex
836 2648 1017 2732 resisteret,
1035 2652 1106 2713 orto
1123 2647 1210 2714 inter
1230 2662 1292 2713 eos
1310 2643 1397 2726 lrello,

279 2745 421 2813 victoria
443 2747 568 2834 potitus
595 2751 647 2812 est
672 2743 825 2813 Andreas
851 2745 972 2812 auxilio
992 2743 1086 2814 ducis
1104 2743 1238 2812 Austrie
1256 2739 1395 2831 Lupotd.
1437 2783 1438 2808 r

277 2841 351 2924 Quo
378 2862 539 2912 successu
565 2845 690 2933 elatus,
715 2845 802 2912 sicut
828 2862 881 2912 res
907 2851 960 2912 est
985 2845 1132 2931 inquieta
1158 2842 1318 2931 felicitas,
1348 2859 1394 2906 se-

277 2942 387 3010 eundo
414 2945 592 3011 contractis
618 2945 724 3030 copiis
751 2943 883 3012 fratrem
906 2941 1042 3010 invadit.
1068 2943 1127 3010 llle
1150 2943 1267 3010 accitis
1293 2941 1394 3007 Theu—
1437 2967 1438 3010 ς

224 3107 226 3112 .
277 3043 415 3131 toniois,
448 3060 585 3128 quorum
608 3043 653 3110 ibi
679 3044 777 3130 copia
800 3060 922 3128 magna
944 3048 1011 3131 est,
1050 3043 1105 3129 qui
1131 3047 1163 3108 et
1188 3040 1339 3128 hospites
1361 3037 1395 3103 ibi
1435 3063 1438 3130 t

230 3152 232 3156 ’
277 3147 453 3229 vooantor,
484 3140 615 3210 fratrem
642 3141 781 3232 dovioit,
816 3143 941 3210 occisis
966 3160 1009 3209 err
1029 3143 1100 3209 eius
1121 3147 1215 3229 parte
1238 3139 1345 3206 multis
1371 3141 1397 3202 et
1435 3131 1438 3184 5

274 3241 391 3329 captis.
1435 3277 1436 3280 π

350 3338 476 3409 Eodem
502 3333 615 3408 anno¹
641 3338 816 3408 deseendit
841 3339 1015 3406 Comedus
1050 3337 1272 3423 mogontinus
1298 3334 1393 3404 archi·

275 3440 456 3528 episcopus
475 3439 517 3506 ulr
535 3439 639 3527 ltalia,
660 3447 783 3508 etcum
802 3456 843 3506 eo
862 3437 1053 3506 Boniiaoius
1072 3436 1220 3504 marchio
1240 3436 1283 3504 de
1303 3435 1392 3502 Μου-

276 3538 437 3627 telorreo,
464 3545 500 3605 ut
526 3537 727 3606 discordiam
753 3556 817 3624 que
841 3538 876 3604 in
903 3554 1008 3623 regno
1034 3542 1105 3603 orta
1124 3535 1230 3602 iuerat
1250 3554 1291 3603 ex
1310 3534 1392 3602 elee-

276 3639 366 3705 tione
386 3635 517 3705 Ottonis
536 3644 570 3704 et
587 3637 681 3706 duois
699 3637 838 3724 Philippi
855 3635 1022 3724 sedarent,
1037 3643 1070 3702 et
1084 3635 1113 3702 si
1126 3636 1305 3720 nequirent
1317 3628 1391 3700 istud

277 3735 409 3804 eilrcere
436 3742 471 3804 ut
495 3736 651 3805 alteruter
677 3753 788 3804 eorum
815 3741 979 3825 cessaret,
1005 3752 1048 3802 ex
1065 3733 1206 3800 oonsilio
1224 3733 1390 3822 principum

276 3851 336 3921 per
359 3833 620 3921 quinquennium
648 3855 713 3923 pax
740 3835 941 3921 immoretur,-
969 3840 1004 3901 et
1029 3833 1093 3900 hoo
1120 3831 1342 3900 elaboraretur
1362 3833 1390 3893 ut

277 3933 360 3998 alter
377 3933 520 4000 cederet.
539 3935 608 4003 Sed
626 3934 705 4021 quid
723 3932 932 4023 intenderint,
947 3933 1002 4000 vel
1019 3931 1097 4019 quid
1113 3931 1314 3998 contulerint
1329 3944 1388 3995 euro

276 4030 425 4117 Philippo
451 4032 527 4100 lieet
546 4052 614 4101 non
629 4035 817 4120 innotuerit,
835 4051 892 4100 rex
910 4029 988 4099 Otto
1005 4033 1162 4098 inritatus
1182 4029 1388 4098 amarchlone

276 4137 312 4196 ut
342 4129 534 4198 Bobardiam
563 4135 710 4220 veniret,
737 4133 863 4220 renuit,
891 4133 1048 4218 quoniam
1068 4129 1199 4216 quidem
1219 4127 1389 4196 dedecoro·

313 4239 342 4301 l)
362 4237 440 4304 irrigl
459 4253 515 4290 was
532 4237 591 4292 hier
609 4239 711 4292 erzdhlt
730 4240 797 4293 wir-d
815 4239 909 4308 gehort
927 4239 1011 4294 sehon
1030 4239 1071 4290 ins
1088 4237 1147 4293 ialm
1166 4241 1239 4294 1200.
