2878 4834
395 241 530 288 mesano
552 242 615 288 err.
637 242 700 303 nur.
722 241 824 288 curor.
1098 212 1170 282 275

49 400 115 453 sum
138 382 229 453 illum
252 380 447 470 triumphum
474 380 564 470 apud
588 377 823 468 Andemacum
846 396 920 448 cum
944 393 1049 470 parve
1072 395 1173 448 manu

47 482 83 549 de
101 481 248 552 Bawaris
275 487 308 548 ει
325 481 446 550 Suevis
465 481 603 569 peregit.
635 478 710 548 Fuit
734 484 843 546 autem
866 478 1071 566 temporibus
1092 496 1170 566 pre-

47 580 117 647 dicti
136 579 285 647 Heinrici
310 581 516 667 imperatoris
541 584 574 646 ει
593 578 649 644 filii
668 579 741 644 eius
760 575 905 643 Heinrici
924 578 1028 663 quinti
1047 582 1081 644 et
1097 576 1171 644 Lo-

47 679 154 768 tbarii,
188 697 286 766 quem
312 680 385 768 ipse
411 678 549 746 Colonie
568 678 662 749 unxit
685 677 718 746 in
746 693 859 761 regern
885 693 952 742 una
978 693 1051 744 eum
1068 692 1171 743 uxore

47 779 110 846 eius
127 777 298 866 Ricbinza.
326 776 421 846 Sedit
438 779 534 866 annis
551 777 663 842 xxxiii.
691 772 779 843 Obiit
795 775 828 842 in
847 774 986 844 castello
1001 774 1173 844 Wollren·

47 876 141 946 burch
160 877 253 964 quod
270 879 343 966 ipse
361 883 591 946 construxerat
607 870 629 942 ¹.
662 873 822 963 Sepultus
837 891 971 961 quoque
991 878 1045 942 εει
1061 874 1095 941 in
1110 891 1174 942 ca-

47 976 156 1064 pitolio
175 975 428 1062 Sigcbergensi.

111 1075 251 1142 xxxviii.
268 1076 389 1145 Bruno.
411 1073 483 1143 Nec
500 1075 574 1163 ipse
592 1073 755 1142 canonice
774 1073 1002 1160 episcopatum
1021 1069 1175 1158 adeptus.

47 1171 121 1240 Nam
138 1179 221 1266 post
237 1173 361 1244 obitum
374 1173 496 1262 ‘prelati
513 1171 669 1242 Friderici
695 1172 838 1243 maiores
864 1176 898 1238 et
918 1169 1084 1258 capitanei
1102 1169 1174 1236 ele·

49 1279 161 1356 gerunt
186 1273 385 1342 unanimiter
403 1271 617 1343 Godeiridum
639 1272 845 1359 prepositum
870 1269 1091 1358 Xenlensem,
1122 1268 1175 1336 vi-

49 1389 110 1438 mm
126 1370 308 1446 honesturn
327 1378 360 1440 et
377 1371 584 1460 prudentem.
608 1371 651 1438 Et
667 1369 836 1457 pendente
855 1367 1074 1457 ordinatione,
1092 1383 1174 1454 pre-

51 1467 148 1539 dictus
167 1468 284 1540 Bruoo
304 1471 444 1538 consilio
462 1469 722 1559 propinquorum
740 1486 876 1536 suorum
889 1474 1030 1536 vocatus
1043 1466 1176 1534 ebran-

51 1567 104 1657 cia,
120 1567 177 1638 ubi
198 1574 278 1636 tunc
296 1569 406 1638 studio
424 1568 575 1638 doctrine
592 1566 744 1656 vacabat,
764 1565 962 1655 quibusdam
978 1565 1042 1633 sibi
1057 1563 1177 1632 laven·

51 1667 130 1734 tibus
156 1667 307 1736 schisma
330 1669 363 1736 in
390 1669 478 1736 clero
505 1674 540 1738 ει
563 1667 689 1756 populo
723 1684 782 1754 pro
810 1665 867 1734 tali
893 1665 1057 1736 electione
1088 1663 1177 1731 lecit.

53 1764 122 1836 Erat
139 1767 231 1834 enim
248 1768 328 1836 mire
346 1765 500 1836 facundie
522 1772 556 1834 et
572 1766 756 1855 sophistice
779 1765 958 1836 locutionis
983 1764 1063 1834 nulli
1081 1766 1177 1850 post-

52 1864 234 1951 ponendus.
272 1867 390 1954 ltaque
406 1865 594 1934 invidorum
618 1871 652 1934 et
675 1865 768 1952 pacis
786 1865 989 1933 inimicorum
1012 1878 1177 1950 perseve-

54 1968 137 2034 rante
156 1963 338 2055 discordia,
357 1972 493 2034 cassata
511 1970 564 2034 est
581 1963 637 2032 illo
650 1964 812 2038 canonice
828 1963 958 2052 electio,
977 1966 1010 2030 et
1022 1964 1179 2048 presente

53 2061 245 2148 inperatore
262 2063 418 2134 lothario
444 2063 532 2150 idern
549 2064 661 2134 Bruno
686 2069 739 2132 est
763 2063 998 2151 intronizatus,
1021 2059 1101 2128 licet
1120 2076 1179 2126 ca-

56 2157 131 2228 duco
149 2161 269 2230 morbo
286 2161 463 2232 laboraret.
489 2161 619 2232 deinde
638 2179 711 2233 curn
728 2163 906 2249 imperator
922 2159 1101 2228 Letharius
1119 2175 1180 2225 ex-

55 2258 250 2344 peditionem
268 2263 302 2328 in
319 2261 444 2330 ltaliam
463 2268 496 2330 et
514 2261 698 2330 Calabriam
714 2259 909 2348 indixisset,
941 2277 1014 2326 cum
1033 2275 1073 2326 eo
1091 2255 1179 2324 idem

57 2359 233 2450 episcopus
254 2361 336 2450 ivit,
369 2365 403 2428 ει
421 2363 454 2431 in
480 2360 599 2433 diebus
629 2359 869 2448 penthecostes
882 2353 1010 2447 [1137
1031 2356 1095 2424 mai
1115 2351 1178 2446 30]

58 2457 136 2542 apud
153 2458 277 2526 Barum
295 2460 461 2528 civitatem
479 2465 637 2548 presente
661 2460 860 2547 imperatore
878 2456 968 2525 obiit.
1004 2456 1054 2524 lbi
1072 2453 1181 2522 stetim

55 2553 146 2644 llugo
164 2557 316 2628 decanus
335 2561 443 2628 sancti
460 2559 546 2626 Petri
564 2558 702 2630 Colonic
728 2557 770 2626 ab
796 2557 982 2646 apostolico
1001 2570 1182 2623 consecra-

57 2660 113 2744 tor,
143 2657 374 2746 episcopatum
403 2677 581 2746 numquam
608 2656 799 2746 adepturus
841 2655 924 2724 Nam
949 2660 1027 2743 post
1053 2667 1181 2740 paucos

58 2751 121 2820 dies
139 2754 231 2844 apud
250 2755 392 2844 eandem
408 2756 524 2826 urbem
542 2757 640 2848 obiit,
658 2757 771 2844 ibique
789 2773 862 2826 eum
879 2753 1006 2844 prelato
1024 2752 1181 2820 Bruncne

59 2853 202 2941 sepultus
222 2859 282 2934 est.

123 2953 271 3022 xxxviiii.
290 2949 459 3024 drncldos
477 2955 667 3044 prepositus
685 2955 791 3024 seneli
808 2951 954 3022 Andree.
988 2948 1050 3018 ilic
1067 2947 1101 3016 in
1116 2965 1181 3016 ex-

61 3049 146 3118 ordio
174 3049 353 3120 admodum
379 3058 477 3140 aptus
503 3059 536 3122 ει
552 3053 694 3124 idonens
713 3055 806 3125 visus
833 3057 903 3141 est,
930 3049 972 3120 ed
1004 3054 1182 3119 extremum

60 3166 130 3216 vem
155 3149 358 3239 depravatus
385 3157 453 3240 est,
486 3154 684 3240 cunctisque
708 3152 872 3220 vilescere
897 3150 992 3237 cepit
1031 3148 1115 3216 Nam
1139 3147 1182 3216 de

62 3247 194 3318 simonie
211 3248 301 3336 apud
318 3250 539 3338 apostolicum
556 3251 740 3338 Eugenium
755 3249 948 3334 infamatus,
967 3247 1009 3314 ab
1029 3265 1070 3316 eo
1089 3266 1108 3314 e
1127 3247 1183 3316 di-

61 3347 129 3414 vino
148 3347 261 3416 esicio
281 3365 467 3436 suspensus
487 3354 548 3418 est.
582 3350 677 3418 Sedit
694 3350 790 3420 aunis
810 3346 977 3416 tredecim.
1003 3347 1078 3414 Fuit
1095 3351 1183 3414 tem-

61 3461 131 3531 pore
164 3444 310 3516 Conredi
348 3449 433 3518 tertii
467 3447 689 3520 Romanorum
719 3449 818 3534 regis.
870 3445 1027 3535 Sepultus
1063 3449 1115 3514 est
1140 3443 1183 3512 ad

63 3551 202 3614 sanctum
220 3541 398 3616 Andrean.

126 3645 169 3713 xl
186 3641 355 3714 Arnoldus
374 3647 563 3734 prepositus
582 3647 690 3716 sancti
709 3645 810 3733 Petri,
840 3645 891 3712 vir
914 3646 1076 3732 probitate
1096 3659 1184 3712 oon-

65 3741 187 3827 spicuus
216 3747 250 3810 et
267 3741 460 3812 Coloniensi
484 3745 628 3814 ecclesie
655 3745 738 3814 setis
755 3743 844 3828 utilis
864 3747 896 3810 et
913 3741 1064 3816 idoneus.
1103 3741 1184 3810 Cum

65 3836 251 3926 inperatore
269 3841 436 3912 Friderico
452 3843 589 3914 Romam
606 3843 794 3933 proiectus,
820 3843 961 3912 consilio
980 3849 1014 3912 et
1031 3841 1184 3932 pruden-

67 3937 105 4004 tia
120 3939 192 4026 plus
210 3941 309 4010 armis
329 3947 381 4010 cst
399 3947 566 4031 operatus.
592 3943 757 4012 Violentis
776 3941 973 4032 resistebat,
996 3943 1184 4012 ecclesias-

68 4034 123 4104 tica
138 4040 206 4106 iura
225 4039 435 4110 defendebat.
463 4041 557 4110 Sedit
574 4043 671 4110 annis
691 4042 839 4130 quinque
858 4039 920 4110 sub
937 4039 1105 4112 Fridcricc
1123 4041 1184 4108 im-

68 4179 213 4304 beillfllalssilit
237 4180 278 4236 bia
297 4189 481 4238 construxerat
504 4181 571 4238 molt
594 4185 623 4238 in
646 4183 694 4238 der
723 4183 762 4240 irs.
787 4183 835 4237 des
859 4183 1003 4248 Gelenius,
1025 4183 1096 4238 steht
1121 4181 1186 4236 aber

938 4335 988 4390 18*
