2878 4834
274 231 345 301 278
624 249 757 306 ’1111111
780 259 843 304 cur.
865 261 928 305 nur.
951 223 1051 304 cotun.

277 396 506 488 cancellarius,
525 395 567 464 de
585 401 695 466 oastro
712 393 904 482 Heinsberg
920 394 1088 466 oriundus.
1102 396 1180 466 Erat
1195 396 1244 467 vir
1258 396 1383 486 pnrdens
1431 373 1436 468 ,Ὺ

273 504 305 566 ct
324 497 507 585 discretus,
527 511 664 584 corpore
681 493 929 584 pulcherrimus,
949 498 1179 582 magnanimus
1199 501 1233 564 11
1249 495 1382 590 atlabllts,
1435 473 1436 514 ¹

272 601 305 666 11
331 613 432 683 supra
457 592 590 662 modum
613 593 768 662 liberalis.
795 593 858 662 lile
881 593 990 662 adhuc
1007 595 1157 662 existens
1176 595 1320 664 decanus
1337 617 1385 664 su·
1435 677 1436 694 χ

272 693 456 784 pradictum
480 695 659 761 exercitum
682 693 745 770 sub
761 691 923 762 Reinaldo
943 692 1035 761 duxit
1051 694 1085 762 in
1103 712 1254 783 campum
1270 691 1386 764 111111-
1435 705 1436 800 3

272 795 347 862 naci
372 798 486 860 contra
511 791 698 860 Conradum
723 793 903 880 palatinum
929 791 1146 878 Ludewicum
1165 801 1198 862 et
1217 791 1387 862 Conradum
1435 801 1436 880 j

163 975 165 980 Ι
273 893 329 980 qui
348 892 577 980 episcopatum
595 889 744 959 demoliri
762 891 949 978 cupiebant.
989 889 1051 971 Qui
1070 898 1187 978 quarto
1206 909 1295 960 anno
1311 911 1387 980 pon·

272 991 415 1058 tilicatus
441 991 493 1057 sui
517 1007 590 1057 cum
616 991 764 1058 exercitu
789 991 930 1056 maximo
956 991 1047 1057 venit
1071 998 1186 1058 contra
1212 989 1387 1059 Heinricum
1435 1001 1436 1076 ζ

273 1089 391 1158 ducem
414 1089 628 1156 fortissimum
654 1087 801 1180 Sauonie
828 1089 980 1156 bawarie
999 1093 1099 1176 atque
1118 1089 1336 1177 Westpballe.
1358 1091 1388 1158 ut

272 1194 343 1257 tota
370 1195 456 1256 terra
480 1187 567 1255 illius
591 1186 810 1277 depopulata,
838 1205 1045 1272 cummagno
1064 1188 1172 1274 gloria
1186 1195 1223 1256 et
1240 1189 1386 1276 triumpho
1435 1181 1436 1267 ῗ

271 1285 376 1355 rediit.
394 1285 496 1353 Cuius
516 1286 657 1353 oonsilio
676 1293 709 1354 et
726 1287 849 1355 auxilio
866 1285 955 1354 idem
972 1285 1040 1354 dux
1058 1287 1099 1354 ab
1117 1289 1316 1374 imperatore
1333 1287 1388 1356 Fri-
1435 1277 1436 1308 ³

273 1385 385 1454 derioo
412 1390 445 1452 11
462 1383 666 1474 principibus
692 1385 756 1452 iam
783 1384 898 1472 dietis,
939 1384 1043 1451 tribus
1066 1385 1246 1453 ‘ducatibus
1267 1389 1389 1454 beenon

273 1491 307 1552 11
324 1485 398 1550 aliis
417 1483 570 1550 omnibus
596 1481 705 1551 leudis
731 1483 794 1551 sibi
818 1482 1032 1573 abiudicatis,
1051 1501 1126 1550 eum
1139 1501 1249 1552 uxore
1267 1491 1300 1553 et
1317 1485 1390 1552 libe·
1435 1477 1436 1494 ³

272 1583 318 1650 ris
342 1583 457 1648 iussus
482 1587 535 1648 est
557 1581 703 1650 exulere.
737 1581 901 1649 Ducatnm
920 1599 1001 1649 vero
1020 1581 1231 1670 Westpbalie
1250 1583 1390 1652 dominus

272 1681 442 1768 Philippus
461 1697 521 1748 sue
540 1681 686 1752 ecclesie
712 1679 863 1748 obtinuit.
897 1681 938 1749 ut
955 1679 996 1748 ab
1016 1699 1057 1748 eo
1076 1687 1228 1769 tempore
1243 1699 1350 1769 usque
1365 1685 1391 1749 in
1435 1699 1436 1704 ¹

272 1777 958 1868 hodiernumpresulesColoniensesduos
977 1779 1130 1870 ducatus,
1151 1779 1291 1848 Colonia
1309 1781 1391 1848 scili·
1435 1760 1436 1804 ¹

271 1883 325 1946 cet
338 1877 602 1967 etWestpbalie‚
616 1897 689 1946 cum
702 1877 839 1948 totidem
851 1879 983 1946 vexillis
999 1877 1041 1945 ab
1054 1879 1307 1968 imperatoribus
1326 1897 1392 1948 sus·
1411 1919 1414 1926 .
1435 1899 1436 1902 ¹

272 1978 406 2066 cipiunt.
428 1977 589 2046 Posthac
607 1976 760 2046 dominus
778 1979 955 2065 imperator
971 1977 1167 2067 Friderious‚
1186 1979 1275 2046 siout
1291 1977 1391 2067 plures
1435 1975 1436 2002 l

273 2077 398 2164 opinati
417 2082 496 2144 sunt
513 2077 620 2164 glorie
639 2077 882 2166 archiepiscopi
908 2075 1038 2144 occulte
1056 2075 1212 2145 invidens
1231 2083 1266 2144 11
1282 2085 1392 2166 poten·
1435 2071 1436 2164 ᾗ

272 2177 351 2242 tiam
369 2177 629 2265 pertimescam,
649 2182 748 2244 nacta
767 2177 948 2243 occasione
966 2177 1113 2260 graviter
1131 2175 1204 2242 sine
1224 2193 1327 2244 causa
1343 2193 1392 2243 ce·

271 2275 320 2363 pit
336 2275 507 2342 inimicari.
532 2273 668 2361 Propter
686 2273 776 2362 quod
794 2273 1075 2363 archiepiscopus,
1098 2291 1171 2341 cum
1191 2273 1293 2343 corde
1312 2279 1394 2342 esset
1435 2265 1436 2296 f

271 2373 525 2463 imperterritus,
553 2373 720 2441 civitatem
753 2372 926 2441 Coloniam
958 2389 1047 2440 novo
1079 2373 1169 2440 vallo
1196 2374 1340 2462 ampliari
1368 2379 1395 2441 et
1435 2439 1436 2458 p

271 2472 377 2560 portis
395 2470 583 2540 fortissimis
601 2473 719 2539 muniri
737 2470 830 2563 lecit,
850 2470 892 2539 ad
909 2469 1132 2539 resistendum
1154 2489 1192 2539 se
1211 2490 1394 2561 preparans.

273 2569 384 2638 ‘lertio
413 2575 523 2638 autem
549 2588 638 2639 anno
664 2565 839 2658 illogu'ntie
858 2567 897 2636 'in
922 2569 1013 2637 ouria
1043 2571 1185 2638 solemni
1215 2572 1395 2640 interventu
1435 2653 1436 2664 χ

271 2671 455 2758 principum
472 2670 679 2758 imperatoris
698 2671 838 2756 gratiam
857 2670 1072 2758 recuperavit.
1098 2667 1312 2756 Comparavit
1327 2687 1394 2758 pre·
1435 2751 1436 2756 Ἰ

272 2773 364 2836 terea
381 2767 481 2836 beato
497 2769 594 2836 Petro
612 2773 722 2836 castra
738 2767 877 2857 plurima
894 2773 957 2836 tam
975 2769 1061 2834 intra
1079 2785 1177 2854 quam
1195 2770 1295 2837 etiam
1315 2774 1395 2836 extra
1435 2787 1436 2796 ¹

273 2867 502 2956 episcopatum
521 2867 766 2957 coloniensem,
785 2867 895 2934 multis
912 2866 1096 2933 bonoribus
1116 2865 1394 2935 ecclesiamsuam

273 2965 466 3034 sublimans.
484 2963 548 3046 Qui
565 2972 643 3054 post
660 2971 795 3034 mortem
814 2965 1019 3054 imperatoris
1034 2963 1189 3032 Friderici
1209 2983 1283 3034 cum
1302 2965 1394 3034 Hein-

272 3065 343 3131 rico
371 3082 471 3154 rege,
499 3065 565 3132 irlio
591 3067 680 3154 eius,
710 3067 744 3132 in
770 3063 924 3152 Apuliam
942 3062 1129 3152 proiectus,
1149 3081 1223 3130 curn
1241 3082 1329 3152 pene
1346 3070 1392 3130 to·
1435 3063 1436 3150 3

273 3167 339 3230 tam
363 3163 559 3249 provintiam
585 3181 647 3232 sua
675 3162 851 3252 prudentia
886 3168 918 3230 11
948 3163 1221 3252 magnanimitate
1256 3161 1393 3230 Romano

273 3258 481 3330 subdidisset
498 3264 650 3350 imperio,
668 3263 703 3329 in
721 3261 897 3330 obsidione
915 3261 1137 3348 Neapolitana
1156 3259 1236 3328 obiit
1254 3261 1329 3329 idus
1342 3279 1393 3326 au-

272 3361 364 3448 gusti
383 3355 493 3452 [lltlt
513 3379 589 3446 aug.
610 3357 686 3452 l3].
713 3359 814 3428 Cuius
834 3376 914 3429 ossa
932 3359 1103 3438 Coloniam
1127 3365 1205 3427 sunt
1222 3361 1343 3448 relata,
1367 3363 1393 3424 ot

273 3477 347 3527 oum
365 3476 486 3544 magno
504 3459 631 3528 bonore
648 3460 683 3526 iu
702 3459 847 3528 ecclesia
867 3459 974 3528 sancti
987 3457 1072 3524 Petri
1086 3459 1179 3526 iuxta
1192 3458 1392 3546 sepulchrum

273 3559 423 3646 episcopi
448 3555 615 3648 Relnoldi‚
640 3559 693 3626 cui
716 3559 750 3625 in
772 3557 935 3646 probitate
954 3555 1124 3624 dissimilis
1143 3573 1213 3626 non
1231 3563 1320 3647 crat,
1345 3562 1391 3624 tu-

271 3715 357 3772 111111
375 3725 431 3784 111,
455 3715 595 3798 Romaque
613 3733 675 3772 eum
701 3715 728 3770 in
751 3717 938 3796 imperatorem
963 3717 1114 3769 consecrari
1132 3718 1258 3798 optinuit.
1295 3714 1328 3796 Et
1343 3729 1394 3785 pro

271 3801 379 3850 gressus
402 3803 457 3840 uou
484 3785 616 3838 modicam
642 3793 742 3859 partem
761 3783 861 3855 Apulia
888 3800 948 3836 cum
975 3799 1008 3835 eo
1027 3783 1182 3838 debellavit.
1219 3783 1263 3839 Ad
1281 3783 1394 3836 ultimum

271 3854 300 3906 iu
318 3853 460 3908 obsidione
484 3854 558 3907 urbis
575 3851 703 3924 Neapolis
722 3861 843 3905 mortuus
866 3861 907 3904 111
931 3867 949 3903 v
972 3850 1033 3904 idus
1059 3854 1166 3922 augusti
1185 3855 1267 3922 [1191
1286 3867 1345 3918 aug.
1361 3851 1393 3916 o].

273 3919 341 3974 0111
365 3922 423 3975 eius
440 3921 581 3976 Coloniam
608 3919 696 3976 delata
720 3921 746 3973 in
770 3919 886 3972 eeclesia
909 3919 980 3972 beati
998 3917 1070 3972 Petri
1094 3919 1200 3980 condita
1218 3927 1289 3974 sunt.
1326 3919 1393 3973 circa

271 3987 343 4040 idem
361 3995 464 4058 tempus
483 3989 601 4060 prefatus
625 3989 714 4060 presul
739 3987 773 4041 ad
791 3987 971 4060 quadraginta
997 3987 1070 4040 milia
1088 4004 1238 4041 nrarcarum
1257 3995 1284 4040 11
1300 3986 1393 4054 septin-

290 4057 344 4108 enti
362 4073 464 4112 marcas
482 4074 611 4110 summam
630 4057 731 4125 argenti
750 4055 875 4126 produxit
901 4057 929 4108 in
952 4057 1147 4126 coemptionem
1175 4053 1280 4108 urbium
1297 4061 1325 4107 et
1342 4067 1393 4124 pre-

271 4073 378 4176 diorum
397 4132 468 4176 terre
486 4125 643 4180 Coloniensi
666 4125 846 4178 adiacentium
865 4123 1046 4177 circumcirca.
1081 4123 1221 4178 Alledium
1245 4121 1311 4176 illud
1330 4118 1393 4192 quod

272 4189 393 4245 Salevelt
409 4191 507 4244 dicitur
533 4195 592 4246 elus
616 4201 737 4264 tempore
761 4209 810 4264 per
833 4191 1017 4246 concambium
1035 4190 1069 4244 ad
1087 4191 1230 4264 imperium
1248 4189 1393 4246 translatum

271 4265 322 4311 est.
358 4257 434 4311 Sedit
451 4259 528 4312 11111
544 4261 620 4314 xxiii.
