2878 4834
405 187 570 235 nrreorrrrn
594 188 830 237 wonnnrrsrsm.
1115 163 1185 234 227

23 369 24 420 p
62 325 133 394 ibet
151 327 207 414 qui
227 325 268 395 de
285 327 391 416 ipsius
415 333 519 396 morte
545 332 666 417 posset
691 329 807 396 merito
832 328 1022 419 conveniri,
1050 334 1085 398 et
1108 337 1189 418 aput

63 427 327 511 consanguineos
345 427 449 514 petris
467 427 574 516 ipsius
592 428 686 516 pueri
705 427 770 496 lide
788 427 877 496 bono
895 433 1007 516 portes
1031 447 1112 498 suus
1133 431 1187 498 in-

62 532 225 615 terponet,
258 532 294 593 ut
320 527 470 595 similiter
493 527 617 596 nullum
641 525 823 596 vindictam
847 525 889 595 de
920 532 1023 596 morto
1048 527 1189 616 predicti

23 695 24 698 ,
61 625 143 714 pueri
163 643 302 712 querere
320 626 505 693 molientur.
533 626 689 694 Preteren
707 626 846 714 quilibet
859 627 1012 715 captivus
1031 626 1188 696 detentus

61 743 111 814 per
127 724 224 794 cives
242 724 511 794 Wmmncicuses
539 726 595 814 qui
621 727 656 793 in
678 725 798 794 eodem
824 725 980 794 contliotu
1006 727 1095 814 copti
1112 726 1188 796 lue·

61 830 123 891 runt
139 823 299 892 iurabunt
315 842 389 892 cum
407 829 549 913 quotuor
566 825 656 914 eliis,
684 831 718 894 et
734 823 898 914 Repertus
914 826 970 912 qui
988 824 1106 893 dicitur
1124 843 1188 894 co·

62 939 122 990 nes
147 922 278 992 lrsutus
305 941 379 992 curn
405 925 552 1012 quinque
579 925 653 992 eliis
681 942 812 1016 seeum,
841 923 933 1012 quod
963 924 1218 994 1111111111νί1--

62 1021 172 1090 dictum
196 1022 240 1091 de
258 1024 407 1111 ipsorum
426 1024 581 1112 ceptione
606 1023 661 1092 vel
678 1023 721 1092 de
739 1023 892 1112 dampnis
909 1022 1009 1091 illotis
1028 1025 1079 1092 eis
1098 1042 1188 1111 quo-

61 1127 135 1188 reret
159 1121 216 1190 vel
243 1124 337 1210 queri
363 1121 465 1192 iociet
490 1121 655 1192 advorsus
681 1122 966 1197 Warmaciensem
991 1124 1185 1210 episcopum

61 1219 106 1287 rel
119 1222 212 1288 cives
232 1221 393 1312 eiusdem,
413 1229 446 1291 et
464 1239 596 1311 semper
613 1221 656 1290 de
675 1227 788 1290 cetero
806 1221 896 1290 bono
911 1220 975 1290 lide
992 1240 1054 1310 pro
1071 1223 1186 1290 omisis

62 1318 224 1388 latebunt
250 1321 398 1390 eosdem.
433 1321 475 1390 Et
506 1322 654 1390 similiter
678 1323 896 1390 iuramentum
920 1319 1045 1389 socient
1069 1339 1186 1390 omnes

62 1421 182 1510 captivi,
203 1422 261 1508 qui
274 1421 308 1488 111
325 1421 469 1490 vinculis
482 1419 600 1509 prelati
618 1421 787 1489 camerarii
805 1419 1004 1488 detinentur.
1036 1421 1187 1490 Promisit

62 1519 186 1607 insuper
219 1519 308 1588 idem
342 1521 523 1609 Pbylippus
555 1522 589 1588 in
614 1521 783 1609 presentie
810 1526 927 1588 nostra
955 1518 1033 1588 dure
1059 1519 1185 1588 litteras

62 1625 180 1705 apertos
201 1619 331 1688 civibus
351 1618 677 1709 Wormooiensibus,
703 1621 737 1687 in
764 1619 885 1706 quibus
914 1617 1038 1686 debent
1063 1620 1185 1707 opponi

64 1716 161 1802 sigillo
178 1718 362 1788 Eberbordi
382 1724 416 1787 et
434 1716 566 1787 Oltonis
593 1719 727 1787 irotrum
751 1717 794 1786 de
812 1717 1005 1807 Eberstein,
1030 1717 1186 1786 Frideriei

63 1815 185 1884 comitis
208 1816 252 1886 do
270 1817 456 1908 liningen,
484 1817 655 1887 silvestris
681 1818 812 1886 comitis
839 1823 873 1885 et
889 1817 1104 1886 Embiebonis
1130 1817 1185 1886 lilii

64 1917 115 2004 sui,
131 1915 279 1985 lloinrici
297 1918 395 1985 lrsuti
414 1919 557 2008 comitis,
576 1916 720 1985 Cunradi
737 1917 837 1985 lrsuti
851 1917 991 2004 comitis,
1011 1915 1186 1984 Wernberi

64 2013 96 2081 de
112 2015 305 2106 Bollundio,
331 2017 471 2106 Philippi
489 2017 531 2086 de
549 2015 749 2084 Fulcensten
776 2013 882 2082 iratris
909 2015 977 2104 sui,
1010 2014 1185 2082 Wernberi

64 2111 189 2200 depileri
208 2113 390 2206 deblzeiu,
410 2115 501 2203 quod
519 2117 548 2183 si
565 2114 745 2203 aliquando
763 2113 850 2182 idern
869 2113 1051 2202 Phylippus
1070 2119 1186 2182 contro

63 2219 180 2298 protum
197 2215 305 2303 ipsius
323 2215 501 2284 concordie
518 2216 667 2304 venerit,
694 2211 834 2301 predicti
862 2230 979 2282 omncs
1007 2211 1187 2281 excludent

66 2330 126 2378 cum
143 2331 162 2381 o
180 2316 352 2383 consortio
372 2322 406 2382 et
422 2315 571 2383 amicicia
595 2331 727 2402 eorum,
756 2329 818 2380 nec
844 2313 875 2379 ei
901 2313 1099 2401 prestebunt
1123 2311 1185 2380 oli-

65 2409 141 2496 qucd
171 2415 331 2482 auxilium
363 2419 480 2481 contra
505 2413 779 2482 Wormacienses
810 2409 991 2500 predictos.
1034 2411 1186 2480 Promisit

64 2509 186 2599 insuper
200 2513 403 2582 excellentia
421 2517 536 2582 nostro
550 2514 676 2600 utrique
694 2512 844 2600 portium,
860 2516 897 2578 ut
916 2511 1072 2597 sistique
1092 2511 1185 2598 ipso-

65 2627 123 2676 rum
143 2614 284 2699 portium
307 2618 423 2680 contro
449 2617 581 2700 pactum
605 2611 773 2679 nominate
800 2607 979 2678 concordie
1006 2611 1136 2676 venerit
1153 2615 1186 2676 et

65 2724 125 2775 eom
146 2712 273 2779 viclure
298 2712 553 2807 presumpserit,
580 2727 643 2778 nos
673 2709 766 2778 elteri
786 2710 870 2796 parti
891 2713 1003 2776 astare
1029 2708 1185 2775 volumus

65 2813 165 2877 contro
184 2812 294 2899 ipsum
316 2810 441 2878 viribus
467 2815 501 2878 ct
526 2811 678 2898 potentie
700 2806 909 2878 celsitudinis
932 2813 1056 2875 nostre.
1089 2805 1185 2874 Unde

66 2904 99 2972 od
114 2907 253 2977 luturom
268 2911 458 2977 memorium
481 2909 599 2978 similia
623 2907 689 2976 duo
707 2908 832 2994 scripto
855 2905 897 2974 de
920 2904 1025 2974 verbo
1050 2904 1093 2974 od
1107 2923 1185 2974 ver-

65 3001 128 3073 bum
144 3009 243 3078 scribi
267 3007 419 3098 lecimus,
442 3025 580 3096 quorum
594 3025 695 3075 111111111
713 3023 819 3095 penes
837 3005 1109 3074 Wormocienses
1133 3006 1186 3072 ci-

67 3119 116 3171 rcs
141 3113 173 3174 ot
196 3107 288 3176 uliud
311 3125 418 3197 penes
443 3106 586 3176 eundem
616 3106 811 3195 Pbylippum
834 3104 960 3172 servari
984 3103 1108 3172 debent
1136 3105 1186 3172 si-

67 3202 133 3285 gillo
154 3211 274 3276 nostro
296 3208 430 3276 munite.
481 3205 601 3274 Datum
630 3212 709 3294 aput
742 3203 887 3293 Spirum,
929 3204 1010 3272 xxiii
1037 3203 1186 3292 ianuarii,

68 3309 165 3386 quorte
182 3304 386 3376 indictionis.

112 3476 154 3537 td.
175 3475 295 3540 Conrnd
316 3478 356 3540 ill
377 3477 491 3542 meldet
512 3477 572 3542 den
592 3476 726 3556 bttrgern
746 3491 805 3538 von
823 3475 942 3541 Worms
964 3474 1069 3536 semen
1081 3469 1186 3548 glttclr·

172 3559 276 3622 llcben
305 3563 422 3623 elutritt
450 3563 481 3623 ln
509 3557 634 3640 ltollen,
674 3558 746 3620 dass
780 3557 842 3619 lbnr
880 3553 1042 3630 merkgrol
1063 3553 1096 3614 ll.
1126 3567 1185 3614 von

172 3641 346 3704 llcmbureb
376 3641 557 3705 mltsleleu
591 3640 722 3704 scblffen
749 3638 861 3701 bebule
898 3639 999 3698 setner
1026 3633 1186 3696 liberiubrt

171 3723 251 3785 neclr
273 3723 402 3802 Apulien
422 3723 470 3787 bls
491 3723 566 3786 Polo
586 3729 737 3799 entgegen
759 3721 937 3798 getremmon
959 3719 1025 3796 sel,
1052 3715 1113 3778 und
1138 3731 1186 3778 er-

171 3805 279 3868 mubnt
299 3809 344 3868 sle
365 3823 420 3868 zur
440 3813 527 3868 treue
539 3805 587 3868 blo
605 3821 643 3868 uu
662 3807 764 3867 selner
778 3801 933 3866 rttelrkebr
946 3799 1024 3862 necb
1038 3798 1185 3862 beutscb·

171 3887 252 3952 lond.
295 3885 391 3970 (1251
417 3883 508 3969 dec.)
849 3971 859 3988 ·

131 3994 300 4069 Cuurodus
327 4007 389 4069 etc.
416 3998 552 4067 Civibus
576 3995 895 4066 Wormuoionsibus.
927 3993 978 4064 Ex
1004 3994 1077 4062 eius
1105 4009 1185 4080 gre·

74 4091 129 4180 cio,
154 4100 333 4184 quiritum
361 4107 507 4168 nostrum
534 4099 618 4166 inter
646 4115 747 4165 enses
774 4097 916 4164 hostiurn
945 4095 1027 4160 texit
1052 4092 1185 4160 miseri-

75 4191 196 4263 corditer
213 4203 247 4266 et
264 4200 423 4289 protexit,
443 4197 484 4266 od
504 4198 642 4284 glorium
661 4197 713 4266 sui
731 4196 874 4264 nominis
893 4199 927 4260 et
944 4191 1124 4279 bonorem,
1143 4187 1185 4256 ub

934 4300 987 4353 15*
