2890 4832
273 248 343 317 360
630 276 667 319 rx
689 274 855 320 eoorrnroo
877 275 1051 322 bononiensi.

191 433 257 489 1226
275 415 339 482 bus
366 419 399 482 ct
425 413 685 502 approbantibus
709 414 877 482 universis
902 413 1137 499 Longobartlic
1162 413 1307 502 prolatis.
1332 412 1390 481 set

273 513 414 582 candem
445 514 644 580 sententiam
671 518 790 600 postea
817 513 1098 600 papa'Honorius
1123 513 1312 599 revocavit,
1328 513 1390 577 mit·
1428 568 1433 593 ,

273 620 347 680 tens
370 610 554 680 Alatrinum
579 613 787 700 capellanum
815 629 929 698 suum3
955 613 1052 680 euius
1082 613 1306 699 suggestione
1327 610 1391 678 ble-
1429 616 1433 659 ²

273 711 444 780 diolanum
470 717 503 778 et
528 711 629 779 multe
656 712 808 778 civitates
834 711 1013 798 complices
1038 719 1152 780 contro
1176 713 1391 798 imperatorem
1429 755 1439 805 .‘

274 812 540 899 coniuraverunt,
555 809 718 878 facientes
730 809 907 896 collegium
925 810 1015 898 quod
1028 810 1327 897 Longobardorum
1342 825 1391 876 so·
1428 838 1434 885 ;

275 911 379 978 cietas
397 927 456 997 per
473 910 573 977 multa
590 916 739 997 tempora
761 915 814 976 cst
830 916 995 976 vocatum.

347 1007 426 1096 Ipso
445 1026 533 1076 anno
552 1006 727 1076 Heinricus
746 1006 959 1076 Coloniensis
978 1009 1105 1077 electus
1123 1009 1158 1076 in
1175 1007 1392 1094 archicpisco-

274 1125 351 1197 pum
370 1126 389 1174 a
408 1108 608 1175 Trevcrensi
634 1107 889 1196 archiepiscopo
916 1107 1056 1176 Colonia
1083 1109 1116 1175 in
1142 1108 1257 1194 vigilia
1282 1105 1394 1172 Matbci

275 1207 421 1294 apostoli
449 1203 551 1296 [sept.
577 1203 642 1296 20]
672 1224 745 1274 oum
773 1225 894 1293 magna
920 1207 1152 1296 solempnitate
1180 1209 1394 1292 consecratur,

275 1305 489 1394 presentibus
514 1305 667 1374 omnibus
692 1305 914 1391 suffraganeis
940 1307 1029 1396 suis,
1052 1323 1115 1374 nco
1138 1323 1207 1374 non
1226 1311 1261 1373 ct
1277 1303 1394 1372 tacebo

275 1402 448 1473 Aconcnsi
468 1411 502 1471 et
517 1402 719 1472 Herimanno
737 1404 895 1472 Lcalonsi
912 1395 1090 1494 episcopis.
1430 1398 1434 1421 ²

350 1503 431 1570 ltem
448 1504 522 1590 ipso
541 1521 629 1572 anno
644 1503 831 1572 Friderious
843 1521 968 1594 comcs,
986 1506 1076 1593 impii
1095 1508 1212 1572 auctor
1229 1499 1396 1587 homicidii,

276 1619 337 1690 por
361 1608 465 1669 totum
489 1621 610 1670 annum
634 1601 797 1690 profugus
825 1609 858 1670 ct
883 1605 1085 1692 occultatus,
1104 1623 1125 1671 a
1143 1601 1290 1690 quodam
1309 1600 1396 1666 milito
1430 1658 1434 1677 ,

277 1701 410 1768 nomine
428 1700 595 1769 Balschun
610 1704 747 1790 capitur,
767 1709 800 1770 ct
815 1720 874 1789 pro
889 1702 1020 1772 duobus
1038 1703 1168 1770 milibus
1183 1703 1398 1768 marcarumct
1431 1720 1435 1731 ·

278 1799 1397 1890 centummarcisvenundatus‚Coloniensiarchiepiscopoassigna·

279 1906 339 1966 tur.
366 1897 429 1979 Qui
447 1900 481 1965 in
499 1898 587 1968 lesto
601 1899 734 1968 lllartini
754 1903 907 1988 sequenti
929 1901 1057 1970 scilicet
1069 1900 1121 1968 dio
1136 1917 1226 1967 anno
1241 1898 1395 1985 sequenti,
1440 1913 1441 1955 1

280 2016 346 2086 qua
370 2016 490 2086 corpus
512 1999 657 2066 lacerum
685 1999 823 2084 gloriosi
848 2001 1091 2088 archiepiscopi
1116 1997 1332 2066 Coloniensis
1356 2003 1399 2063 cst
1433 2024 1441 2033 ·*

280 2105 460 2186 receptum,
479 2115 644 2185 quamque
663 2097 750 2166 idem
769 2100 949 2187 opiscopus
967 2099 1076 2168 adbuc
1092 2099 1212 2166 vivens
1229 2117 1292 2186 pro
1307 2095 1400 2164 forma
1434 2134 1437 2143 ·

281 2197 534 2284 compositionis
567 2196 734 2283 agenda
725 2200 788 2286 ipsi
815 2198 1005 2288 prelixerat
1033 2198 1171 2266 Colonio
1197 2201 1438 2327 presentatus

282 2300 352 2383 est,
377 2300 410 2362 ct
434 2296 529 2363 tertia
556 2294 608 2364 die
627 2296 715 2364 sacta
733 2296 967 2388 consessione,
988 2303 1020 2365 et
1037 2297 1175 2385 proditis
1194 2280 1438 2397 complicibus!

281 2393 379 2462 huius
398 2392 492 2482 lacti,
521 2401 611 2463 extra
630 2414 740 2464 muros
766 2398 934 2465 civitatis
925 2416 959 2465 rn
977 2404 1049 2465 rota
1066 2397 1199 2484 positus
1219 2413 1321 2482 super
1335 2411 1400 2460 nro·
1441 2418 1442 2448 ι

260 2491 388 2560 -dicam
407 2493 597 2580 piramidem
625 2501 677 2562 est
695 2495 856 2564 elevatus.
883 2497 1004 2565 Postea
1023 2494 1301 2564 convenientibus
1320 2494 1400 2580 cpis-

283 2592 379 2704 copis
398 2599 432 2658 et
449 2593 616 2662 nobilibus
629 2601 713 2662 terre
729 2596 866 2662 vasallis
882 2597 988 2662 sancti
1003 2596 1097 2684 Petri,
1116 2593 1251 2661 nobiles
1271 2591 1442 2679 puidam,
1441 2643 1442 2650 ι

283 2693 338 2778 qui
363 2708 423 2778 pro
450 2691 639 2762 huiusmodi
665 2693 894 2762 interlectione
920 2695 1070 2782 suspecti
1087 2647 1318 2780 habebantur,
1334 2690 1402 2757 licet

214 2876 217 2882 Ι
284 2788 476 2880 difficulter,
503 2791 544 2858 ab
569 2793 822 2882 archiepiscopo
850 2799 884 2861 ct
903 2793 1067 2881 prioribus
1093 2791 1349 2860 coloniensibus
1366 2786 1401 2856 ad

285 2892 560 2977 expurgationem
580 2883 702 2959 obiecti
720 2893 865 2960 oriminis
884 2899 962 2960 sunt
980 2892 1125 2960 admissi.

358 2985 456 3056 Anno
482 2989 604 3058 domini
629 2992 831 3058 mccxnvii.
857 2991 1034 3060 Heinricus
1055 3009 1131 3078 rex,
1151 2989 1239 3058 srlius
1258 2988 1399 3056 Friderici
1440 3015 1441 3070 p

284 3086 510 3176 imperatoris,
534 3087 736 3176 Aquisgrani
754 3091 904 3180 veniens,
928 3090 1172 3158 celeberrimam
1198 3090 1323 3157 curiam
1340 3105 1400 3154 cum

286 3184 454 3252 nobilibus
473 3189 574 3254 totius
594 3189 757 3256 'leutonie
776 3188 889 3258 babuit
908 3188 1073 3257 dominica
1091 3187 1212 3256 tunica
1232 3206 1285 3255 me
1311 3183 1401 3276 [mbr

287 3279 362 3374 28].
387 3282 476 3350 Inter
494 3304 580 3373 quos
598 3290 746 3376 precipui
769 3294 862 3356 erant
880 3289 1137 3375 salzburgensis
1155 3285 1400 3372 Mogonciensis

286 3383 492 3452 Trevircnsis
512 3385 727 3454 coloniensis
742 3387 1001 3476 archicpiscopi,
1027 3386 1158 3456 Austric
1180 3387 1323 3454 Bavaric
1344 3384 1401 3452 lla-
1440 3415 1442 3456 r

286 3482 404 3550 rintbie
428 3483 612 3553 Brobancic
634 3485 852 3572 lotharingie
878 3485 999 3577 duom,
1025 3487 1252 3574 lantgravius,
1273 3485 1401 3552 Forran-

287 3581 350 3650 clus
374 3599 487 3650 comes
515 3583 683 3673 Flandric,
709 3587 764 3672 qui
792 3604 851 3674 por
879 3585 1053 3654 duodecim
1079 3603 1188 3654 annos
1216 3585 1358 3651 Parisios
1375 3583 1400 3647 in

288 3681 479 3768 captivitate
507 3701 527 3749 a
551 3701 631 3769 rege
662 3685 798 3752 Franoie
827 3684 981 3752 detentus
1010 3684 1116 3752 lucrat
1142 3689 1175 3754 et
1202 3684 1305 3770 priori
1327 3697 1400 3748 anno
1441 3681 1442 3702 ³

288 3779 473 3848 absolutus.
499 3781 547 3848 lbi
570 3784 672 3850 eciem
691 3789 919 3850 convenerunt
943 3785 996 3852 alii
1022 3783 1246 3869 quamplures
1266 3780 1402 3869 episcopi

289 3884 321 3944 ct
345 3881 482 3946 comites
498 3886 531 3947 ct
549 3883 656 3948 tocius
680 3883 842 3950 Teutonie
860 3882 999 3950 nobiles.
1026 3881 1087 3950 Ubi
1106 3902 1124 3950 a
1141 3880 1335 3950 Coloniensi
1355 3897 1402 3945 ar-

289 3975 505 4065 chiepiscopo
527 3978 682 4048 Heinrico
706 3999 791 4048 uxor
811 3983 917 4069 ipsius
939 3982 1048 4070 regis,
1067 3981 1134 4048 lilia
1157 3979 1252 4048 ducis
1271 3976 1400 4056 Austris,

289 4075 393 4160 regali
411 4074 641 4146 bencdictione
657 4085 851 4148 consecrata
868 4085 901 4148 ot
918 4081 1119 4149 coronatain
1137 4078 1219 4148 sede
1234 4079 1328 4164 regia
1341 4076 1400 4144 col·

289 4173 426 4241 locatur.

365 4271 491 4340 Eodem
515 4292 602 4342 anno
629 4275 797 4344 Honorius
825 4295 912 4365 papa
939 4296 1012 4345 curn
1038 4277 1193 4346 undecim
1219 4278 1316 4344 annis
1339 4290 1402 4362 prc-
