2888 4824
286 251 356 322 386
669 278 708 326 rx
729 278 857 326 normano
879 279 1039 328 nnonrnnsr.

204 419 346 488 laterali
372 417 516 488 oonsilio
548 416 748 508 depositus,
779 415 970 488 Friderious'
994 418 1028 486 in
1059 433 1172 506 regem
1197 415 1416 490 Romanorum

283 518 506 596 oonllrmatns

356 615 457 687 Anno
485 615 608 686 domini
633 633 674 686 m.
676 632 807 686 eo...xx
826 615 1043 688 .Friderious
1070 631 1128 686 rex
1155 617 1281 688 ouriarn
1303 615 1414 686 babuit

284 715 451 785 celebrem
476 713 640 805 prioribus
671 713 901 786 dissimilem
890 733 926 786 nr
950 714 1178 788 Fraukoniort.
1221 716 1273 786 lbi
1301 733 1411 786 omnes

282 816 452 906 principes
470 814 538 884 filio
556 831 618 884 suo
635 811 792 884 Heinrioo
805 813 997 884 fidelitatem
1013 812 1171 886 iooerunt.
1198 815 1250 886 lbi
1264 813 1410 884 ordinato

283 922 337 984 est
353 916 409 984 via
423 913 465 983 de
480 914 735 983 oonseorntione
754 914 883 1003 imperii
896 913 999 984 Rome
1014 913 1247 1007 suseipiendn,
1267 913 1312 986 de
1326 923 1411 982 tran-

284 1015 356 1082 situ.
368 1013 411 1084 ad
430 1013 624 1082 orientalem
641 1013 816 1082 eoelesiam
834 1011 1040 1084 liberandam
1065 1011 1107 1082 do
1127 1020 1303 1103 potestate
1319 1012 1411 1100 Agn-

282 1131 451 1204 renorum‚
470 1118 586 1202 utpote
608 1113 664 1200 qni
681 1112 835 1198 signatus
854 1115 934 1202 erat,
958 1117 992 1182 et
1008 1129 1068 1201 per
1090 1113 1243 1182 virtutem
1265 1115 1410 1202 potentie

284 1231 360 1296 sue,
386 1211 545 1282 videlieet
564 1229 625 1300 per
645 1208 798 1300 Apuliam
819 1216 854 1280 et
878 1210 1040 1302 Siciliam,
1063 1212 1155 1281 ultra·
1171 1229 1294 1284 omnes
1317 1230 1410 1299 reges

281 1311 462 1382 obristinne
480 1311 566 1382 lidei
593 1310 764 1380 subieotos
788 1309 928 1382 liberare
952 1327 1026 1380 eam
1053 1315 1195 1400 poterat.
1240 1310 1411 1400 Coguntur

282 1413 387 1480 eoiam
418 1428 534 1480 omnes
561 1410 684 1497 signati
710 1408 802 1478 abire
827 1414 894 1477 tum
916 1410 1084 1498 prinsipes
1110 1429 1209 1499 qnam
1237 1410 1411 1480 inferiores

281 1527 435 1600 persone.
459 1509 497 1578 ln
515 1509 579 1578 bae
595 1510 685 1582 ouria
702 1508 799 1596 leges
818 1513 896 1580 sont
911 1505 1070 1580 renouato
1089 1514 1122 1580 et
1134 1511 1209 1580 &iura
1227 1516 1263 1578 et
1280 1510 1410 1582 telonea

281 1608 430 1698 indebito
463 1608 627 1698 deposita.
664 1607 888 1695 Engolbertus
919 1607 1191 1698 arehiepisoopus
1221 1607 1410 1682 Heinrionn

280 1726 419 1798 puerum
445 1707 546 1778 lilium
568 1706 838 1794 Friderieiregis
864 1712 899 1780 et
922 1713 1028 1778 toturn
1050 1725 1192 1794 regnum
1216 1709 1251 1777 in
1279 1710 1410 1778 tutelam

281 1808 429 1897 suseipit.
448 1857 482 1876 ..
516 1808 596 1877 Post
617 1805 739 1878 lest-um
759 1807 873 1878 ¹saneti
895 1805 1060 1878 sonamus
1078 1803 1250 1899 [tanim]
1262 1807 1410 1877 ¹Frideri·
1437 1843 1438 1846 κ

281 1925 342 1976 nus
366 1924 443 1997 rex,
470 1907 503 1974 in
531 1905 729 1992 Alamannia
754 1904 914 1979 ordinatis
940 1905 1042 1977 rebus
1066 1907 1180 1996 regni,
1199 1923 1276 1976 oum
1294 1908 1409 1978 virtuto

280 2006 403 2093 magna
428 2005 555 2084 ltaliam
574 2005 786 2095 ingreditur,
813 2023 833 2076 a
855 2005 1052 2076 Venetianis
1077 2005 1219 2094 paoiiloe
1246 2007 1409 2096 reeipitnr,
1437 2015 1438 2034 ¹

279 2105 593 2192 Mediolanensibus
612 2111 645 2174 et
661 2103 845 2176 fautoribus
871 2121 986 2174 eorum
1004 2122 1047 2185 en
1063 2105 1196 2191 integro
1213 2103 1409 2176 reconsilia-

279 2210 362 2294 tur,
368 2210 410 2274 et
435 2210 607 2294 assumpta
629 2205 771 2276 maxima
793 2201 1002 2276 multitudino
1029 2203 1165 2275 militum
1189 2210 1254 2274 tam
1274 2203 1318 2274 de
1337 2204 1408 2274 Me-

281 2258 416 2400 diolano
439 2321 537 2391 quam
561 2302 603 2372 de
628 2303 702 2374 aliis
728 2302 917 2374 civitatibus
934 2300 1071 2374 Romam
1087 2303 1189 2374 venit
1215 2301 1322 2384 Quem
1341 2301 1408 2373 llo-

280 2395 368 2470 mani
394 2402 470 2492 plns
495 2404 611 2473 timore
638 2421 737 2491 quam
763 2419 875 2474 amore
893 2419 968 2472 oum
985 2419 1108 2490 magna
1125 2401 1234 2488 gloria
1252 2409 1288 2472 et
1305 2405 1407 2492 tripu·

280 2499 336 2570 dio
353 2501 500 2591 paoiiioe
530 2507 773 2594 suseepernnt‚
797 2507 832 2572 et
855 2502 889 2570 in
914 2499 1004 2572 iesto
1030 2507 1146 2572 saneto
1169 2499 1296 2572 Ceoiiio
1316 2499 1405 2592 [nov.

280 2597 346 2692 22]
360 2601 437 2670 -boo
462 2607 515 2670 est
532 2599 697 2696 doninica
714 2619 780 2689 qua
797 2605 978 2670 oautator:
988 2599 1078 2672 omo
1092 2599 1254 2670 Dominus
1269 2618 1331 2688 epo
1352 2619 1403 2668 co-

277 2701 362 2786 pito
375 2701 589 2788 copulationes
614 2703 731 2787 puolo,
755 2703 790 2770 in
813 2699 961 2770 eoelesia
987 2700 1095 2772 saneti
1118 2699 1205 2768 Petri
1229 2719 1249 2770 a
1275 2700 1403 2770 domino

278 2797 462 2882 Honorio
446 2819 499 2874 nn
511 2801 743 2914 imperatorem
769 2804 822 2868 est
846 2804 1063 2870 oonseoratus
1089 2815 1163 2878 enm
1184 2815 1248 2870 sua
1265 2801 1402 2886 ooniugo

278 2885 487 2985 Marsgnretn¹
507 2901 652 2968 nomine.
669 2897 737 2968 Et
727 2916 803 2988 rpsa
821 2896 876 2968 die
894 2897 995 2968 multa
1012 2915 1149 2968 munera
1166 2915 1328 2985 equorum
1341 2898 1436 3000 iere

279 2996 322 3064 ad
340 2996 407 3067 duo
425 2999 526 3066 millia
550 2998 593 3067 de
617 2995 739 3088 Apulia
763 3003 796 3068 et
813 2996 856 3066 do
874 2995 1038 3068 Sieiliat
1003 3001 1038 3066 et
1055 2995 1097 3070 do
1115 2995 1269 3068 Calabria
1287 3005 1320 3067 et
1336 2955 1436 3066 aliis

278 3097 374 3163 terris
401 3097 432 3164 ei
457 3097 617 3166 subieotis
644 3103 723 3167 sunt
747 3097 867 3186 missa,
894 3094 1081 3184 dequibus
1107 3094 1227 3166 eodem
1255 3096 1310 3166 die
1333 3098 1400 3186 plus

279 3211 378 3282 quam
395 3196 722 3266 sexoentadonavit
746 3196 788 3266 Et
805 3196 1008 3284 quingentos
1027 3194 1146 3266 milites
1165 3197 1221 3282 qui
1240 3211 1324 3266 eum
1331 3211 1400 3284 pr-e

278 3293 472 3364 oederent
462 3312 498 3362 m
524 3295 676 3364 orientali
694 3296 838 3382 negoeio
857 3293 1040 3384 ordinavit,
1059 3299 1093 3364 et
1110 3299 1177 3362 tam
1194 3296 1295 3364 armis
1313 3312 1435 3382 quam

278 3393 465 3482 sumptibus
492 3400 525 3462 et
550 3395 712 3464 naviculis
737 3395 799 3464 iter
817 3410 930 3464 eorum
946 3393 980 3462 in
998 3393 1115 3463 martio
1132 3395 1315 3462 aoeelerari
1331 3411 1398 3482 pre-

277 3494 389 3581 oepit
389 3493 525 3562 Postea
550 3493 653 3564 tribus
681 3493 799 3562 diebus
823 3491 927 3562 Rome
954 3493 1092 3583 mansit,
1120 3493 1231 3562 etsie
1258 3492 1398 3582 Apuliam

275 3591 417 3660 intravit.
435 3641 468 3662 ..

350 3689 600 3760 Annordomini
617 3691 822 3760 m.oo.xx.iiii.
847 3689 989 3763 domnus
1008 3692 1183 3764 Conradus
1209 3691 1296 3762 Alius
1313 3688 1396 3760 dnois
1433 3769 1434 3772 Ἴ

277 3786 319 3854 de
330 3787 513 3880 colenges,
529 3789 697 3879 quondam
715 3791 823 3859 sanati
834 3789 1001 3862 Lamberti
1018 3794 1214 3882 eanonicus,
1233 3797 1313 3882 post
1321 3786 1394 3856 Wil-
1433 3777 1434 3804 ¹

275 3885 427 3956 lariensis
446 3888 568 3980 abbas,
595 3888 695 3960 modo
721 3888 898 3960 cardinalis
917 3893 1097 3982 episeopus
1116 3892 1253 3978 legatus
1270 3892 1304 3961 in
1319 3886 1392 3958 Alo·

276 3988 429 4076 mannia)
442 3986 611 4056 Leodinm
628 3989 769 4058 veniens
787 3988 1149 4060 Vallem-benedictam
1168 3990 1310 4060 dedioat.
1433 3999 1434 4025 ¹

349 4082 448 4156 Anno
477 4085 604 4156 domini
626 4105 806 4156 moenam.
827 4139 859 4156 ..
884 4107 1000 4158 menso
1024 4089 1197 4159 novembri
1221 4086 1389 4160 Friderions

276 4199 396 4251 oomes.
416 4183 463 4252 de
489 4183 695 4276 Hiseborge‚
721 4203 827 4272 gener
849 4185 1028 4258 Galernnni
1051 4188 1148 4258 drrois
1173 4187 1216 4258 do
1234 4182 1390 4268 bombum,

312 4292 340 4356 l)
358 4289 515 4348 Constantia
532 4292 611 4348 sollte
628 4309 658 4348 es
676 4293 790 4353 beissen.
