2886 4834
406 237 533 284 auumns
557 237 782 286 ιοιιιιιιιιιιιειε4
1115 209 1162 278 43

10 371 12 416 ³
55 385 119 447 rent.
144 377 325 466 Capitulum
344 376 501 464 generale
532 375 664 444 fratrum
692 376 934 446 Predicatorum
959 376 1161 446 celebratum
1182 386 1249 440 aaut

10 525 11 544 2
54 479 167 546 l'olose.
193 475 264 546 Rex
282 473 438 544 ilbertus
457 493 530 544 cum
557 494 639 563 rege
656 475 816 544 Bobcmie
842 494 903 564 pro
923 493 1029 563 regno
1048 476 1166 562 Uaga-

54 579 89 644 rlc
102 575 248 662 litigabat
273 574 427 644 sedeam
452 573 611 644 inuadere
636 593 705 643 non
730 574 885 644 audebat.
919 573 989 644 Rex
1006 574 1166 643 Bobemie

10 761 11 764 ¹
54 677 208 762 sexaginta
232 675 333 742 millia
358 674 532 743 bullenum
557 669 752 742 bominum¹
778 673 940 764 babebat,
966 673 999 742 id
1019 680 1072 742 est
1090 692 1167 742 ser-

10 777 11 780 ’
55 792 151 842 rorum
169 775 225 861 qui
244 781 361 842 terram
380 774 415 842 in
431 773 584 842 conliniis
599 791 640 842 aa
657 773 800 842 humeris
818 791 931 842 aurum
948 780 983 842 et
994 779 1167 860 argentum

10 873 12 908 ³
54 873 86 941 de
98 873 239 940 latibulis
255 872 484 962 exportabant.
502 873 692 962 Episcopus
702 872 913 942 Coloniensis
927 872 1017 941 obiit.
1034 872 1167 941 Domini

10 977 12 1006 ³
53 971 239 1061 deGlrsperc
256 977 399 1041 castrum
417 991 514 1042 suum
531 969 939 1061 episeoporlrgentinensi
954 970 1166 1040 tradiderunt.

54 1073 164 1139 Domini
184 1071 226 1140 de
244 1070 401 1142 Hadistat
419 1078 562 1140 castrum
582 1071 772 1140 llerinlrelm
792 1069 1014 1160 obsederunt,
1040 1077 1073 1138 et
1096 1072 1167 1158 igni

53 1170 143 1238 uillam
160 1171 347 1240 voluntarie
366 1169 579 1240 tradiderunt.
615 1169 703 1259 Papa
721 1167 922 1238 Benedictus
945 1175 1023 1258 past
1040 1169 1166 1258 pasoba
1265 1175 1268 1181 “

53 1270 85 1336 de
99 1269 195 1338 lloma
215 1288 254 1338 se
273 1269 315 1339 ad
335 1271 499 1338 civitatem
519 1269 675 1337 Perusius
696 1269 925 1337 transferebat.
944 1267 1104 1338 Dominus
1123 1268 1165 1337 dc

51 1369 139 1438 Domo
158 1423 272 1437 .....
300 1376 333 1436 et
357 1368 480 1438 domini
500 1368 542 1436 de
560 1367 715 1437 Hadistat
741 1368 898 1436 militibus
917 1368 959 1436 de
977 1367 1167 1454 Lobigasse

53 1483 115 1535 suas
131 1471 372 1556 possessiones
393 1486 467 1536 aum
485 1467 634 1556 petentia
652 1467 896 1536 destruxerunt.
923 1467 1025 1535 lidem
1044 1467 1168 1536 domini

53 1571 174 1634 eastmm
192 1567 391 1654 Haginecbe
409 1575 511 1636 noctu
531 1585 605 1634 cum
623 1567 724 1636 scalis
743 1567 957 1636 obtinuerunt
974 1573 1007 1635 ct
1024 1567 1169 1636 totaliter

54 1666 289 1736 succenderunt.
337 1665 407 1734 Rex
437 1663 595 1735 Albertus
619 1668 712 1734 venit
742 1667 775 1734 in
808 1665 1048 1735 Columbariam
1079 1668 1168 1736 circa

54 1763 150 1833 testum
171 1765 235 1832 Viti
255 1773 289 1834 et
303 1763 451 1834 Modesti
471 1763 558 1856 [luni
575 1762 638 1856 15]
655 1775 688 1832 et
701 1766 743 1833 ab
758 1767 807 1834 eis
820 1767 915 1854 petiit
932 1783 1060 1834 marcas
1079 1784 1167 1854 rpra-

54 1863 238 1950 lringentas.
266 1864 489 1934 Flandrenses
508 1865 675 1934 dominum
700 1864 742 1933 dc
760 1863 949 1951 Henigowe
974 1871 1007 1934 et
1030 1868 1166 1954 episco-

52 1981 112 2048 pum
128 1963 374 2032 Traiecteuscm
403 1965 537 2054 cepisse
554 1963 683 2052 plurimi
703 1963 894 2032 retulerunt.
933 1961 1089 2032 Albertus
1109 1981 1168 2032 rex

52 2060 253 2132 llomanorum
279 2063 449 2132 mandavit
472 2063 630 2132 militibus
656 2061 784 2131 Alsatle
809 2070 846 2130 ut
871 2064 905 2130 in
925 2061 1166 2130 Columbariam

52 2163 181 2230 uenirent
205 2170 240 2231 et
259 2179 333 2232 cum
356 2170 434 2252 post
452 2163 572 2231 sestam
592 2163 658 2230 Viti
684 2164 717 2230 in
742 2164 840 2230 armis
867 2161 1013 2250 expedio·
1037 2179 1167 2249 seque-

52 2269 150 2328 rentur.
183 2263 359 2331 Dominum
380 2262 602 2330 venerabilem
621 2263 814 2350 episcopum
834 2261 1054 2330 basiliensem
1079 2261 1168 2348 capit

53 2377 144 2428 comes
160 2361 385 2430 Muntlslcrtis
400 2379 535 2429 oausam
551 2361 779 2429 rationabilem
794 2379 861 2429 non
881 2359 1018 2428 babens.
1034 2359 1167 2426 Domini

11 2483 13 2542 3
52 2457 1167 2548 dedirsperccastrumsuumGirspercdominoHeinrieodeRapolt-

12 2639 13 2647 1
51 2559 119 2624 stein
127 2558 338 2649 tradiderunt,
347 2560 404 2626 tali
414 2557 607 2628 conditione
623 2565 792 2647 seupacto
808 2560 1064 2648 utaiscastrum‚
1077 2557 1167 2644 quod

52 2651 148 2724 dicitur
165 2658 224 2727 der
243 2658 337 2726 Stein
357 2676 418 2726 seu
436 2659 555 2748 Lapis,
587 2658 732 2726 insuam
751 2663 952 2746 potestatem
971 2657 1117 2726 traderet
1135 2665 1168 2726 et

52 2771 148 2825 omnes
173 2775 227 2826 res
248 2765 281 2826 et
306 2757 455 2826 redditus
480 2760 514 2826 in
536 2757 620 2825 alios
644 2756 792 2825 redditus
816 2763 1058 2825 transmutaret.
1096 2755 1167 2824 llcx

11 2875 12 2904 ι
52 2851 168 2924 lrancie
183 2875 257 2925 cum
271 2855 532 2926 Flandrensibus
551 2855 636 2924 duas
654 2875 786 2945 pugnas
804 2858 978 2945 commisit,
993 2858 1028 2923 in
1047 2855 1166 2943 quibus

55 2949 158 3022 delenit
180 2963 212 3024 et
231 2955 345 3072 lugam
364 2958 455 3045 iniit,
482 2962 516 3024 ot
533 2962 583 3024 tot
600 2955 751 3025 homines
774 2954 918 3070 perdidit
936 2955 1026 3044 quod
1044 2956 1078 3022 in
1097 2962 1166 3023 tota

11 3047 170 3122 lrancia
191 3057 290 3143 pauci
313 3057 373 3124 virr
366 3056 541 3124 ualentes
554 3057 735 3144 poterant
725 3056 882 3142 mrenlri;
900 3057 1083 3142 quingente
1095 3073 1167 3122 mu-

11 3147 1166 3242 llerasiavenoutaviduaboranragelranaiemaurassuasllabam,

10 3229 13 3390 1
54 3258 191 3334 rogantes
206 3269 250 3321 ne
268 3269 341 3320 oum
359 3251 620 3325 Flandreasibus
636 3253 787 3342 amplius
795 3253 974 3322 dimicaret.
1005 3253 1166 3321 Dominus

10 3391 12 3470 1
55 3343 189 3418 altbertus
208 3369 268 3420 rex
281 3351 502 3421 Romanorum
515 3351 706 3421 Bobemiam
726 3369 798 3420 cum
813 3355 954 3422 maxima
969 3359 1166 3419 armatorum

10 3471 13 3600 Ι
55 3446 239 3518 multitudine
256 3458 412 3539 potenter
429 3452 571 3540 intravit,
594 3450 636 3519 ad
659 3459 790 3519 montes
805 3454 875 3518 auri
893 3458 926 3518 et
941 3451 1071 3537 argenti
1089 3467 1166 3538 per

54 3548 140 3637 uenit,
163 3557 195 3618 et
217 3549 297 3618 inde
311 3549 504 3666 imperfecto
523 3552 662 3636 negotio
680 3550 722 3618 ad
747 3553 878 3639 propria
898 3550 1067 3617 remeavit.
1098 3547 1167 3616 llex

54 3659 118 3714 uero
132 3599 290 3718 'Bobemie
304 3643 396 3720 ιιιιιιι2
413 3649 528 3719 maiorr
521 3649 750 3718 multitudine
764 3649 985 3718 armatorum·
975 3665 1009 3715 m
1023 3649 1168 3717 ciuitati-

10 3815 11 3840 }
56 3739 104 3810 bus
120 3750 245 3838 mansit,
264 3757 298 3818 et
319 3767 392 3817 oum
410 3767 492 3836 rege
509 3747 729 3817 Romanorum
748 3746 909 3835 congredi
927 3765 995 3815 non
1015 3745 1168 3817 audebat.

10 3841 12 3926 l
114 3843 257 3916 Macer.
298 3847 414 3916 llicms
440 3847 496 3916 diu
523 3847 654 3916 duravit
671 3853 708 3916 ut
732 3853 877 3916 stramen
897 3846 1016 3916 ovibus
1043 3854 1076 3916 ot
1094 3847 1168 3914 allis

57 3945 212 4022 pecoribus
233 3947 474 4016 comedendum
499 3947 700 4035 preberetur.
734 3946 869 4016 libanus
888 3963 994 4016 naues
1013 3953 1168 4016 oneratas

10 4059 11 4098 ι
58 4053 103 4122 pre
124 4045 217 4114 nimia
246 4047 407 4135 paruitate
434 4053 568 4134 portare
587 4063 655 4114 nen
673 4045 817 4114 valebat.
859 4045 929 4116 llex
947 4045 1168 4116 Romanorum

59 4141 185 4212 comitem
205 4144 247 4213 de
266 4143 474 4232 wirttnbarg
491 4143 610 4214 dicitur
627 4144 816 4214 obsedisse.

86 4250 110 4314 l)
124 4248 307 4308 birttrnleatel
345 4257 376 4322 2)
396 4269 455 4309 curn
476 4253 545 4309 haba
564 4253 606 4308 irb
625 4253 829 4323 eingeschnllet.

498 4365 699 4378 1----—-—-
