2890 4832
357 257 491 305 cnrsnnu
512 257 582 304 rrrn
603 257 627 304 s
648 255 834 304 sternamur.
1092 229 1161 300 317

40 402 178 484 nutaret,
211 398 364 484 oogitans
397 397 528 465 beatum
554 396 659 464 vimm
686 413 706 464 a
738 396 937 465 nocentibus
968 398 1164 468 innocenter

41 497 176 563 oooisum
186 548 196 586 ‚
216 496 384 565 lrraohium
402 499 474 564 eius
493 494 617 564 nudum
634 495 724 564 nuda
749 513 848 564 manu
867 497 993 586 tetigit,
1013 503 1047 565 et
1062 497 1163 586 plena

40 593 96 662 ddo
121 594 263 664 eundern
290 595 559 664 benedictionem
588 593 631 661 ad
661 612 737 662 orus
770 594 895 663 nudum
925 597 1163 686 transmittens,

39 693 167 778 gradum
191 695 289 783 pedis
313 695 499 763 vacillantis
524 692 701 762 roboravit.
735 693 818 762 Nam
843 695 929 763 sicut
946 695 988 762 ab
1007 696 1080 763 eius
1104 713 1162 765 ore

39 811 133 881 nuper
150 793 264 862 audivi
295 796 368 884 ipsa
387 795 468 862 liora
484 795 573 881 oepit
585 793 694 860 lenius
713 791 837 861 habere
857 800 891 861 et
905 793 1068 880 gradatim
1081 813 1163 884 pro-

39 892 135 959 treere.
161 892 293 961 Deinde
312 912 386 962 oum
400 893 540 962 vocibus
559 891 780 978 laohrymosis
799 909 921 981 eorpus
937 895 970 960 in
985 895 1162 962 oratorium

38 991 151 1059 illatum
175 999 247 1082 est,
271 999 304 1061 et
320 992 436 1061 eadem
454 999 555 1061 noete
573 990 771 1078 quibusdam
786 990 939 1060 iratribus
957 993 1092 1060 miridoa
1107 995 1163 1061 vi·-

38 1093 142 1158 siones
173 1089 218 1158 de
243 1093 351 1178 gloria
377 1093 528 1178 martyris
557 1092 590 1157 in
617 1092 744 1158 somnis
769 1090 880 1159 oblate
913 1097 999 1158 sunt.
1041 1092 1163 1160 Postea

38 1207 148 1275 magno
165 1189 279 1260 studio
298 1207 421 1280 eorpus
441 1192 513 1259 eius
535 1191 569 1258 in
590 1189 735 1258 cenobio
758 1189 861 1257 lotum
883 1195 917 1257 et
939 1192 1161 1258 evisceratum

38 1294 96 1377 est,
114 1289 318 1378 myrrhaque
337 1296 370 1358 ot
387 1291 459 1358 sale
482 1289 659 1379 eonditum,
677 1295 711 1356 et
727 1288 877 1357 vestibus
895 1289 1161 1358 sacerdotalibus

39 1386 184 1478 decenter
204 1388 367 1458 indutum.
402 1389 580 1458 Numerata
604 1394 669 1456 tum
693 1393 771 1455 sunt
795 1389 829 1456 in
849 1390 1002 1476 martyris
1020 1407 1161 1478 corpore

37 1483 249 1574 quadraginta
276 1494 402 1577 septem
429 1489 581 1578 vulnera,
605 1488 756 1576 exeeptis
779 1489 891 1574 parvis
913 1488 1161 1579 punotionibus,

38 1604 90 1653 neo
110 1585 174 1655 hoo
198 1588 272 1654 sine
288 1592 505 1656 suoramento.
532 1587 613 1656 Nam
633 1585 919 1673 quadragenarius
935 1604 1092 1655 numerus
1110 1595 1163 1657 est

37 1687 220 1775 penitentie,
236 1689 448 1776 septenarius
469 1704 548 1755 vero
567 1685 747 1775 spiritualis
762 1686 878 1771 gratie.
904 1684 1045 1774 Aooepit
1062 1688 1163 1772 igitur

39 1783 144 1852 Christi
161 1789 289 1873 martyr
307 1785 528 1874 quadraginta
552 1791 680 1874 septem
700 1785 855 1874 vulnera,
881 1790 918 1851 ut
931 1785 972 1852 iis
989 1785 1161 1872 signilloa-

37 1889 113 1950 retur
129 1902 192 1972 per
211 1885 322 1953 cordis
336 1883 563 1974 penitudinem
581 1891 614 1952 et
628 1885 695 1952 oris
715 1882 964 1951 contessionem
985 1886 1160 1973 aooepisse

38 1999 100 2049 enm
122 1983 351 2072 septilormem
374 1983 513 2071 gratiam
538 1983 672 2072 spiritus
700 1983 826 2070 saneti,
852 1983 946 2050 ouius
972 1981 1063 2051 dono
1082 2001 1160 2072 per-

37 2079 143 2150 duotus
163 2089 219 2151 est
238 2083 281 2150 ad
304 2084 449 2171 martyrii
471 2084 619 2169 gloriam.
652 2081 740 2149 Nulli
757 2079 892 2149 dubium
914 2087 967 2148 est
984 2084 1063 2169 quin
1081 2101 1162 2151 vera

37 2183 179 2249 oontritio
199 2189 234 2250 et
248 2201 331 2250 vera
348 2181 520 2250 eoniessio
540 2181 651 2250 deleat
665 2187 804 2270 poooata
827 2180 938 2267 quoad
955 2181 1083 2269 eulpam
1094 2235 1103 2271 ,
1128 2189 1162 2250 et

38 2279 215 2350 satislaotio
243 2282 387 2350 exterior
406 2299 546 2370 penam,
569 2282 615 2348 ita
639 2288 748 2348 tamen
774 2280 802 2346 si
828 2280 980 2348 oontritio
997 2282 1040 2348 sit
1065 2280 1162 2348 sulli-

38 2379 127 2447 oians.
163 2378 239 2462 Quo
264 2397 344 2450 vero
367 2379 550 2449 satisfactio
578 2379 711 2466 dignior
733 2384 766 2446 et
791 2377 952 2447 efficatior
977 2381 1161 2468 martyrio?

37 2475 121 2544 Nulla
134 2497 288 2568 prorsus.
312 2479 388 2548 Duo
407 2485 485 2548 sunt
497 2497 556 2567 por
572 2495 636 2567 que
654 2477 753 2566 plena
773 2477 808 2545 lrt
817 2479 980 2567 remissio,
995 2478 1161 2548 mediante

39 2579 247 2667 contritione,
271 2579 304 2646 in
319 2578 461 2647 adultis:
492 2578 676 2666 baptismus
700 2593 786 2664 aque
812 2584 845 2645 et
868 2576 1051 2665 baptismus
1076 2595 1161 2646 san-

37 2677 145 2759 guinis,
170 2677 323 2764 Utroque
340 2677 503 2746 satisfecit
519 2676 584 2745 deo
602 2677 721 2744 beatus
739 2675 972 2762 Engelbertus.
998 2673 1162 2764 Quicquid

38 2776 111 2842 eninr
129 2776 332 2846 macularum
352 2784 432 2866 post
449 2777 587 2866 primurn
605 2776 781 2862 contraxit,
809 2774 960 2844 seeundo
984 2779 1020 2842 ut
1043 2793 1161 2864 spera·

38 2890 99 2941 nus
119 2881 226 2943 toturn
245 2874 353 2944 diluit.
386 2876 423 2944 ln
447 2874 599 2943 omnibus
618 2873 780 2962 siquidem
807 2874 960 2942 membris
977 2874 1010 2940 in
1039 2874 1159 2961 quihus

38 2980 230 3056 peooaverat
246 2976 380 3061 punitus
403 2982 464 3043 est.
498 2973 535 3042 ln
555 2975 663 3062 eapite
682 2973 814 3062 quidem
836 2973 1056 3060 multiplieiter
1074 2975 1161 3041 siout

40 3079 165 3158 apparet
180 3074 215 3140 in
239 3074 312 3140 eius
329 3073 435 3162 pileo,
459 3073 589 3140 soilioet
605 3073 639 3140 in
657 3073 780 3140 vertioe
796 3073 829 3139 in
847 3072 953 3140 lronte
967 3073 1001 3139 in
1019 3073 1159 3161 oooipite

38 3169 65 3235 in
82 3171 285 3260 temporibus
301 3171 396 3240 labiis
415 3180 449 3240 et
467 3171 634 3261 dentibus,
656 3170 757 3258 idque
773 3177 838 3238 tam
856 3172 1001 3257 graviter
1016 3178 1053 3239 ut
1067 3173 1161 3240 rivuli

42 3272 209 3354 sanguinis
241 3270 443 3339 inundantes
470 3279 502 3338 et
527 3269 740 3338 decurrentes
766 3269 879 3338 lossas
905 3271 1076 3339 oculorum
1098 3289 1160 3338 au-

40 3366 109 3434 rium
126 3369 253 3437 narium
271 3375 304 3437 et
322 3371 388 3438 oris
406 3369 590 3458 implerent.
616 3369 652 3436 ln
671 3373 802 3455 gutture
821 3370 918 3436 etiarn
937 3369 1072 3456 punitus
1096 3375 1159 3458 est,

40 3463 172 3554 itemque
190 3469 223 3535 in
239 3468 326 3537 oollo
347 3469 491 3538 humeris
516 3467 618 3537 dorso
638 3474 774 3557 pectore
799 3467 899 3536 eorde
923 3473 1037 3534 ventre
1064 3467 1158 3535 noxis

41 3566 176 3635 eruribus
205 3567 420 3658 etpedibus,
449 3574 481 3636 ut
507 3583 699 3653 eognosoas
723 3566 847 3655 leotor,
881 3566 969 3653 quali
993 3565 1158 3654 baptismo

41 3658 177 3733 Christus
198 3665 232 3733 in
250 3673 390 3802 martyre
414 3683 476 3735 suo
500 3665 626 3735 diluere
647 3665 804 3753 dignatus
824 3666 868 3733 sit
886 3663 1044 3753 quioquid
1062 3664 1159 3754 oulpe

39 3769 247 3833 contraxerat.

70 3922 97 3986 l)
114 3941 147 3976 zu
165 3923 268 3978 diesem
286 3923 383 3996 eupitel
400 3924 497 3994 gelidat
523 3923 594 3980 noolr
612 3923 738 3994 folgende
757 3923 802 3978 boi
821 3922 918 3978 Sarius
935 3920 1079 3990 selrlendo,
1105 3940 1159 3978 von

42 3987 159 4045 Gelenius
177 3991 241 4044 alter
258 4008 307 4047 aus
324 3993 400 4046 einer
417 3993 458 4046 lrs.
478 3991 656 4062 nachgolrolte
674 3991 767 4047 stelle:
785 3991 859 4048 Siout
878 3993 953 4046 testis
972 3999 1014 4046 est
1033 3991 1160 4060 magister

41 4052 165 4112 lohannes
182 4059 264 4114 abbas
281 4061 366 4115 saneti
384 4060 533 4126 Trudonis,
561 4070 735 4134 proposuerat
759 4069 821 4116 ante
839 4069 952 4114 mortem
972 4076 1047 4114 suern
1066 4060 1160 4114 beatus

42 4135 132 4194 martyr
149 4130 308 4182 renunciare
326 4130 440 4196 negotiis
459 4132 550 4198 regni,
575 4139 601 4184 et
625 4147 673 4201 pro
709 4131 807 4183 eceatis
831 4131 886 4183 suis
905 4145 984 4182 eruce
1003 4129 1101 4198 signari
1119 4135 1160 4181 at-

43 4205 88 4258 que
103 4195 278 4264 personaliter
292 4197 473 4252 transfretare.
503 4198 571 4251 Nam
589 4198 661 4250 eirca
678 4147 746 4251 tflnd
765 4207 939 4269 tempusque
957 4199 985 4250 in
1004 4199 1159 4268 episcopum

44 4257 135 4318 electus
150 4272 192 4318 est
208 4265 328 4335 signatus
345 4264 448 4333 fuerat,
472 4265 520 4322 sod
545 4273 656 4338 propter
673 4267 863 4322 neeessitatem
881 4281 1051 4321 communem
1068 4263 1159 4319 deten-
