2884 4834
431 180 562 228 aurnuns
583 181 824 232 wonuurmusrs.
1121 160 1189 247 1183

57 334 230 404 expensas
248 324 282 388 et
297 317 431 388 labores
448 321 610 390 maximos
629 321 878 413 sustinuissent,
895 322 957 392 has
972 326 1071 392 etiam
1084 329 1189 394 susti·
1208 339 1275 394 tam

8 467 9 472 ,
59 433 134 483 nere
152 435 226 485 uon
244 419 461 508 recusabant,
481 424 514 486 et
530 437 608 488 mox
626 437 698 488 oum
716 421 859 490 navibus
878 424 948 490 suis
966 421 1096 492 helliois
1113 443 1193 513 pre·

57 517 182 602 paratis
209 523 245 584 et
267 523 399 585 eentum
423 519 555 586 armatis
581 523 615 586 et
639 520 821 604 sagittariis
839 520 1101 613 descenderunt,
1119 523 1191 591 Ru-

8 655 9 682 2
59 613 257 684 deuesheim
281 619 527 704 pervenientes.
552 617 594 686 llt
615 616 737 685 ibidem
762 618 872 687 multis
890 621 1060 690 laboribus
1080 628 1113 690 et
1130 641 1192 692 ex-

8 743 9 752 *
57 715 174 801 pensis
194 717 381 783 existentes
398 715 501 783 tribus
528 717 722 804 septimanis
740 716 782 785 ad
801 719 1044 788 estimationem
1062 719 1191 790 dueen-

8 803 9 878 }
56 820 159 880 tarum
176 831 370 904 maroamm,
380 819 501 902 postea
512 816 638 884 reversi
652 821 730 884 sunt
743 834 817 884 eum
831 817 965 886 domiuo
983 837 1072 906 rege.
1090 818 1191 888 Com-

8 899 10 928 '
56 911 142 978 misit
161 914 263 980 etiam
282 912 435 980 dominus
452 932 512 982 rex
530 913 707 982 Castellam
725 913 859 984 dondno
877 916 1005 986 Wirieo
1024 917 1066 986 de
1080 917 1189 1010 Dune,

8 1011 9 1020 ’
55 1011 107 1097 qui
124 1029 289 1098 magnum
307 1012 464 1080 telonium
481 1012 528 1080 ibi
545 1012 900 1099 abloguutinensibus
916 1015 1190 1086 etWormaeien-

8 1155 9 1184 r
56 1107 149 1178 sihu's
171 1119 204 1178 et
223 1112 296 1180 aliis
315 1112 505 1180 eivitatibus
525 1113 753 1199 extorquebat.

8 1231 9 1288 i
125 1208 190 1277 His
218 1211 324 1278 eoiam
350 1211 553 1299 temporibus
578 1213 672 1299 passi
698 1217 776 1280 sunt
793 1210 1064 1281 Wormaeienses
1088 1213 1190 1283 multa

8 1313 9 1328 *
55 1305 176 1397 dampa
193 1327 318 1396 magna
333 1315 367 1378 et
379 1311 628 1378 innumerabilia
641 1328 661 1377 a
676 1309 810 1379 domino
822 1311 1075 1396 hloguntinensi
1093 1315 1188 1402 epis-

8 1439 10 1492 }
54 1423 140 1495 eope
161 1413 195 1476 et
220 1409 291 1476 suis
318 1407 519 1501 fautoribus,
547 1409 694 1478 similiter
717 1408 889 1478 adomino
909 1407 1063 1479 Cunrado
1082 1410 1187 1481 Colo-

8 1503 10 1602 ζ
55 1507 163 1574 niensi
181 1507 436 1597 arehiepisoopo
455 1514 489 1576 et
502 1509 636 1578 domino
655 1508 697 1578 de
711 1508 887 1598 isenburg,
906 1510 962 1596 qui
980 1511 1071 1578 cives
1084 1511 1188 1578 Wor·

56 1607 245 1676 maoienses
284 1606 550 1696 depredaverunt
583 1605 627 1675 ad
659 1609 901 1677 estimationem
932 1611 1187 1696 quingentarum

8 1741 9 1780 r
55 1723 245 1774 marearum.
278 1703 309 1776 A
331 1705 489 1774 fidelitate
513 1713 624 1776 tamen
651 1725 714 1776 sua
739 1725 907 1796 nunquam
926 1705 1186 1778 declinaverunt

58 1803 205 1873 Tandem
230 1806 342 1894 itaque
359 1806 393 1874 in
411 1807 464 1874 bis
489 1807 590 1896 positi
608 1807 771 1893 angustiis
788 1806 976 1894 posoebant
992 1808 1186 1876 auxiliuma

8 1951 9 1954 ,
57 1901 190 1972 domino
216 1923 315 1994 rege,
339 1904 516 1995 perquod
540 1911 606 1974 tam
631 1903 785 1974 dominus
804 1907 984 1994 episeopus
1003 1923 1102 1994 quam
1119 1907 1185 1994 ipsi

8 2077 9 2080 Ἴ
55 2019 89 2069 se
117 2011 150 2072 et
174 2021 238 2072 sua
264 2009 334 2073 tuta
357 2012 501 2093 possent
524 2021 735 2074 conservare.
761 2000 814 2072 Ad
837 2003 928 2092 quod
954 2003 1108 2072 dominus
1126 2023 1184 2074 rex

56 2103 164 2170 statim
189 2104 388 2192 inelinatus,
414 2105 548 2172 mittens
571 2103 621 2171 eis
647 2103 879 2191 auxiliatores,
897 2101 1055 2172 videlieet
1072 2102 1185 2171 domi-

55 2219 130 2268 num
146 2201 333 2290 Philippum
349 2203 392 2271 de
409 2201 596 2272 Hobeuiels
614 2207 648 2270 et
665 2201 832 2271 dominum
850 2201 1035 2290 Philippum
1048 2201 1090 2270 de
1104 2202 1184 2270 Fal-

57 2298 211 2370 heusteiu
220 2353 231 2392 ,
250 2318 336 2388 quos
353 2303 428 2390 ipse
444 2303 579 2392 propria
597 2319 661 2369 sua
677 2301 821 2390 peeunia
839 2302 1058 2390 conquisivit,
1078 2307 1112 2370 et
1129 2302 1183 2369 in-

54 2399 158 2467 iunxit
173 2401 257 2488 ipsis
275 2405 312 2468 ut
327 2420 387 2489 per
405 2420 526 2470 annum
543 2418 617 2468 eum
635 2418 746 2468 eorum
765 2399 932 2468 familiam
947 2399 1183 2468 eivitatiWor-

8 2533 9 2538 =
55 2499 213 2566 maoiensi
237 2505 484 2591 permanerent,
506 2501 660 2568 iuvantes
680 2505 715 2568 et
739 2505 890 2566 astantes
909 2499 1037 2566 nivibus
1057 2517 1183 2567 omnes.

8 2669 9 2676 χ
54 2595 347 2684 intraveruntergo
357 2599 523 2668 divitatem
534 2598 613 2668 dieti
622 2597 883 2666 dominiuobiles
893 2597 1183 2665 annomeoxliiii.

8 2745 9 2782 ,
55 2695 88 2761 in
103 2695 156 2764 die
180 2697 288 2764 saneti
309 2697 436 2768 Mathai
456 2697 601 2786 apostoli
625 2702 659 2766 et
681 2697 890 2783 evangeliste
912 2691 1015 2784 [sept.
1038 2692 1115 2786 21].
1141 2696 1183 2764 Et

56 2795 127 2881 ipsa
144 2794 198 2863 die
215 2797 405 2865 iuraverunt
432 2796 566 2866 domino
585 2797 747 2885 episeopo
767 2801 800 2864 et
818 2793 946 2862 eivibus
965 2801 1074 2862 astare
1094 2811 1181 2862 oon·

55 2898 101 2960 tra
118 2893 308 2980 quemhbet.

126 2991 226 3062 hnno
243 2995 434 3063 meemliiii.
450 2995 484 3063 in
502 2992 555 3062 die
574 2993 678 3062 saneti
697 2991 824 3061 Phome
842 2991 988 3080 apostoli
1008 2987 1098 3081 [dee.
1113 2988 1179 3082 21]

59 3088 200 3160 castella
215 3091 348 3180 prodita
365 3095 527 3182 episeopo
545 3091 763 3180 Moguntino,
783 3092 838 3178 qui
856 3089 1097 3159 adversabatur
1114 3088 1181 3158 do-

58 3190 149 3258 minis
166 3191 337 3281 Philippis,
354 3193 397 3260 ab
412 3189 604 3260 Eberhardo
626 3189 667 3260 de
689 3190 869 3278 Eyobenill.
887 3188 1048 3257 Funditus
1062 3207 1182 3257 eversa

58 3295 105 3355 est
120 3289 161 3356 ab
178 3292 351 3380 episeopo.
872 3353 875 3359 .

124 3388 222 3456 Curia
248 3391 334 3458 enim
359 3387 509 3460 Romana
533 3389 567 3456 in
593 3388 716 3476 optimo
735 3391 807 3455 erat
824 3391 911 3454 statu
930 3383 1018 3472 apud
1036 3383 1179 3472 Lugdu-

60 3502 127 3554 num
145 3489 224 3574 quia
242 3487 284 3557 de
301 3487 482 3557 ooneordia
495 3505 617 3574 magna
627 3493 698 3556 erat
707 3485 910 3555 eonhdentia
919 3501 1020 3571 super
1032 3499 1073 3550 eo
1089 3481 1179 3569 quod

60 3581 203 3656 domiuus
221 3605 310 3676 papa
325 3589 558 3676 imperatorem
576 3585 618 3654 ad
632 3590 786 3654 sanetum
802 3581 1178 3652 vooaveratooneilium.

59 3680 275 3754 decesserunt
296 3688 409 3774 itaqua
433 3685 475 3754 ad
501 3703 661 3753 summum
679 3683 868 3772 pontificem
887 3686 964 3749 ante
982 3697 1086 3769 pasoa
1102 3679 1178 3748 bla-

60 3785 208 3865 guntinus
237 3791 271 3854 et
297 3784 510 3853 Coloniensis
536 3782 779 3871 arehiepisoopi
804 3787 837 3850 et
861 3779 961 3848 multa
987 3777 1075 3868 apud
1103 3797 1178 3848 eum
1227 3779 1229 3782 ’

61 3888 164 3954 eontra
187 3882 355 3952 dominum
378 3884 607 3972 imperatorem
631 3881 754 3950 ibidem
771 3883 1001 3948 tractaverunt,
1035 3877 1178 3947 Promit-

60 3985 165 4051 tentes·
184 3983 289 4051 eeiam
313 3982 448 4050 domino
472 3999 559 4070 pape
584 3979 675 4070 quod
699 3980 728 4049 si
746 3979 977 4068 imperatorem
995 3975 1179 4066 deponeret

61 4096 160 4165 regem
177 4087 350 4170 potentem
367 4082 401 4148 in
419 4081 496 4149 loeo
516 4097 578 4150 suo
598 4079 661 4150 sibi
680 4083 713 4148 et
730 4077 874 4148 eoeleste
892 4075 1020 4164 absque
1038 4093 1129 4144 mora
1145 4082 1178 4143 et

60 4177 268 4252 indubitanter
285 4184 527 4269 presentarent.
555 4179 746 4268 Superque
771 4177 861 4245 ouria
878 4175 1013 4244 multum
1032 4193 1177 4260 oongra-
