2878 4834
396 205 534 252 crnsxarr
555 204 618 252 aar.
639 204 702 250 rvr.
725 202 825 252 conor.
1098 173 1164 244 281

49 345 135 432 rupis
153 339 308 432 Adolpbo
326 342 593 413 et'lbeoderioo.
612 340 759 428 Singulis
777 345 886 410 autem
904 340 1078 428 assignate
1093 346 1171 410 sunt

48 449 190 512 treeente
214 460 322 510 maroe
348 460 391 510 ex
416 440 599 510 redditibus
630 440 887 529 episcopalibus.
923 438 987 520 Qui
1012 441 1046 508 in
1070 439 1170 510 domo

46 542 204 627 Bergensi
229 541 326 610 ambo
349 542 468 612 mortui
494 546 572 608 sunt
588 545 688 627 atque
706 539 829 608 ibidem
847 538 977 626 sepulti.
1009 539 1089 608 Erat
1106 538 1171 608 do-

46 641 148 708 ninus
171 629 394 728 Engelbertus
418 641 452 708 in
476 640 638 728 prinoipio
663 639 839 706 electionis
867 654 928 705 sue
945 639 1076 706 iuvenis
1095 639 1171 724 qui-

47 739 114 805 dem
139 757 298 829 eorpore,
325 738 386 808 sed
411 737 558 827 prudens
577 737 743 806 diseretus
761 743 796 804 et
811 737 1043 822 magnanimus
1061 736 1170 826 valde,

46 839 146 923 uagis
173 839 272 906 animi
297 839 349 906 sui
375 839 529 906 virtutem
553 835 651 904 laetis
682 854 780 924 quam
806 835 919 904 verbis
943 834 1172 904 manifestans.

45 935 121 1002 Nam
139 937 338 1006 insolentias
358 937 512 1006 uomitum
528 935 687 1004 nobilium
703 933 960 1002 ministerialium
978 941 1077 1022 atque
1093 934 1172 1002 bur-

45 1035 195 1120 gensium
222 1035 369 1104 diooesis
397 1053 458 1103 sue
475 1037 521 1102 ita
538 1034 713 1122 repressit,
731 1039 767 1102 ut
783 1033 894 1101 nullus
913 1033 944 1100 ei
962 1031 1100 1102 auderet
1117 1050 1172 1100 re-

46 1135 175 1200 sistere.
192 1134 272 1202 Eius
289 1133 454 1202 industria
469 1133 581 1201 nobile
601 1138 745 1201 nastrum
756 1131 891 1199 lurunb
909 1129 1172 1200 eoelesiaColo-

46 1233 167 1300 niensis
197 1233 347 1302 obtinuit.
374 1233 526 1301 Eeelesie
555 1249 615 1300 sue
641 1232 731 1299 bona
749 1229 806 1298 diu
823 1229 981 1298 distraeta
1000 1236 1033 1299 et
1050 1229 1091 1298 ab
1110 1249 1172 1298 an-

45 1331 268 1400 tecessoribus
287 1332 357 1400 suis
375 1330 432 1399 diu
449 1331 605 1418 negleeta
623 1331 696 1419 ipse
714 1330 930 1418 recuperavit,
951 1333 983 1396 et
1000 1328 1065 1397 alia
1078 1329 1174 1418 plura

46 1447 102 1514 que
125 1431 218 1517 prius
245 1448 313 1498 non
337 1430 481 1498 babebat
506 1429 551 1496 illi
579 1429 789 1516 eonquisivit.
816 1428 935 1496 Faetus
954 1434 1064 1496 autem
1082 1429 1172 1515 regis

44 1525 184 1595 Heinriei
204 1530 350 1616 septimi,
378 1529 434 1597 lilii
452 1527 605 1597 Friderioi
622 1527 845 1616 imperatoris,
873 1531 975 1616 tutor,
1002 1531 1068 1594 tarn
1086 1532 1173 1595 stre-

46 1643 104 1692 nue
124 1632 157 1694 et
175 1633 242 1694 tam
260 1627 401 1696 fideliter
419 1628 513 1714 regni
530 1627 669 1713 negotia
685 1643 745 1714 per
759 1631 860 1694 totam
869 1621 1098 1693 Alemanniam
1111 1625 1174 1694 ad-

46 1724 256 1814 ministravit,
282 1731 473 1814 tantamque
500 1743 617 1816 paoem
643 1723 735 1814 ieeit,
764 1730 800 1794 ut
825 1725 933 1810 gloria
950 1730 984 1794 et
1002 1723 1088 1792 lama
1105 1743 1174 1794 no-

46 1824 135 1890 minis
157 1826 229 1892 eius
246 1825 350 1912 longe
367 1825 502 1912 lateque
521 1823 769 1892 dillunderetur.
788 1821 891 1890 Cuius
910 1823 1010 1892 vitam
1029 1829 1063 1890 et
1080 1829 1173 1892 aetus

46 1922 95 2006 qui
111 1921 245 2010 plenius
264 1941 368 1992 nosse
387 1923 573 2014 desiderat,
599 1923 728 2010 relegat
750 1921 895 1990 libellum
920 1939 1017 2008 quem
1038 1921 1173 1990 deeius

46 2022 201 2104 passione
220 2015 508 2112 eonsoripsimus¹.
536 2021 636 2090 Cuius
660 2020 866 2110 proieotibus
886 2025 919 2089 et
940 2021 1084 2088 eoolosie
1102 2022 1171 2088 uti-

46 2116 184 2190 litatibus
211 2120 364 2189 diabolus
391 2119 564 2210 invidens,
584 2121 653 2207 ogit
670 2126 707 2188 ut
723 2138 743 2188 a
761 2125 907 2206 cognato
926 2135 987 2188 suo
1005 2118 1172 2188 Friderico

16 2233 20 2240 ·
48 2220 160 2286 comite
187 2217 229 2287 de
253 2220 419 2306 isenburg
440 2219 602 2290 insidiose
621 2217 839 2288 ooeideretur.
865 2218 906 2288 Et
923 2219 1001 2306 quia
1014 2233 1079 2307 ¹pro
1097 2219 1172 2287 ius-

47 2316 108 2384 titia
135 2323 168 2386 et
199 2317 397 2390 defensione
424 2318 568 2388 eoelesie
601 2317 644 2386 de
669 2315 847 2386 Essenden
873 2317 1044 2406 oooubuit,
1072 2316 1172 2386 bodie

48 2414 150 2484 multis
177 2415 280 2486 elaret
301 2417 475 2486 miraculis.
503 2416 597 2485 Sedit
615 2422 724 2486 autem
743 2415 806 2484 sub
826 2415 993 2486 Friderieo
1018 2413 1173 2486 seeundo

48 2519 77 2578 et
90 2513 157 2583 lrlio
174 2517 246 2584 eius
258 2514 414 2586 Heinrieo
432 2517 574 2604 septimo
592 2517 688 2584 annis
705 2533 826 2584 novem
844 2521 877 2584 et
894 2515 1064 2584 mensibus
1083 2522 1173 2604 ooto,

48 2614 260 2702 sepultusque
277 2615 379 2684 estin
396 2616 540 2684 eoelesia
556 2615 664 2684 saneti
680 2615 766 2684 Petri
781 2615 873 2682 iuxta
887 2614 1173 2703 arehiepiscopum

48 2709 228 2800 Philippum
245 2722 361 2782 eontra
376 2720 503 2802 portam
521 2712 778 2782 meridionalem.

114 2811 228 2878 xlviiii.
256 2812 427 2882 Suuoessit
450 2811 625 2882 Heinrieus
650 2813 841 2900 prepositus
866 2811 1066 2880 Bonnensis.
1104 2809 1173 2878 Iste

50 2909 78 2973 in
94 2909 252 2978 ultionem
275 2913 450 2998 sanguinis
469 2911 671 2980 venerabilis
702 2908 826 2978 domiui
851 2909 1043 2996 [ingelberti
1066 2910 1176 2978 omnia

50 3013 151 3076 eastra
175 3011 303 3078 domitis
317 3009 472 3080 Friderioi
489 3009 637 3080 funditus
661 3007 842 3100 destruxit,
865 3027 906 3078 ae
927 3025 1009 3077 suos
1031 3005 1174 3076 heredes

49 3103 292 3195 inperpetuum
318 3109 550 3198 exheredavit,
577 3114 611 3178 at
630 3109 738 3197 ipsum
757 3109 910 3176 eomitem
933 3107 975 3176 de
998 3105 1173 3196 isenburg,

51 3205 223 3291 aquodam
242 3209 359 3298 milite,
387 3208 542 3277 videlieet
561 3207 757 3276 Baldevvino
778 3206 867 3276 dieto
895 3205 937 3274 de
963 3205 1072 3274 Geirei
1077 3257 1086 3296 ,
1111 3205 1175 3274 do·
1247 3246 1249 3250 v

51 3299 116 3370 lose
135 3311 277 3396 raptum,
296 3305 428 3376 duobus
447 3307 588 3376 millibus
603 3323 785 3376 marearum
797 3306 981 3394 etamplius
993 3303 1174 3394 redimens,

52 3397 121 3469 loris
146 3421 258 3472 muros
286 3405 423 3474 Colonia
447 3411 523 3474 ante
547 3411 673 3494 portam
697 3403 786 3472 beati
805 3403 953 3472 Severini
973 3404 1008 3470 in
1031 3401 1175 3489 quodam

52 3501 222 3572 nontieulo
247 3503 431 3572 columnam
456 3503 621 3593 lapideam
652 3503 735 3589 erigi
759 3501 852 3592 seuit,
870 3504 904 3570 in
923 3502 1017 3570 ouius
1036 3502 1175 3570 summi-

55 3602 115 3665 tate
132 3599 238 3670 diotus
258 3619 370 3671 eomes
389 3603 485 3671 rotali
511 3619 599 3691 pena
621 3601 739 3690 plexus
768 3600 810 3670 ad
827 3599 1015 3670 miserabile
1039 3605 1175 3688 speeta-

54 3696 152 3766 eulum
179 3701 308 3768 eunetis
331 3699 579 3770 transeuntibus
605 3701 737 3789 positus
761 3705 823 3768 est.
849 3699 924 3768 Duo
943 3700 1039 3768 etiam
1057 3697 1175 3767 iratres

56 3797 224 3883 supradieti
243 3800 391 3883 comitis,
409 3801 539 3868 suilieet
557 3799 832 3868 blonasteriensis
852 3803 884 3868 et
903 3794 1175 3885 Osnabrugensis

54 3895 202 3988 episeopi,
222 3898 278 3985 qui
296 3897 488 3968 dioebantur
500 3897 598 3968 huius
617 3898 753 3968 seeleris
769 3898 907 3987 oonsoii,
926 3895 968 3966 ud
986 3898 1175 3966 instantiam

55 3995 468 4086 memoratiarebiepisoopi
479 3997 723 4085 suntdepositi.
741 3994 946 4064 duetoritato
958 3997 1056 4064 etiam
1069 3997 1174 4084 ipsius

54 4090 126 4159 inira
150 4112 261 4164 muros
288 4095 438 4166 Colonia·
461 4095 547 4166 adeo
579 4103 716 4166 strenua
739 4112 800 4183 pro
828 4093 972 4182 quodam
997 4093 1175 4166 bomieidio

86 4201 111 4268 l)
131 4201 189 4258 bier
206 4202 279 4274 giebt
297 4203 355 4262 sich
373 4203 432 4260 alao
451 4204 576 4261 cistriae
594 4203 634 4260 als
652 4202 787 4260 variasset
804 4219 838 4258 zu
856 4203 1005 4260 erleuuou.
