2888 4824
267 209 340 287 nte
398 250 401 256 ·
663 237 704 284 ux
722 236 851 284 rouunnr
872 236 909 284 ur
930 215 1014 286 urxu.

268 376 478 446 contriverat
495 372 705 463 Quapropter
719 373 1003 444 circumsedentes
1019 375 1136 465 prelati
1152 376 1285 445 nimium
1303 391 1415 446 scan-

270 475 406 544 dalizati
419 474 674 562 sunt5quinimo
696 472 738 542 dc
753 478 845 541 tanta
862 477 1112 562 presumptione
1131 476 1308 563 plurimum
1333 481 1414 541 stu-

267 573 391 664 pclucti
411 579 498 642 sunt.
523 573 595 642 Rex
614 577 724 640 autern
743 571 887 642 eundem
907 573 1052 661 lapidem
1067 574 1258 642 trutinando
1278 590 1414 642 susce-

267 675 317 763 pit
337 675 371 741 in
391 672 544 740 manibus
562 670 751 740 huiusmodi
765 671 869 742 verba
886 689 1043 760 promens
1068 691 1177 742 coram
1200 673 1414 742 astantibus:

268 771 449 842 Reuerendi
469 775 594 856 putres,
619 770 775 838 attendite
795 788 894 855 quum
916 772 1072 840 tutionem
1097 772 1329 840 Treiectenees
1351 789 1414 837 nc-

267 870 535 957 dirimendum,
562 871 619 954 qui
638 869 728 936 tuctu
748 873 816 936 inm
837 871 977 955 prnndr's
992 871 1095 940 silicis
1114 889 1178 938 nos
1195 870 1327 957 ubsque
1352 871 1414 936 de-

267 969 572 1040 cantumerulam
587 973 734 1053 puerunt,
751 985 890 1053 qnorum
902 969 1011 1050 fidelis
1035 969 1275 1056 cereburpenris
1290 968 1413 1036 taete-

266 1087 330 1138 nus
346 1070 480 1153 fuimus,
507 1073 541 1134 et
553 1085 693 1152 puerum
708 1067 862 1150 forenses
878 1066 990 1135 bootes
1010 1069 1070 1136 sub
1085 1071 1242 1154 enpeuris
1255 1070 1415 1154 propriis

267 1167 433 1238 laboriose
452 1166 649 1254 redegimus.
674 1165 743 1234 Sed
755 1167 832 1233 uicit
843 1167 1003 1234 Dominus
1015 1173 1048 1234 et
1066 1171 1197 1256 martyr
1213 1170 1289 1235 eius
1305 1168 1415 1235 Geor-

267 1269 352 1358 gius,
376 1268 531 1352 quonium
556 1269 590 1332 et
606 1265 670 1332 boe
687 1265 893 1348 forefactum
911 1283 1120 1352 nequequam
1140 1266 1300 1334 transibit
1321 1267 1415 1333 inrel-

267 1371 351 1450 tum,
374 1368 489 1434 sicile
504 1383 566 1434 nos
579 1363 758 1434 incolumes
774 1369 972 1434 conseruere
989 1371 1088 1451 quent
1107 1365 1156 1432 ud
1172 1383 1313 1432 cunum.
1339 1365 1413 1432 Nec

267 1483 377 1555 mora,
406 1465 487 1552 quin
508 1465 629 1552 etipse
646 1482 705 1532 rex
725 1464 912 1532 consutilem
936 1481 1055 1551 equum
1073 1463 1289 1554 ascendens,
1317 1466 1414 1531 cives

268 1563 410 1634 diffidari
424 1565 537 1653 iussit,
561 1561 652 1632 etad
670 1561 926 1650 expugnandam
941 1564 1106 1631 civitatem
1123 1563 1234 1632 modis
1252 1563 1414 1632 omnibus

268 1681 306 1732 se
332 1663 529 1751 preparavit.
563 1661 798 1730 Traiectcnses
822 1679 882 1749 pro
901 1679 983 1730 casu
1007 1663 1081 1731 talis
1103 1661 1277 1731 infortunii
1302 1663 1415 1749 pluri-

267 1780 354 1832 mum
368 1761 561 1850 disturbati,
585 1759 839 1828 destinaverunt
853 1762 1033 1846 magistros
1056 1763 1178 1830 civium
1204 1761 1249 1830 ad
1265 1759 1414 1828 Hellan-

268 1859 366 1952 dium,
392 1865 561 1930 tentantes
580 1878 654 1930 eum
671 1857 791 1928 eodem
813 1876 893 1945 rege
914 1857 1092 1928 reformare
1108 1861 1203 1948 pacis
1219 1861 1413 1928 amicitiam.

270 1959 337 2029 Sed
356 1959 436 2048 quid
453 1959 573 2048 plura?
598 1957 670 2027 Rex
683 1957 881 2026 immobilem
895 1961 1094 2028 seutentiam
1106 1958 1221 2050 edidit,
1238 1967 1412 2046 quatenus

271 2061 389 2128 civitas
407 2063 634 2146 grassatorem
652 2057 715 2124 sibi
728 2055 882 2145 traderet,
900 2057 1050 2145 alioquin
1072 2060 1180 2146 ipsam
1201 2057 1325 2126 urbem
1349 2059 1413 2126 hu-

269 2164 424 2228 motenus
449 2163 627 2226 everteret.
658 2156 774 2244 ltaque
790 2156 1044 2248 Traiectenses,
1067 2158 1204 2225 obtenta
1228 2175 1318 2246 pace
1338 2176 1413 2224 mc-

271 2257 337 2326 dici
353 2259 508 2344 temporis
519 2309 528 2344 ,
556 2255 725 2324 redieruut
747 2253 790 2322 ad
809 2255 964 2324 iudiciale
983 2257 1193 2346 capitolium,
1216 2262 1412 2325 statuentes

269 2373 331 2444 pro
355 2355 566 2424 malefactore
592 2355 688 2422 uiuus
714 2371 869 2422 arcanum
893 2355 1101 2445 scrutinium,
1122 2361 1160 2423 ut
1180 2357 1293 2444 ipsius
1318 2357 1412 2441 regis

268 2453 533 2540 indignationem
552 2452 781 2540 aliquomodo
801 2453 988 2544 placarent,
1016 2460 1050 2522 et
1066 2454 1256 2541 burgenses
1272 2453 1413 2523 innocui

271 2554 409 2623 sceleris
426 2555 510 2622 tanti
526 2555 560 2622 in
573 2570 657 2642 pace
678 2553 883 2640 quietissima
897 2559 1138 2641 permanerent.

343 2651 443 2722 Auno
458 2651 590 2722 Domini
606 2651 741 2720 mcclx.
759 2649 828 2720 llex
845 2653 952 2739 ipsam
965 2652 1111 2720 Fresiam
1128 2655 1287 2740 potenter
1304 2653 1411 2720 intra-

270 2753 335 2842 vlt,
360 2752 563 2820 rebellantes
581 2750 644 2818 sibi
660 2750 828 2818 Fresones
847 2752 984 2836 egregie
1001 2751 1095 2840 vicit,
1119 2757 1153 2818 et
1171 2757 1323 2820 castrum
1341 2752 1410 2820 To·

269 2850 432 2918 renburclr
464 2850 508 2918 ad
541 2865 653 2918 eorum
684 2850 921 2938 sempiternum
952 2847 1187 2919 olleudiculum
1222 2849 1409 2919 fabricavit.

269 2949 409 3018 Domum
420 2967 494 3018 curn
508 2951 573 3018 iarn
591 2954 661 3018 tota
673 2952 760 3016 terra
777 2947 944 3034 glaciatim
959 2953 1053 3017 essct
1069 2951 1197 3039 pervia,
1212 2968 1273 3018 rex
1291 2951 1408 3018 itemm

270 3067 300 3116 v,
320 3047 483 3116 kalendas
500 3047 656 3117 februarii
682 3065 757 3138 oum
785 3045 917 3116 duobus
943 3048 1142 3116 exercitibus
1168 3050 1409 3137 armipotenter

269 3148 446 3232 ingressus
465 3154 518 3214 est
534 3147 689 3235 Fresiam,
708 3163 849 3234 sperans
875 3147 951 3234 ipso
970 3145 1023 3214 die
1038 3149 1134 3214 sicuti
1147 3149 1239 3236 prius
1255 3147 1407 3216 obtinere

268 3245 451 3314 victoriam.
491 3244 560 3314 Sed
576 3262 644 3312 uon
663 3244 781 3314 eodem
807 3263 904 3312 cursu
922 3245 1129 3333 respondent
1149 3247 1266 3314 ultima
1283 3247 1407 3334 primia.

269 3343 354 3414 Num
383 3343 581 3414 Wilbelmus
615 3342 657 3410 de
685 3343 895 3414 Brederoedc
926 3345 1042 3434 rnileS,
1074 3346 1273 3433 capitaneus
1309 3347 1406 3412 unius

271 3445 448 3534 exercitus,
467 3443 638 3512 ordinatus
661 3449 777 3511 contra
794 3442 1018 3512 Drechtenscs
1036 3444 1204 3512 Fresones
1231 3443 1406 3532 tropheum

269 3542 379 3612 laudis
397 3542 540 3631 adeptus
559 3548 620 3610 est:
652 3540 723 3608 Rex
741 3547 850 3610 autem
866 3542 902 3608 in
914 3541 1079 3610 dextrario
1097 3541 1264 3632 residens,
1280 3559 1405 3609 secun-

271 3641 347 3712 dum
365 3642 563 3728 gubernavit
581 3641 768 3710 exercitum.
788 3639 851 3720 Qui
868 3639 1030 3710 advillum
1039 3639 1404 3710 Hooch-hout-woudc

272 3740 548 3810 concremandam
567 3745 657 3808 trans
675 3737 815 3828 paludes
834 3757 985 3808 securum
1005 3741 1184 3828 exquisivit
1202 3739 1349 3829 editum,
1373 3747 1403 3806 ct

271 3856 345 3908 cum
362 3839 449 3910 idem
466 3838 733 3928 rexpedestrem
750 3839 930 3906 exercitum
947 3839 1041 3908 solus
1059 3841 1093 3906 in
1110 3857 1235 3925 magna
1250 3838 1403 3906 distantia

270 3939 507 4028 processisset,
521 3939 674 4024 viamque
689 3935 860 4004 meabilem
876 3937 920 4004 ad
935 3937 1179 4025 expugnandos
1194 3937 1402 4006 adversarios

273 4036 499 4124 explorasset,
528 4054 609 4104 ecce
628 4035 811 4104 dextrarius
830 4037 902 4104 eius
920 4037 952 4104 in
972 4037 1137 4124 paludoso
1157 4036 1248 4105 vado
1267 4039 1402 4104 circum-
1437 4055 1438 4060 ¹

271 4135 374 4204 lracta
392 4134 500 4220 glacie
518 4134 676 4222 paulatim
692 4135 866 4202 immersus
886 4143 955 4224 est,
974 4141 1005 4202 et
1022 4135 1143 4205 ibidem
1162 4135 1295 4223 absque
1312 4137 1401 4202 iuua-

272 4235 358 4302 nuno
377 4234 572 4320 cuiusquam
595 4231 762 4302 familiaris
781 4233 964 4304 sullccatus
991 4241 1053 4304 est.
1078 4235 1247 4304 Fresoues
1267 4252 1348 4303 vcro
1366 4233 1401 4300 de
