2886 4834
275 165 320 231 60
641 191 802 238 canonican
826 193 1032 238 acuunaruasu.

191 339 258 393 aare
276 331 516 398 Wiennenscm
542 349 614 399 cum
642 330 750 396 multis
779 329 821 397 ad
846 330 965 398 bellum
997 333 1179 418 preparatis
1207 330 1400 399 hominibus.

273 427 341 496 Sed
364 429 399 496 in
422 429 484 496 biis
511 429 662 497 omnibus
689 447 747 496 rex
776 430 906 496 minime
932 429 1141 519 confidebat,
1165 447 1227 498 nec
1253 447 1329 496 cum
1355 435 1397 498 eis

272 545 388 594 ausum
404 525 546 596 luitcum
561 545 641 613 rege
655 527 813 595 Bohemie
829 526 994 596 dimicare.
1022 528 1186 616 Sperabat
1202 529 1290 594 enim
1307 529 1398 596 iulium

273 645 368 694 suum
389 633 562 695 venturum
579 645 653 694 curn
669 625 778 694 multis
796 627 951 694 militibus
970 627 1025 714 qui
1043 621 1122 715 pro¹
1147 645 1184 696 se
1203 645 1257 695 res
1280 632 1315 694 et
1329 646 1398 695 eor-

272 743 354 814 pora
369 725 517 813 periculo
534 725 764 794 commisisset.
790 724 870 792 Cum
890 731 997 794 alitem
1013 725 1055 792 ad
1069 726 1131 794 sibi
1150 725 1398 794 determinatam

272 831 400 912 tempus
416 825 537 892 milites
550 823 690 911 predicti
704 824 818 892 venire
835 825 967 892 minime
981 826 1189 914 potuissent,
1212 823 1398 892 turbabatur

273 940 331 990 rex
347 921 565 990 Romanorum
583 941 683 1010 supra
701 921 842 990 modum.
867 922 945 989 Erat
963 924 1050 991 enirn
1070 924 1154 992 intra
1172 941 1209 990 se
1226 922 1397 991 desolatus

274 1028 307 1089 et
334 1025 490 1090 universo
520 1022 664 1090 consilio
692 1027 724 1088 et
747 1021 870 1088 auxilio
896 1021 1083 1092 destitutus.
1123 1023 1280 1089 Preterea
1313 1023 1397 1090 cives

274 1119 499 1188 Wiennenses
516 1119 559 1187 ad
577 1137 690 1205 regom
707 1125 870 1188 variarunt
886 1119 1053 1188 dicentes:
1071 1121 1218 1203 Domine,
1231 1122 1336 1188 uestri
1348 1137 1399 1187 ecs

272 1218 524 1304 dereliquerunt,
542 1235 602 1285 nee
617 1217 742 1284 bebetis
757 1216 901 1285 bondnes
912 1236 1071 1304 perquer
1086 1223 1156 1304 cept
1169 1218 1334 1286 -Boitemie
1351 1237 1398 1286 re·

271 1319 387 1385 sistere
407 1317 557 1385 caleatis.
587 1317 753 1402 degemus
769 1333 844 1400 cos,
868 1321 1028 1402 quatenus
1048 1317 1141 1386 nobis
1162 1319 1331 1385 domimm
1346 1336 1399 1384 uos

272 1416 391 1502 etipere
404 1417 616 1501 permittatis,
630 1432 671 1482 ne
685 1433 746 1482 uos
760 1433 832 1482 eum
845 1421 956 1482 uestra
971 1416 1298 1502 feudiiupereumus.
1315 1417 1398 1483 Tunc
1432 1435 1433 1462 i

272 1533 331 1582 rex
346 1531 405 1582 eos
421 1515 612 1602 suppliciter
629 1513 825 1602 deprecatur
840 1514 972 1582 dicens:
1005 1514 1138 1600 Tempus
1160 1513 1274 1582 adbuc
1301 1516 1398 1581 modi-

272 1631 345 1680 cum
367 1615 536 1694 sustimte,
558 1617 594 1680 ut
615 1613 782 1680 uidendum
801 1614 881 1698 quid
902 1613 1019 1697 fucere
1039 1613 1222 1680 debeamus.
1258 1614 1311 1680 Ex
1329 1620 1398 1680 tunc
1432 1675 1433 1684 ,

273 1713 370 1780 iussit
384 1717 527 1780 castrum
547 1710 687 1779 fideliter
708 1711 885 1802 custodiri,
909 1713 1045 1800 insuper
1068 1714 1173 1780 servis
1191 1713 1279 1802 suis
1298 1713 1398 1778 rnino-
1432 1729 1433 1754 ¹

273 1811 363 1880 ribus
387 1812 576 1899 pariterque
599 1811 797 1900 maioribus,
824 1828 867 1878 ne
894 1812 1088 1897 quispalicui
1111 1812 1230 1878 civium
1257 1810 1398 1898 qualibet
1432 1819 1433 1852 ³

273 1912 453 1978 occasione
471 1909 524 1976 vol
539 1909 682 1998 superbo
701 1909 755 1977 vel
774 1911 1011 1979 contumaciter
1027 1909 1266 1998 responderet,
1288 1917 1398 1997 posset
1432 1907 1433 1952 i

273 2010 358 2077 enirn
375 2008 439 2076 hoc
455 2009 610 2076 omnibus
628 2000 747 2076 nobis²
763 2009 898 2078 evenire
914 2009 948 2076 in
965 2026 1071 2076 rerum
1091 2014 1124 2076 et
1144 2026 1324 2096 corporum
1341 2007 1396 2074 de·
1432 2041 1433 2050 κ

272 2108 466 2176 trimentum.
1432 2107 1433 2140 ³

346 2205 439 2292 Rege
455 2204 598 2274 Rudolio
615 2208 664 2274 sic
677 2207 711 2272 in
722 2206 869 2294 periculo
885 2207 1084 2290 constituto,
1103 2207 1329 2290 congregavit
1343 2205 1396 2272 dc-

274 2305 381 2372 minus
396 2304 571 2372 Heinricus
591 2307 768 2392 episcopus
790 2305 986 2372 Basiiiensis
1008 2304 1108 2372 irater
1123 2303 1249 2372 ordinis
1272 2303 1395 2372 iratrrnn
1432 2305 1433 2348 ³

274 2401 453 2493 Minorum‚
467 2404 517 2471 uir
532 2405 667 2491 sapiens
684 2409 783 2489 atque
798 2402 963 2472 discretus
981 2409 1013 2470 et
1030 2404 1102 2488 regi
1115 2401 1259 2470 Rudollo
1280 2403 1395 2470 fidelis-

274 2502 376 2570 simus
396 2503 536 2592 amicus,
562 2509 595 2568 et
615 2501 768 2570 doninus
792 2501 964 2570 Conradus
988 2502 1194 2570 Wernberus
1218 2500 1395 2570 advocatus
1432 2503 1433 2510 ’

272 2600 403 2668 Alsatie
420 2599 528 2669 dictus
544 2599 585 2668 de
601 2599 756 2668 Hadistat
773 2601 952 2668 exercitum
976 2607 1107 2669 centum
1130 2599 1266 2666 militurn
1283 2601 1395 2688 optime
1432 2603 1433 2686 J

273 2690 547 2787 preparatorum³
572 2717 645 2767 curn
673 2699 848 2767 dextrariis
874 2700 1061 2787 phaleratis.
1099 2698 1153 2764 Hii
1179 2697 1245 2766 duo
1281 2698 1395 2768 domini
1432 2701 1433 2746 l

273 2798 428 2865 militibus
447 2799 518 2865 suis
538 2799 755 2884 congregatis
771 2799 805 2864 in
823 2798 956 2866 Basilea
976 2799 1233 2882 coniunguntur.
1259 2797 1312 2864 De
1334 2799 1394 2864 lia-
1432 2801 1433 2816 ¹

274 2896 358 2964 silea
381 2914 461 2964 vero
484 2897 518 2962 in
548 2896 703 2964 Sueviam
724 2898 848 2984 pariter
865 2897 1133 2984 proficiscuntur,
1157 2895 1272 2980 ibique
1290 2911 1392 2963 eones
1432 2901 1433 2943 ³

274 2993 316 3061 de
334 3049 341 3061 .
358 3048 365 3061 .
383 3021 389 3060 ·.
408 3046 415 3060 .
434 3049 440 3061 .
462 3011 535 3061 cunr
554 3001 683 3062 eentum
700 2995 871 3084 militibuS‚
896 3012 1002 3082 equos
1017 2993 1207 3082 phaleratos
1226 2994 1392 3078 habentes,
1432 2999 1433 3020 ³

274 3091 478 3180 adiungitur,
506 3098 539 3160 et
563 3095 624 3160 iter
650 3099 780 3181 ceptum
805 3095 926 3181 pariter
948 3098 1172 3181 perrexerunt.
1199 3091 1325 3160 Milites
1346 3093 1392 3157 isti
1432 3103 1433 3140 t

275 3192 324 3260 sie
343 3191 378 3258 in
401 3192 519 3258 itinere
544 3193 715 3260 constituti
737 3191 890 3260 dominos
911 3192 1068 3280 plurimos
1092 3192 1288 3280 timuerunt,
1313 3189 1391 3258 unde
1432 3233 1433 3286 p

274 3296 308 3358 et
321 3289 470 3378 pluribus
488 3289 605 3358 diebus
624 3292 659 3357 in
677 3293 775 3358 annis
795 3291 954 3376 gravibus
970 3294 1232 3377 permanserunt.
1432 3293 1433 3342 i

348 3389 428 3456 Cum
445 3395 553 3456 autern
570 3390 745 3456 venissent
767 3389 942 3456 Wiennam
962 3387 1004 3456 ad
1021 3405 1134 3474 regern
1149 3387 1313 3455 Teutonie
1335 3403 1391 3470 ga-

273 3487 367 3556 visus
389 3492 441 3556 est
463 3487 589 3574 gaudio
609 3505 740 3573 magno.
766 3487 989 3572 Interrogavit
1003 3504 1074 3554 rex:
1096 3503 1200 3571 quere
1217 3486 1307 3566 filius
1324 3499 1391 3550 sarus

273 3587 598 3654 cueurumsoeietute
614 3587 837 3654 convenisset.
865 3587 958 3654 Tunc
974 3583 1217 3672 responderunt
1234 3585 1280 3651 ei:
1303 3581 1390 3650 illim

273 3687 382 3750 vestm·
394 3703 466 3752 cum
480 3685 664 3770 quingentis
685 3683 834 3752 miltiibus
850 3689 900 3751 est
915 3685 949 3750 iu
964 3685 1138 3768 procinctu
1159 3683 1327 3760 cemendi;
1339 3696 1387 3746 ec-

274 3797 340 3848 mes
365 3799 442 3848 uero
463 3783 679 3851 Pbirretemsis
700 3787 733 3850 et
754 3800 863 3850 eomes
883 3781 1175 3866 Montis-Pilpurdt
1196 3785 1273 3847 sunt
1291 3781 1325 3846 iu
1341 3793 1388 3842 ue-

274 3880 390 3946 niendo
405 3897 477 3948 eum
495 3882 601 3950 multis
614 3881 764 3949 militibus
777 3883 895 3966 optime
906 3882 1108 3966 preparatis.
1123 3878 1161 3948 ln
1176 3884 1387 3946 secretorum

309 4053 339 4118 l)
359 4066 405 4118 per
422 4051 467 4104 hat
486 4051 535 4104 der
553 4051 637 4104 druck
655 4069 711 4108 was
730 4054 772 4107 ich
791 4053 913 4108 andertet
947 4055 978 4120 2)
994 4051 1052 4104 hier
1067 4051 1152 4106 bliokt
1170 4067 1224 4104 nun
1243 4046 1335 4103 einmal
1352 4061 1387 4096 nn·

274 4117 408 4173 mittelbar
425 4119 469 4172 die
487 4119 697 4189 personlicblreit
715 4122 763 4175 des
782 4121 972 4174 theilnebrners
996 4119 1079 4172 durch
1097 4117 1215 4172 welcber
1238 4117 1304 4170 iiber
1326 4113 1388 4166 disse

273 4192 409 4257 vorgbnge
427 4187 582 4240 bericblele.
619 4189 650 4252 3)
669 4191 815 4260 preparatis
833 4189 878 4244 bat
896 4189 944 4244 der
963 4187 1047 4242 druok
1065 4203 1123 4241 was
1141 4187 1185 4240 ich
1203 4185 1321 4240 indatio.
