2884 4834
264 218 333 286 192
642 245 769 290 aurnuns
791 243 1024 292 woaurrmnsss.

182 394 248 452 1258
265 391 299 454 et
316 383 444 473 spiram
463 400 566 472 propo
585 382 695 452 villam
712 382 869 452 hludach.
910 382 981 451 llec
999 382 1230 450 reconciliatio
1249 383 1413 451 constitit

262 486 353 553 cives
373 483 545 568 octoginta
563 499 701 550 marcas.

333 580 432 651 Anno
450 582 630 649 m.cc.l.viii.
649 581 852 668 temporibus
870 578 1052 650 Eberhardi
1067 581 1228 670 episcopi,
1248 578 1310 648 luit
1322 580 1410 648 Hir-

262 689 358 752 sutus
377 698 491 749 comes
511 679 552 748 de
570 680 791 768 Beyenburg,
819 687 852 748 at
878 686 955 748 ante
982 679 1058 766 plus
1078 697 1176 766 quam
1194 681 1315 766 viginti
1335 698 1408 747 an-

261 783 314 850 nis
332 781 504 864 ungcltum
521 780 555 846 in
574 780 707 847 civitate
725 778 786 846 luit
804 797 958 848 mensura
968 779 1034 846 vini
1043 795 1103 865 pro
1113 785 1208 867 parte
1227 778 1408 858 diminuta,

262 881 305 949 de
332 879 452 967 quihus
479 877 694 966 proventibus
720 879 862 946 civitatis
888 894 1001 944 murus
1026 883 1059 944 et
1082 883 1190 944 turres
1218 883 1408 946 construe-

262 980 398 1068 bantur,
425 977 537 1046 dcbita
562 978 804 1045 communitatis
830 983 864 1046 et
880 977 1076 1044 necessaria
1093 976 1336 1067 solvebantur,
1364 976 1408 1044 dc

263 1095 330 1167 quo
350 1077 459 1146 clerus
478 1075 606 1144 civibus
625 1076 759 1144 multum
776 1075 956 1144 invidebat.

337 1176 464 1245 Rursus
483 1174 525 1243 de
542 1174 671 1259 laccho
690 1176 800 1242 milite.
833 1171 932 1242 Anno
952 1173 1119 1242 m.co.l.vii.
1137 1173 1231 1243 idem
1243 1173 1407 1242 lacobus

262 1277 355 1344 miles
375 1283 503 1343 mortuo
521 1273 660 1342 Albcrto
688 1273 785 1342 fratre
810 1291 871 1342 suo
898 1279 1035 1340 cantore
1053 1272 1296 1341 Wormaticnsi
1316 1291 1407 1362 pos-

263 1374 352 1444 sedit
370 1375 493 1440 curiam
512 1374 619 1461 ipsius
637 1391 743 1461 prope
762 1371 1098 1440 sanctumhndrcam.
1116 1371 1157 1440 Et
1175 1372 1238 1440 sub
1259 1371 1406 1440 dominc

261 1471 425 1542 Richardo
445 1473 605 1560 episcopo
631 1477 825 1560 assumptus
844 1478 898 1539 cst
914 1473 948 1538 iu
972 1471 1199 1540 consiliumet
1223 1489 1288 1559 pro
1315 1477 1408 1539 tcm-

261 1591 342 1662 porc
361 1572 519 1657 magister
536 1571 654 1638 civium
674 1571 824 1660 ellectuS,
843 1575 943 1657 atque
971 1569 1013 1637 dc
1040 1576 1182 1656 quatuor
1208 1569 1409 1638 diffinitori-

262 1672 325 1739 bus
343 1673 428 1737 inter
446 1671 598 1737 civitates
616 1669 788 1759 hlcgunt.,
808 1669 932 1738 Wcrm.
960 1675 993 1737 et
1011 1665 1227 1757 Oppcnheim.
1237 1721 1247 1758 ,
1268 1687 1407 1737 seeun-

263 1771 340 1840 dum
359 1774 482 1838 statuta
500 1767 781 1837 confederationis
809 1786 895 1836 uirus
920 1767 981 1835 luit
1005 1773 1194 1856 assumptus
1215 1774 1248 1836 et
1268 1770 1407 1837 cousti-

262 1875 363 1938 tutus.
380 1869 422 1936 Et
438 1867 502 1937 hiis
520 1867 725 1955 temporibus
747 1869 868 1936 multos
887 1866 1033 1935 honores
1052 1866 1209 1957 obtinuit,
1229 1874 1265 1935 et
1284 1885 1305 1934 a
1328 1869 1407 1955 qui-

262 1967 403 2036 busdam
417 1966 559 2035 dominis
573 1971 638 2034 tam
651 1965 766 2056 predia
780 1985 878 2054 quam
891 1965 989 2034 vadia
1003 1967 1074 2033 sive
1088 1967 1153 2033 alia
1167 1966 1259 2036 hona
1274 1967 1406 2035 auxilio

263 2085 375 2137 corum
393 2067 456 2134 sibi
473 2067 653 2154 usurpavit.
686 2066 819 2134 interea
843 2071 953 2133 tamen
973 2064 1057 2133 tales
1085 2082 1250 2134 excessus
1276 2084 1408 2154 perpe-

262 2168 376 2256 trarit,
396 2182 481 2253 quos
501 2164 660 2233 consules
679 2165 774 2233 salvo
793 2165 975 2232 iuramento
995 2165 1067 2232 sine
1085 2163 1218 2232 iudiciis
1236 2166 1406 2252 preterire

263 2283 331 2334 uon
350 2263 526 2332 audebant.
554 2261 660 2352 Super
677 2263 797 2350 quibus
814 2265 901 2330 iuste
920 2269 953 2330 et
965 2261 1203 2332 rationabiliter
1221 2265 1408 2330 convictus

264 2362 449 2432 secundum
465 2363 537 2430 iura
561 2367 594 2429 ct
620 2361 897 2430 consuetudinem
924 2363 1065 2430 civitatis
1085 2361 1351 2430 Wormaticnsis
1374 2365 1406 2428 iu

217 2467 219 2471 '
264 2463 406 2531 consilio
434 2461 638 2550 proscriptus
666 2461 741 2548 luit,
769 2459 860 2548 quod
885 2467 995 2528 tamen
1028 2461 1269 2529 aconsulibus
1299 2463 1405 2529 tacite

264 2560 533 2631 conservabatur.
556 2561 636 2656 =lpsc
654 2578 734 2628 vero
752 2559 816 2628 heo
834 2558 1053 2627 considerans
1072 2577 1273 2647 quecunque
1292 2563 1406 2648 potuit

264 2662 350 2730 mala
369 2659 563 2729 oonsulibus
583 2665 616 2726 et
634 2665 743 2727 tamen
763 2659 893 2726 occulte
912 2657 1171 2726 machinabatur.
1190 2659 1327 2727 interca
1348 2679 1404 2727 ac
1440 2723 1441 2726 ,

265 2760 345 2829 cidit
363 2759 453 2848 quod
473 2757 615 2846 quedam
634 2757 801 2826 discordia
823 2759 908 2826 iuter
925 2758 1034 2845 ipsum
1051 2757 1213 2825 iacobum
1232 2763 1266 2826 et
1285 2776 1402 2846 ‹puem-

265 2860 339 2928 dam
359 2861 463 2928 civem
482 2857 524 2924 de
543 2857 685 2926 consilio
704 2856 910 2925 Edclwinum
935 2857 968 2924 in
995 2857 1069 2924 vico
1097 2857 1203 2925 sancti
1225 2856 1317 2925 Petri
1347 2877 1403 2926 m-
1440 2881 1441 2936 l

266 2958 428 3026 sidentem
446 2975 505 3044 per
529 2955 633 3024 verba
651 2956 894 3024 contumeliosa
912 2975 931 3024 a
948 2954 1078 3023 Jacoho
1103 2955 1253 3044 predicto
1285 2964 1401 3025 exorta

265 3056 336 3146 luit,
354 3057 400 3122 ita
418 3053 507 3142 quod
525 3061 644 3142 postca
660 3053 835 3123 Edclwino
854 3053 961 3122 modis
980 3055 1100 3142 quibus
1119 3055 1228 3144 potuit
1244 3053 1401 3142 detraxit,

265 3155 384 3222 volens
402 3155 509 3242 ipsum
527 3171 637 3222 coram
656 3153 791 3221 domino
810 3154 971 3242 episcopo
991 3151 1231 3244 conuenire,ad
1248 3171 1318 3241 que
1339 3154 1401 3222 do-

265 3255 373 3321 minus
393 3255 573 3341 episcopus
593 3251 776 3320 secundum
794 3253 865 3319 iura
883 3252 1025 3320 civitatis
1043 3269 1174 3341 semper
1191 3270 1229 3321 se
1246 3259 1398 3341 paratum

265 3352 422 3421 exhihuit.
448 3349 546 3432 Quod
563 3357 674 3418 tamen
693 3349 892 3438 quibusdam
918 3351 1069 3419 honestis
1092 3352 1248 3439 personis
1274 3351 1320 3419 ad
1340 3353 1399 3420 de-

265 3451 441 3520 cidendum
459 3451 669 3519 commissum
695 3468 737 3517 ex
760 3456 898 3537 utraque
925 3455 1016 3538 parte
1044 3451 1166 3540 extitit,
1194 3456 1227 3518 et
1250 3451 1303 3519 sic
1320 3469 1398 3540 pre·
1439 3529 1440 3546 χ

265 3552 354 3620 latus
372 3550 566 3618 Edclwinus
585 3549 710 3617 nullum
729 3550 781 3617 sui
800 3551 946 3618 timorem
973 3549 1096 3617 habuit.
1128 3546 1261 3618 Accidit
1286 3555 1395 3618 autem
1439 3555 1440 3605 l

267 3649 358 3738 quod
381 3650 549 3738 predictus
574 3647 768 3716 Edclwinus
792 3667 858 3716 rma
885 3666 958 3716 cum
976 3647 1164 3718 Wernherc
1190 3647 1308 3717 Dirolli
1339 3668 1397 3737 prc

266 3750 470 3818 necessitate
489 3748 606 3815 civium
625 3747 922 3816 lll'crmacicncium
940 3745 1148 3832 Mogontiam
1164 3748 1274 3838 missi,
1302 3749 1397 3816 navi-

268 3849 325 3933 gio
344 3846 601 3915 descenderunt.
628 3844 699 3913 Hec
717 3865 790 3913 cum
809 3845 961 3913 audisset
977 3844 1127 3914 lacobus
1145 3846 1241 3914 miles
1260 3849 1318 3934 qui
1336 3846 1397 3914 ad-

267 3945 332 4012 huc
350 3963 423 4012 oum
440 3962 543 4013 uxore
563 3950 596 4013 et
613 3951 682 4012 tota
699 3943 819 4012 familia
843 3962 905 4012 sua
921 3943 1103 4014 Wormalie
1121 3945 1312 4038 habitabat,
1341 3964 1396 4014 as·

269 4061 406 4112 censum
424 4045 571 4132 ipsorum
590 4041 819 4127 considerans,
854 4044 1048 4111 convocatis
1068 4045 1180 4112 amicis
1200 4047 1291 4128 suis,
1314 4046 1397 4112 insi·

269 4142 343 4212 dias
361 4144 443 4230 ipsis
462 4143 628 4231 imposuit.
654 4143 694 4210 lit
711 4141 761 4209 sic
779 4141 831 4209 die
851 4141 978 4209 sabbati
995 4143 1081 4210 circa
1097 4143 1265 4211 meridiem
1278 4152 1396 4212 octavo

270 4242 333 4310 hal.
353 4239 552 4330 septembris
572 4237 684 4329 [1257
698 4257 774 4326 aug.
786 4237 849 4332 25]
870 4240 912 4308 de
931 4243 1020 4310 curia
1039 4260 1099 4309 sua
1118 4244 1237 4310 exiens
1252 4244 1296 4311 ita
1310 4241 1396 4330 quod
