2884 4834
9 31 11 160 l

407 187 533 236 suranna
553 186 790 236 wouuummsrrs.
1098 160 1167 230 lob

43 326 171 396 rrcravit
194 324 361 396 dominnm
393 327 587 415 episcopum
616 333 649 396 et
681 326 766 396 alios
799 343 886 414 quos
912 324 1036 396 habere
1063 329 1169 416 potuit

44 427 213 514 principes.
252 423 328 504 Quo
353 425 519 494 accedens
545 425 699 494 dominns
730 427 911 515 episcopos
938 444 1012 495 cunr
1037 424 1169 496 hones-

45 533 72 592 to
90 527 256 614 comitatu,
276 519 287 562 ¹
307 542 388 594 ecce
415 526 542 592 invenit
561 523 713 594 dominas
738 526 900 594 moniales
926 542 1037 594 coram
1061 526 1168 615 impe-

44 628 144 692 ratore
166 625 311 710 graviter
336 623 378 692 de
404 625 479 712 ipso
507 629 770 714 conquerentes,
796 630 830 693 et
854 623 1022 694 habebam
1046 625 1169 694 multos

46 722 234 792 advocatos.
259 723 440 811 Imperator
458 722 553 790 dixit:
577 722 717 792 bouum
736 724 905 809 episcope,
926 724 1038 790 cudite
1058 728 1092 790 et
1111 742 1168 792 rc·

42 822 217 906 spondete!
245 821 336 890 Dixit
353 823 461 890 statim
480 824 681 910 episcopus:
702 821 820 890 Audito
833 839 946 890 omues
966 823 1087 890 domim
1107 825 1169 891 mei

40 923 178 1007 episcopi
201 925 235 988 ct
245 921 431 1011 principue,
459 921 717 1006 gunddeubane
740 923 924 1007 imperator
950 923 1079 990 occulit
1096 923 1170 990 ictis

42 1019 231 1088 aromatibus
244 1038 284 1088 irc
300 1021 447 1088 aeroiom
460 1020 531 1088 deo.
558 1019 601 1088 m
618 1022 648 1088 ai
669 1021 771 1088 sciret
788 1020 931 1106 qualiter
941 1023 1011 1107 ipae
1023 1021 1058 1087 iu
1072 1024 1170 1090 corio

40 1138 97 1186 auc
118 1120 337 1206 acquisissent
360 1117 421 1186 bos
445 1119 627 1188 aduocatos
643 1137 853 1205 nequequam
876 1121 957 1205 ipsis
981 1122 1168 1188 caecutiret.

39 1218 103 1288 llec
129 1219 255 1288 etalio
281 1235 347 1306 qno
373 1217 416 1286 ad
441 1218 601 1288 honorem
632 1217 687 1287 dei
711 1218 974 1310 conveniebam,
1004 1219 1168 1288 eteniam

40 1318 174 1405 qualiter
191 1316 346 1386 dominus
364 1336 452 1406 papa
470 1317 533 1386 hec
551 1317 623 1386 sreri
639 1319 806 1408 precepit,
841 1323 875 1386 et
893 1317 1034 1405 qualiter
1051 1324 1169 1387 essem

40 1415 169 1486 inndate
196 1421 231 1485 et
254 1415 399 1486 ecclesie
417 1434 478 1486 sue
502 1415 655 1507 alligate,
673 1417 855 1504 peroptime
878 1416 1097 1506 proponebat.
1127 1417 1170 1487 Et

40 1517 141 1584 statim
168 1533 284 1585 ornnes
310 1515 435 1584 domini
461 1521 639 1602 surgentes
664 1515 832 1584 dominum
856 1517 1087 1604 imperatorem
1110 1533 1168 1586 ro-

40 1616 157 1702 gabant
179 1621 217 1683 ut
232 1615 350 1682 melius
369 1613 523 1683 crederet
547 1615 687 1704 principi
711 1632 773 1682 suo
793 1631 890 1704 quam
908 1616 1029 1684 talibus
1047 1633 1168 1703 perso-

41 1716 95 1782 nis.
129 1715 171 1784 Et
189 1712 344 1782 dominns
362 1714 539 1802 imperator
558 1715 667 1782 statim
693 1713 736 1782 ad
753 1714 819 1780 ista
837 1713 1093 1805 consenciebat,
1112 1714 1169 1782 di-

41 1832 112 1882 cens
131 1813 351 1882 monialibus:
378 1812 428 1879 lte
449 1815 483 1879 ot
503 1811 630 1880 obedite
654 1814 809 1899 episcopo
828 1817 948 1882 vestro.
982 1811 1168 1882 Audiemes
1257 1883 1261 1894 ,

39 1913 92 1982 hec
110 1913 274 1984 moniales
293 1913 433 1980 maximo
452 1911 595 1980 clamore
615 1917 648 1982 et
665 1912 831 1982 lachrimis
850 1911 1011 1982 abierunt.

105 2012 195 2080 Dixit
213 2016 323 2080 autem
342 2009 496 2080 dominns
513 2011 707 2100 imperator:
727 2011 815 2098 Ouio
842 2011 980 2080 uidimus
1004 2012 1040 2080 ic
1060 2011 1167 2096 prici-

41 2109 268 2197 lupincontem
296 2109 511 2178 udoocociom
533 2110 673 2178 claustri
698 2113 731 2177 et
757 2109 833 2178 cille
861 2109 954 2178 nobis
977 2113 1168 2178 uttinemem

39 2209 228 2278 absolvimus
248 2226 323 2277 eoru
339 2213 371 2276 et
391 2211 613 2280 concessimus
637 2209 837 2295 burpprcu'o
854 2201 867 2246 ²
883 2213 997 2279 nostro
1017 2209 1058 2278 de
1071 2208 1167 2294 Spic-

39 2309 173 2396 gclberg.
205 2306 260 2378 Ad
285 2325 351 2396 quo
376 2307 530 2378 dominus
555 2309 736 2397 episcopus
767 2308 978 2397 respondens
1005 2310 1168 2376 instanter

41 2409 183 2498 rogauit,
210 2414 248 2476 ut
265 2407 329 2474 sibi
347 2412 380 2476 et
398 2407 543 2478 ecclesie
561 2426 621 2478 sue
648 2425 688 2476 ac
705 2407 829 2476 civitati
846 2408 926 2476 talia
944 2426 1008 2495 qne
1026 2412 1169 2497 possem

39 2507 125 2595 ipsos
142 2525 284 2594 gravare
302 2505 496 2597 deponeret,
514 2513 551 2576 ut
568 2508 598 2576 si
615 2506 657 2576 ab
675 2508 751 2594 ipso
769 2506 974 2592 burggravio
991 2507 1054 2576 hec
1074 2506 1165 2574 redi-

39 2623 119 2674 mere
135 2611 275 2696 posset,
295 2623 355 2674 sua
378 2605 467 2674 bona
484 2607 657 2675 voluntate
677 2605 746 2674 heri
763 2607 975 2693 permitteret.
1012 2605 1168 2674 Similiter

40 2711 70 2773 et
83 2707 170 2774 ciues
190 2721 329 2792 qnorum
346 2705 438 2772 multi
456 2695 619 2774 aderant³
637 2723 710 2774 eum
728 2703 900 2791 diligentia
920 2703 1092 2789 rogabam.
1126 2704 1167 2772 Et

40 2802 186 2874 dominus
217 2806 394 2892 imperator
419 2822 539 2892 preces
565 2805 648 2872 istas
675 2803 822 2889 benigne
848 2803 989 2872 admisit.
1016 2801 1165 2870 'landem

38 2921 108 2972 uero
133 2903 289 2973 dominus
318 2904 498 2990 episcopus
532 2909 612 2991 post
644 2903 776 2990 aliquos
804 2901 877 2972 dies
907 2907 1029 2970 vocato
1061 2902 1165 2987 burg·

39 3003 145 3086 grauia
163 3020 225 3091 pro
245 3008 375 3071 centum
393 3001 485 3082 libris
504 3000 801 3070 wormaciensibus
819 3020 893 3070 cum
911 3003 986 3090 ipso
1004 3001 1165 3070 tormina-

39 3103 92 3190 m,
111 3119 195 3188 quas
215 3102 308 3170 cives
327 3101 510 3170 salvorum.
544 3101 586 3170 Et
602 3099 680 3169 ideo
704 3101 919 3188 quincunque
938 3105 990 3170 est
1006 3101 1167 3186 magister

41 3201 148 3268 civium
176 3200 362 3270 advocatus
381 3199 674 3268 Nunnenmiinster
692 3199 858 3268 existebit.
897 3200 938 3268 Et
965 3200 1015 3268 sic
1033 3217 1092 3290 per
1111 3198 1165 3266 dei

41 3298 216 3383 graciam'a
235 3299 290 3368 tali
309 3297 444 3367 domino
464 3299 582 3368 civitas
601 3304 652 3366 est
671 3305 833 3387 perpetuo
851 3299 999 3368 liberata.

102 3399 162 3468 Die
193 3415 275 3466 vero
309 3397 548 3485 penthecostes
575 3397 756 3468 celebravit
790 3397 944 3466 dominus
978 3394 1165 3466 Landolius

41 3499 212 3586 episcopus
231 3498 367 3566 missam
393 3497 612 3585 sollempnem
631 3515 742 3566 coram
760 3495 896 3566 domino
914 3497 1113 3583 imperatore
1133 3495 1166 3562 in

39 3597 166 3664 ecclesia
181 3596 343 3684 Spirensi.
369 3596 464 3664 Feria
482 3613 562 3664 vero
581 3596 684 3664 tercia
701 3593 854 3664 dominus
874 3595 1065 3684 episcopus,
1084 3611 1165 3681 per-

41 3697 109 3764 actis
135 3695 275 3764 feliciter·
299 3694 451 3764 omnibus
476 3695 630 3780 negociis
649 3695 737 3782 suia,
765 3712 837 3762 cunr
863 3711 925 3762 sno
950 3693 1106 3762 comitutu
1134 3697 1167 3760 et

42 3797 169 3863 maximo
187 3794 314 3880 gaudio
333 3811 489 3862 reversus
513 3799 564 3862 est
583 3793 813 3862 Wormaciam.

101 3893 222 3962 Postea
249 3892 338 3962 sedit
355 3891 508 3962 donrirms
527 3891 714 3962 Landollns
741 3893 921 3980 episcopus
948 3897 981 3960 ct
1007 3891 1165 3960 consules

66 4005 90 4062 1)
107 4009 132 4056 el
149 4001 223 4057 steht
249 4002 308 4056 hier
333 4000 403 4055 noch
422 4001 448 4054 iu
472 3999 521 4054 dar
545 3999 585 4054 hs.
627 4001 659 4062 2)
678 4001 843 4055 Reiooravio
866 3999 936 4054 slaht
961 4000 986 4052 in
1012 3998 1061 4054 der
1084 3997 1164 4052 hoeh·

41 4069 173 4128 slii'tischon
197 4069 239 4125 hs.
272 4085 328 4122 was
351 4069 416 4124 aher
440 4083 488 4122 aus
518 4069 592 4123 einer
621 4067 723 4122 andern
749 4039 897 4138 beriehligt
920 4068 1029 4120 werdon
1053 4067 1164 4121 herimo.

40 4133 198 4206 Spicgelbarg
221 4137 340 4192 welches
374 4135 481 4192 aridlieh
509 4153 560 4190 ron
588 4135 791 4191 tiermerslreim
818 4135 862 4204 lag
892 4135 998 4191 aeheint
1021 4135 1079 4190 alac
1103 4135 1164 4187 cina

41 4205 181 4275 raichsbnrg
196 4221 323 4274 genesen
338 4223 372 4259 zu
391 4206 458 4260 sein.
496 4207 527 4272 3)
546 4203 670 4259 similiter
688 4203 759 4260 steht
777 4203 836 4260 hier
855 4205 882 4258 in
900 4203 948 4258 dcr
966 4203 1006 4258 ha.
1017 4199 1163 4258 ncehmals.
