2888 4824
254 159 328 230 tto
641 189 680 234 nx
700 187 831 235 roanrrur
853 187 892 233 nn
913 188 997 234 asna.

255 331 367 396 vostre
385 331 501 395 tenore
519 327 723 416 presentium
742 325 959 415 declaramus,
978 319 1069 414 quod
1086 319 1186 394 nobis
1204 323 1298 415 apud
1314 323 1393 394 lla-

255 427 405 513 guntiam
423 425 644 494 existentibus
663 425 717 492 die
735 425 958 493 decimonono
973 425 1102 492 mensis
1118 425 1201 492 iunii
1219 423 1265 492 ad
1283 441 1393 510 gene-

256 525 324 594 rale
351 525 564 614 colloquium,
584 523 751 592 mediante
768 524 873 592 nobiti
894 523 966 592 viro
983 522 1123 592 Alberto
1142 521 1185 592 de
1203 522 1393 591 Waldeebe

255 625 434 712 imperialis
452 624 527 691 aule
545 624 720 692 iustitiario
745 623 835 690 firma
857 641 924 711 pax
942 628 976 690 et
992 627 1111 708 treuge
1129 622 1274 690 stabiles
1292 639 1393 710 super

255 723 422 791 universis
440 723 569 808 guerris
588 727 622 790 et
638 721 816 790 discordiis
835 725 1065 806 suntstatnte.
1086 720 1305 810 Quapropter
1319 739 1394 788 rna-

255 823 410 890 iestatem
434 827 577 888 vestram
601 823 725 908 regiam
749 821 913 889 humiliter
936 837 1113 889 exoramus
1132 827 1166 887 et
1183 820 1395 888 consulimus

256 926 416 1008 quantum
440 919 536 1002 licet,
564 926 729 1006 quatenus
754 937 872 1008 pacem
897 923 982 987 terre
1009 918 1183 987 salubriter
1199 918 1396 988 inchoatum

256 1037 317 1108 per
340 1019 454 1086 literas
478 1020 743 1106 magnipotentie
767 1025 880 1088 vestre
901 1019 965 1086 iam
983 1017 1166 1104 dignemini
1183 1017 1395 1108 confirmare,

258 1136 299 1186 eo
325 1117 417 1204 quod
439 1123 587 1186 vestrum
611 1117 819 1186 commodum
844 1117 1017 1185 utilitatem
1044 1118 1185 1185 salutern
1212 1118 1396 1204 importare

258 1216 442 1284 dinoscitur
465 1221 499 1284 et
515 1216 693 1304 honerem3
713 1219 858 1285 scientes
877 1215 968 1304 quod
984 1221 1097 1284 vestre
1117 1217 1318 1284 serenitatis
1334 1214 1395 1283 ad-

257 1321 393 1384 ventum
411 1315 509 1384 nobis
528 1315 693 1384 salubrem
708 1315 755 1388 ,ad
771 1320 883 1404 partes
901 1320 1036 1383 nostras
1054 1333 1129 1383 eum
1147 1315 1282 1400 ingenti
1301 1313 1396 1382 desi-

258 1414 350 1483 derio
367 1415 594 1502 prestolamur.
612 1414 732 1483 Datum
750 1413 839 1505 apud
855 1414 1073 1504 Magantiam,
1089 1413 1207 1482 ultima
1223 1413 1283 1482 die
1302 1431 1397 1482 men-

258 1513 406 1580 sisinnii
426 1509 572 1603 [1255]

330 1610 402 1679 Rex
415 1627 497 1697 ergo
514 1611 577 1679 bae
593 1612 735 1700 epistola
744 1612 948 1699 gratulanter
957 1616 1106 1701 accepta,
1116 1629 1237 1700 pacem
1252 1611 1398 1678 inchoa-

257 1713 325 1778 tam
348 1709 411 1777 sub
436 1709 548 1778 banno
573 1711 725 1799 capitalis
749 1712 916 1780 sententie
934 1711 1065 1780 tirmiter
1082 1711 1254 1779 observari
1272 1727 1398 1799 prece-

256 1809 304 1897 pit
311 1831 321 1896 ;
349 1809 495 1896 quinimo
521 1809 702 1896 prelibatus
727 1810 984 1898 ambasiatores‚
1010 1809 1134 1879 ditatos
1152 1811 1259 1896 regiis
1278 1827 1398 1877 mune-

259 1907 353 1976 ribus
362 1959 372 1998 ,
391 1907 434 1975 ad
451 1909 589 1996 patriam
605 1909 789 1980 honorifice
807 1909 995 1978 destinavit.

332 2004 467 2076 Eisdem
493 2007 612 2075 diebus
639 2007 792 2076 dominus
824 2009 1005 2096 episcopus
1030 2024 1103 2075 oum
1131 2007 1282 2075 eeclesia
1315 2007 1398 2074 l'ra-

259 2104 401 2174 iectensi
419 2107 570 2192 glorioso
589 2108 661 2192 regi
680 2115 885 2194 conquestus
905 2111 973 2196 est,
992 2105 1083 2194 qnod
1104 2105 1192 2174 idem
1211 2107 1397 2194 episcopos

260 2205 415 2272 acomite
434 2205 476 2272 do
495 2205 604 2274 Gbore
629 2211 694 2274 tarn
717 2207 751 2274 in
769 2205 1047 2294 possessionibus
1072 2223 1170 2292 quam
1193 2207 1230 2272 in
1247 2204 1398 2274 homini-

260 2301 322 2371 bus
345 2304 520 2372 iniuriatus
544 2311 613 2393 est,
638 2312 839 2394 quapropter
863 2307 986 2392 etipse
1004 2323 1061 2372 rex
1079 2303 1224 2372 eundern
1242 2305 1398 2372 comitem

261 2402 357 2468 citari
374 2400 453 2469 lecit
469 2401 511 2468 ad
529 2404 635 2490 ipsius
654 2406 864 2491 presentiam.
884 2403 952 2472 Sed
970 2409 1004 2470 et
1020 2401 1108 2471 idem
1120 2411 1243 2470 'comes
1261 2421 1398 2489 nequa-

261 2518 359 2586 quam
378 2519 569 2588 comparere
588 2503 727 2592 volens,
746 2503 935 2572 absentavit
952 2521 990 2570 se
1007 2521 1067 2590 per
1084 2502 1293 2570 obstinatam
1312 2519 1398 2570 oon-

263 2601 447 2666 tumaciam.
472 2598 543 2667 Rex
568 2608 677 2669 autem
695 2620 806 2671 coram
825 2602 917 2670 altari
936 2603 1044 2668 sancti
1061 2601 1195 2668 Martini
1212 2599 1397 2668 consesso-

263 2699 309 2765 ris
328 2717 416 2766 arma
433 2701 586 2786 protinus
603 2701 760 2784 induens,
777 2700 1008 2769 indesinenter
1026 2701 1192 2788 equitans,
1210 2698 1398 2788 predictum

265 2798 419 2865 comitem
438 2800 574 2885 capiens
583 2851 593 2888 ,
620 2805 653 2866 et
670 2807 786 2867 terram
806 2801 877 2868 eius
895 2799 1123 2888 depopulans,
1141 2817 1218 2867 oum
1236 2800 1397 2868 victoriali

262 2895 362 2964 laude
380 2896 567 2965 Traiectum
585 2900 735 2988 revenit,
754 2900 919 2988 captivum
938 2900 1092 2972 comitem
1109 2899 1275 2986 episcopo
1294 2897 1395 2988 dedit,

261 3012 302 3062 ac
320 2993 462 3062 eundem
479 2997 549 3064 iure
568 2996 680 3066 debito
699 2994 862 3084 dignitate
880 2998 932 3066 sui
949 2997 1091 3064 nominis
1110 2995 1310 3085 deprivavit

335 3091 435 3163 Anno
460 3092 584 3162 domini
608 3097 789 3165 mccxlix.
815 3096 1013 3165 venerabilis
1031 3101 1125 3183 pater
1142 3095 1300 3164 dominus
1320 3093 1395 3163 Otto

263 3191 489 3264 Traiectensls
509 3195 689 3282 episcopus
703 3197 746 3262 iii.
760 3213 921 3264 nonarum
935 3195 1047 3282 aprilis
1061 3193 1266 3262 obdormivit
1281 3194 1396 3262 inDo·

261 3291 370 3379 mino,
397 3290 575 3360 tumulatus
603 3294 692 3382 apud
716 3295 892 3362 ecclesiam
909 3295 1067 3362 maiorem
1083 3293 1212 3361 bonore
1231 3311 1393 3380 congruo.

261 3389 324 3457 Hic
342 3386 420 3458 Otto
438 3389 586 3458 sedecim
606 3394 702 3460 annis
721 3395 859 3479 egregie
877 3394 962 3461 rexit
979 3395 1226 3482 episcopatum,
1245 3411 1348 3480 quem
1364 3396 1394 3460 in

261 3490 396 3558 introitu
423 3506 485 3557 suo
511 3491 754 3579 pauperrimum
773 3493 915 3581 invenit,
935 3491 996 3560 sed
1014 3490 1347 3579 superabundantem
1363 3494 1391 3560 in

262 3587 374 3656 multis
393 3587 533 3678 divitiis,
553 3591 624 3657 suis
641 3592 787 3678 posteris
804 3591 944 3678 reliquit.
1150 3642 1153 3647 -

335 3687 417 3756 Post
439 3687 563 3756 obitum
587 3689 761 3758 reverendi
787 3691 892 3777 patris
919 3686 1071 3778 Ottonis,
1097 3687 1269 3757 Gosvinus
1289 3689 1390 3756 sancti

262 3783 1021 3876 Johannisiu'lraieotoprepositnstricesimus
1032 3788 1193 3876 septimus
1204 3787 1390 3855 electusest

263 3884 454 3970 episcopus.
479 3885 541 3954 Hie
559 3887 727 3956 Gosvinus
744 3887 786 3955 ab
804 3884 932 3955 Amstel
951 3887 1110 3954 oriundus
1128 3886 1249 3954 saltem
1268 3887 1312 3954 ad
1331 3905 1387 3954 an·

141 3979 142 3983 ’
262 3999 341 4048 nom
357 3983 411 4050 vel
428 3985 528 4070 paulo
546 3985 621 4072 plus
634 4003 757 4072 regens
771 3987 1009 4074 episcopatum,
1028 3987 1079 4052 vir
1095 3989 1166 4052 erat
1193 3985 1387 4074 simplicitati

263 4079 414 4168 deditus,
440 4087 473 4148 et
496 4081 537 4150 de
560 4083 661 4153 rebus
690 4085 832 4154 ecclesie
857 4086 965 4153 minus
990 4084 1075 4152 bene
1094 4083 1269 4152 sollicitae.
1296 4082 1384 4165 Qua·

261 4185 396 4272 propter
412 4185 503 4248 totus
522 4179 737 4271 episcopatus
754 4185 793 4252 in
805 4183 897 4252 brevi
914 4189 1062 4272 tompore
1089 4181 1288 4252 tantundem
1305 4199 1384 4272 pene
