2884 4834
282 200 350 268 132
639 229 802 277 sorrnrnus
823 230 859 276 us
881 230 1047 278 susurnam.

193 385 262 440 raso
279 371 407 438 iestatls
425 371 570 457 inspexit
586 371 691 437 civem
708 367 856 436 indutum
876 369 1077 438 indumentis
1093 371 1259 461 pretiosis,
1280 379 1316 438 et
1330 373 1410 440 inter

274 475 384 537 cetera
402 467 553 536 cucusam
572 470 643 536 eius
663 467 882 536 considerans
902 471 1011 537 serico
1035 476 1206 537 consutam
1234 477 1266 537 et
1284 470 1408 558 lapidi-

273 569 336 636 bus
355 575 503 636 crnatam
523 568 690 656 pretiosis
710 575 743 634 et
761 568 808 634 ait
825 565 867 635 ad
886 586 978 635 eum:
1005 569 1094 652 quod
1116 571 1150 636 in
1172 569 1232 636 loli
1249 569 1408 652 clenodic,

271 668 308 734 id
331 673 382 734 esi
405 670 438 735 in
461 669 532 734 eius
555 666 678 750 menso
702 666 838 733 multum
861 666 1089 734 delectaretur.
1140 667 1231 736 Civis
1257 669 1317 736 ille
1344 687 1407 736 non

273 767 500 836 consideravit
519 767 737 852 sagacitatem
755 767 857 856 regis,
876 765 974 834 dixit:
991 767 1124 851 quodsi
1146 785 1206 834 erre
1222 771 1318 854 repie
1330 768 1407 852 plo-

272 883 347 933 cere
360 871 478 952 posset
493 866 661 952 dipoilntr',
678 866 786 950 ipsam
803 865 957 950 cumtfom
972 866 1027 932 cel
1042 866 1138 952 lonpe
1155 866 1326 934 celarem
1342 869 1408 934 sine

270 983 367 1033 moro
383 966 481 1033 vellet
491 969 698 1050 presentare.
725 963 872 1052 Recepta
889 966 1000 1051 itaque
1023 965 1141 1034 cucula
1166 966 1308 1053 abipso
1328 969 1405 1054 civo,

271 1083 329 1133 rex
344 1065 427 1134 dixit
439 1066 596 1132 ministris
615 1065 704 1136 suis:
730 1062 781 1130 Ite
798 1064 846 1130 od
860 1064 988 1130 mmmm
1005 1065 1100 1132 istius
1117 1065 1195 1132 eima
1209 1065 1407 1148 festinanter

270 1169 303 1230 el
315 1165 411 1232 dicite
427 1165 527 1231 oceri
544 1180 613 1246 see,
630 1168 668 1230 at
682 1165 792 1228 mittut
806 1181 868 1230 sao
885 1164 1005 1230 morito
1018 1163 1102 1230 illud
1117 1169 1305 1249 arpentum,
1325 1165 1409 1250 pand

269 1265 542 1331 eiomercolcre
559 1263 687 1330 ecelitit
709 1261 756 1327 dd
778 1262 1039 1329 conservandum
1062 1265 1288 1346 commissam,
1315 1269 1349 1330 el
1371 1281 1407 1330 ae

269 1362 442 1449 deprimis
459 1380 534 1429 eom
550 1361 763 1446 aliquetenus
779 1359 925 1429 hesitare
949 1363 1135 1450 continauri,
1159 1362 1319 1446 coensem
1336 1381 1405 1430 cro-

268 1464 325 1529 rili
341 1464 393 1529 soi
410 1461 514 1528 eidem
538 1459 687 1552 erbibete
705 1477 772 1545 pro
797 1461 987 1546 intercipere.
1023 1459 1143 1528 Mulier
1158 1479 1239 1529 vero
1258 1479 1336 1530 cnm
1354 1465 1404 1528 ui-

269 1560 363 1629 deret
380 1560 531 1629 cuculam
560 1561 611 1628 sui
630 1560 752 1648 mariti,
781 1561 923 1627 restituit
948 1566 1122 1645 argentum
1150 1559 1310 1630 ablatum.
1350 1561 1404 1627 ln·

268 1667 361 1729 terea
385 1666 494 1728 autem
519 1677 577 1726 rex
602 1660 708 1726 civem
732 1657 888 1747 detinuit,
924 1657 1171 1726 confabulando
1203 1677 1316 1747 usque
1344 1677 1403 1747 quo

267 1760 441 1846 negotium
459 1765 553 1827 esset
570 1763 811 1825 consumatum.
852 1756 931 1824 Cum
950 1765 1059 1826 autem
1078 1758 1216 1826 ministri
1235 1760 1329 1844 regis
1347 1777 1401 1826 re-

267 1860 375 1927 nirent
394 1865 427 1926 et
444 1863 619 1944 argentum
637 1855 850 1944 deportarent
867 1857 1012 1924 ablatum
1022 1909 1031 1945 ‚
1058 1875 1115 1924 rex
1132 1863 1270 1946 recepta
1288 1857 1403 1925 cucula

267 1956 411 2026 reddidit
429 1974 501 2024 eam
520 1957 567 2024 illi
585 1957 648 2023 civi
667 1954 804 2023 dicens:
836 1955 956 2040 Accipe
973 1955 1127 2039 coensem
1144 1960 1251 2039 luem,
1280 1959 1360 2043 quio
1375 1960 1404 2022 el

265 2059 342 2142 ipso
359 2061 464 2124 lecum
487 2058 553 2122 erit
572 2057 606 2122 in
621 2054 832 2140 perditione!
852 2052 1121 2141 Monstravitqae
1145 2061 1323 2142 argentum
1342 2055 1400 2122 ab·

265 2154 376 2223 latum.
410 2154 499 2223 Civis
525 2154 581 2221 ille
608 2153 816 2242 stupetactus
848 2154 1026 2239 obmutult3
1059 2153 1189 2222 demum
1223 2153 1399 2223 consessus
1432 2197 1433 2238 3

265 2254 326 2322 luit
343 2257 388 2322 ita
407 2270 484 2322 esse
503 2259 629 2343 actum,
665 2259 699 2320 et
716 2251 896 2341 procidens
916 2252 956 2320 ad
977 2251 1083 2340 pedes
1102 2255 1399 2339 regis-misericor·

265 2352 352 2421 diam
376 2354 470 2442 petiit
494 2359 527 2420 et
552 2353 677 2440 recepit
704 2352 879 2420 miseriam.
914 2351 1076 2420 Dominus
1103 2358 1213 2420 autem
1239 2371 1300 2420 rex
1326 2371 1398 2440 pre-

265 2451 374 2521 dictus
390 2454 473 2520 inito
488 2469 561 2519 cum
578 2450 757 2540 nobilibus,
778 2451 833 2537 qui
849 2449 971 2518 ibidem
987 2449 1135 2540 aderant,
1151 2452 1308 2540 consilio,
1329 2450 1399 2538 quid

264 2550 306 2620 de
325 2558 419 2620 tanto
438 2551 697 2638 calumpniatore
723 2549 807 2618 foret
831 2547 1070 2637 ordinandum,
1098 2551 1154 2636 qui
1173 2567 1292 2619 omnes
1312 2549 1397 2618 simul
1431 2575 1432 2584 ¹

264 2658 297 2719 et
316 2669 381 2720 una
408 2651 631 2718 clamavemnl
648 2666 749 2718 voce:
777 2667 850 2717 eum
875 2647 1057 2716 secundum
1076 2650 1127 2716 sui
1154 2648 1268 2718 delicti
1292 2651 1398 2717 merita

263 2749 333 2818 lore
352 2749 599 2837 trucidandum,
625 2755 660 2816 ct
684 2749 718 2816 in
744 2746 851 2836 cauda
877 2749 954 2834 equi
979 2747 1103 2816 debere
1130 2747 1213 2816 trabi
1233 2746 1396 2836 usquead

261 2848 371 2918 locum
396 2856 631 2918 tormentomm
657 2848 740 2915 eius,
780 2844 852 2926 Que
881 2848 991 2914 omnia
1016 2845 1177 2934 perducta
1203 2846 1337 2936 luerunt
1361 2845 1396 2912 ad

263 2948 432 3037 ellectum,
461 2955 494 3014 et
518 2953 621 3015 morte
647 2943 841 3034 pudibunda
869 2952 921 3012 est
947 2947 1177 3032 interemptus.
1214 2945 1296 3014 Sine
1316 2963 1395 3012 mora
1430 2973 1431 3028 4

261 3047 404 3135 pecunia
423 3045 482 3113 luit
500 3046 672 3114 mercatori
690 3046 841 3112 restituta
860 3043 1048 3132 antedicto,
1077 3051 1109 3110 el
1135 3045 1290 3114 clamavit
1318 3063 1394 3111 mer·
1430 3045 1431 3113 l

263 3152 355 3214 catcr
371 3145 426 3212 ille
445 3144 578 3213 dicens:
604 3145 681 3211 Vere
695 3146 776 3228 poio
793 3144 934 3210 resiste
951 3147 1087 3210 senonis
1105 3149 1163 3225 est,
1177 3147 1211 3210 et
1222 3145 1328 3212 multo
1340 3159 1394 3228 per

261 3261 335 3310 enm
351 3244 502 3310 demiratur
518 3242 688 3310 mirabilia
705 3242 861 3328 dipodius
878 3247 929 3308 est
945 3243 1089 3327 operari.
1116 3243 1155 3312 lit
1173 3244 1319 3311 intonuit
1334 3259 1393 3309 vo-

262 3361 333 3411 cem
351 3345 384 3410 in
403 3343 521 3431 celum,
540 3342 688 3410 laudavit
707 3347 741 3408 et
753 3340 952 3426 glorificavit
970 3340 1137 3408 dominum
1153 3341 1291 3410 dicens:
1313 3340 1393 3408 Alle-

260 3441 357 3510 ioio!
377 3442 419 3510 lit
437 3443 598 3510 siluerunt
615 3444 648 3508 in
669 3439 722 3507 die
741 3439 799 3506 illa
816 3441 849 3506 in
869 3446 1056 3527 conspectu
1075 3441 1149 3508 eius
1169 3439 1318 3510 Saxonis
1336 3440 1392 3506 Pc—
1429 3457 1430 3481 ³

259 3542 350 3610 lonia
368 3541 527 3627 Turiugia
547 3540 699 3608 lllissene
727 3539 851 3606 etalie
878 3540 1153 3608 circumiacentes
1177 3530 1391 3628 provincie'cl

259 3639 375 3708 atocio
396 3657 456 3707 sua
476 3641 580 3707 timuit
598 3639 708 3706 omnis
728 3637 838 3705 bomo.

141 3807 143 3811 ,
332 3739 463 3806 lnterea
481 3746 591 3807 autern
610 3739 779 3806 exercitus
798 3735 922 3804 domini
940 3734 1071 3804 Rudcllr
1091 3738 1193 3827 regis,
1214 3739 1271 3824 qui
1289 3739 1321 3804 in
1338 3734 1390 3803 cb·
1428 3825 1429 3828 Ἴ

258 3834 390 3904 sidicne
415 3842 641 3924 permanserat
670 3835 849 3924 Girsperg,
880 3842 1006 3922 petram
1036 3852 1137 3922 super
1163 3853 1229 3922 qua
1257 3841 1388 3904 castrum

258 3935 385 4002 exstitit
398 3934 587 4002 edificatum
601 3935 811 4022 emolierunl‚
823 3939 857 4000 el
871 3940 1012 4000 castrum
1027 3933 1209 4020 predictum
1225 3951 1389 4023 expugna-

257 4038 395 4121 verunt,
423 4039 456 4100 el
474 4033 554 4101 illud
576 4033 618 4102 ad
638 4050 722 4101 usus
741 4033 867 4120 imperii
886 4032 1157 4122 applicaverunt,
1175 4033 1389 4100 inhabitantes

256 4133 355 4199 etiam
373 4137 518 4200 castrum
544 4137 724 4221 ceperunt,
753 4138 786 4198 et
811 4148 872 4199 eos
891 4130 1081 4198 fortissimis
1105 4132 1248 4200 vinculis
1275 4130 1388 4199 manci·
1427 4191 1428 4213 p

223 4236 429 4316 paverunt.
468 4231 610 4298 Duravit
643 4232 757 4316 itaque
792 4229 924 4299 obsidio
959 4229 1153 4318 predictae
1179 4229 1266 4299 festo
1292 4223 1389 4298 lldolli
