2916 4834
406 243 536 292 ursulus
556 243 788 292 couuuarnnsus.
1122 218 1167 288 19

46 382 171 452 tiuonsis
194 387 225 450 ot
248 378 482 452 rexRudolius
496 383 626 452 adiutor
650 399 765 451 eorum
790 382 923 452 obsedit
938 383 1165 456 Brunnoutrut
1183 400 1249 456 taso

46 501 95 552 sex
118 481 329 570 septimanis,
359 488 393 549 et
420 481 532 550 Melan
562 488 707 550 oastrum
736 483 825 570 cepit
851 500 893 552 ao
919 482 1103 573 destruxit,
1134 489 1168 554 at

44 584 251 652 annentrut
272 577 334 647 suit
355 582 518 670 episeopo
537 582 717 650 basiliensi
732 597 805 648 eum
826 581 914 650 villis
933 581 1167 652 adiacentibus

47 681 226 748 restitutum.
252 679 359 747 Pridie
382 698 491 749 nouas
513 681 594 748 iunii
617 679 701 768 [iun.
724 679 766 766 lt]
790 679 984 750 interieotus
1011 680 1071 750 iuit
1091 677 1180 752 mu

45 780 125 866 burgi
157 777 360 848 venerabilis
384 797 532 868 persona
562 777 811 848 commendator
845 779 1008 848 Teutonis
1038 779 1167 850 ordinis

46 879 242 946 Guntraonus
261 876 370 946 dietus
385 878 427 947 de
443 879 585 947 Biseobe
602 879 644 946 ab
663 883 819 967 apostata
843 878 968 948 ordinis
987 881 1051 970 sui,
1072 880 1167 949 soul-

46 978 92 1046 teti
110 977 341 1062 iuburgensts
365 977 445 1047 lilio.
477 979 559 1046 Tres
577 977 701 1046 domini
722 976 764 1045 de
781 976 995 1068 Rapolsteiu,
1020 978 1077 1047 ilii
1099 979 1168 1050 do-

46 1077 107 1142 nini
123 1074 164 1143 de
182 1076 307 1144 Salmin
317 1129 327 1167 ‚
352 1078 438 1146 viam
454 1078 563 1145 earnis
580 1077 727 1163 ingressi
740 1083 819 1146 suut
836 1079 1003 1146 universe.
1036 1078 1167 1148 Fratres

45 1174 174 1243 Minores
196 1175 273 1263 plus
293 1193 391 1262 quam
415 1177 494 1244 xxxi
518 1177 668 1264 virgines
693 1181 727 1244 et
751 1175 914 1263 quasdam
935 1175 1055 1244 viduas
1079 1194 1167 1247 oon-

44 1280 252 1360 gregaverunt
274 1279 308 1342 et
328 1276 363 1342 iu
381 1275 561 1344 claustrum
581 1273 752 1364 Alaspaoh
767 1275 858 1362 quod
875 1277 924 1344 eis
939 1282 1089 1344 emerant
1105 1294 1166 1365 pro

44 1371 115 1440 mille
130 1373 286 1442 treeentis
304 1375 424 1443 mareis
442 1393 485 1443 xv
500 1375 565 1444 bal.
592 1380 728 1461 augusti
746 1391 820 1442 oum
836 1391 960 1463 pompa
976 1379 1009 1442 et
1026 1376 1167 1445 maxima

9 1545 10 1548 Ἴ
44 1471 133 1556 gioria
154 1473 373 1541 inoluserunt
407 1473 516 1544 Pridie
537 1491 648 1542 nouas
665 1475 745 1541 iunii
765 1473 851 1560 [iun.
866 1473 907 1561 lt]
937 1473 1072 1542 obsedit
1092 1472 1165 1542 Ru-

9 1609 11 1614 ,
45 1568 137 1640 lolius
154 1589 216 1639 rex
231 1571 455 1659 Peterliogeo.
481 1573 520 1641 ln
539 1573 656 1659 vigilia
671 1573 779 1641 saneti
798 1571 881 1640 Galli
898 1573 981 1660 [not.
1000 1572 1063 1660 15]
1084 1590 1166 1642 eas-

46 1673 111 1737 trun
133 1669 260 1738 domini
275 1670 405 1740 llieardi
428 1671 471 1740 de
488 1671 680 1758 Lobigasse
707 1678 741 1739 et
755 1669 867 1760 plures
891 1671 1010 1740 domus
1033 1670 1166 1742 fratrum

46 1785 159 1836 suorum
189 1767 326 1838 luerunt
348 1769 518 1840 destructe
540 1789 602 1839 seu
630 1770 779 1838 funditus
813 1768 971 1839 demolito
1001 1789 1061 1858 per
1083 1789 1166 1840 suos

46 1869 303 1954 eonsauguineos
321 1874 355 1937 at
368 1868 497 1938 aflines.
523 1868 686 1938 Rudolius
703 1887 762 1938 rex
781 1868 914 1938 obsedit
934 1869 1164 1939 Paterniaoum

8 2045 9 2048 Ἴ
46 1971 70 2032 et
92 1965 257 2036 edideavit
281 1969 368 2036 eirea
392 1970 591 2038 munitiones
617 1969 736 2038 domus
764 1975 798 2036 et
821 1974 958 2058 stupaS‚
983 1967 1163 2038 intendens

45 2082 92 2132 eos
119 2083 244 2153 augore
273 2085 334 2154 per
362 2067 592 2137 alimentorum
617 2069 789 2156 penuriam
820 2066 951 2136 tradere
985 2068 1162 2136 civitatem.

45 2161 161 2232 Carolus
174 2163 357 2234 rexSioilie
372 2184 555 2254 perregem
562 2164 824 2254 Arragonumde
835 2167 949 2253 regnis
968 2167 1038 2234 suis
1055 2167 1164 2255 turpi-

44 2266 81 2328 ter
95 2265 290 2352 extirpatum
307 2266 398 2336 venit
412 2265 562 2356 Romam,
579 2273 650 2335 eta
669 2264 826 2335 Romanis
843 2266 975 2352 cogitur
989 2265 1164 2352 resignare

7 2405 9 2408 -
45 2364 227 2431 senatoriam
252 2361 465 2453 dignitatem3
498 2365 620 2434 deinde
643 2367 736 2434 veuit
759 2365 926 2454 lansius,
952 2370 985 2432 et
1009 2364 1055 2432 ibi
1077 2365 1165 2434 siout

45 2477 149 2548 pauper
171 2463 354 2531 claustrum
368 2469 626 2552 sanatorumque
645 2465 759 2533 limina
776 2465 932 2534 visitavit.
968 2461 1064 2532 Cirea
1084 2461 1163 2532 Mo-

44 2560 169 2641 guutiam
202 2563 316 2630 nutrix
342 2565 437 2650 pueri
462 2563 634 2632 cuiusdam
669 2563 780 2631 militis
808 2561 959 2631 vendidit
992 2580 1065 2630 eum
1096 2561 1163 2630 Ju-

46 2655 102 2726 deis
118 2666 152 2726 ut
167 2660 396 2730 interimerent
412 2679 487 2730 eum
495 2685 504 2749 3
530 2660 770 2752 propterquod
788 2663 898 2730 nutrix
921 2665 956 2728 et
969 2659 1069 2728 Judei
1084 2660 1162 2749 plu-

44 2772 85 2822 res
106 2775 124 2824 a
148 2757 347 2828 Christianis
372 2758 506 2829 luerunt
528 2764 666 2851 turpiter
694 2758 870 2828 interiecti.
907 2757 1072 2827 Rudollus
1103 2777 1163 2828 rex

45 2853 111 2923 oiroa
133 2859 341 2926 nabuitatem
363 2858 495 2928 Domini
520 2860 611 2948 [deo.
630 2859 695 2947 25]
719 2861 805 2928 inter
828 2859 935 2947 ipsum
957 2863 991 2925 et
1008 2858 1161 2926 oomitem

47 2949 192 3025 Sabaudio
217 2959 494 3046 compositionem
510 2958 598 3028 iecit.
626 2957 716 3028 Obiit
733 2957 854 3044 igulus
872 2959 906 3024 in
928 2956 1086 3026 Slezistat
1104 2958 1161 3044 qui

47 3052 149 3135 primus
170 3057 206 3123 in
233 3053 362 3125 Alsatia
379 3058 464 3126 vitro
488 3075 571 3127 vasa
600 3057 711 3126 iutilia
734 3056 909 3141 vestiebat.
949 3051 1041 3124 Obiit
1061 3055 1162 3126 irater

7 3213 8 3218 ,
48 3146 200 3224 Corradus
220 3154 426 3225 Wernbems
437 3155 487 3225 'de
501 3156 657 3226 Hadistat
671 3155 771 3224 irater
786 3154 910 3224 ordinis
927 3155 1112 3224 Teutonioi.

101 3249 183 3320 Meo
194 3253 347 3322 lxxxiiii.
380 3253 453 3326 ileu
476 3253 638 3326 Rudolius
663 3271 800 3324 uxorem
828 3254 984 3322 Gallicam
1010 3253 1104 3324 duxit
1126 3254 1161 3322 in

7 3409 9 3417 r
46 3342 339 3421 lumarieo-lionte
363 3352 450 3424 leste
466 3361 583 3424 saneto
597 3352 729 3441 Agathe
746 3352 828 3441 [leb.
847 3352 885 3440 5]
915 3358 949 3420 et
965 3352 1176 3422 necessaria·

46 3446 222 3518 ministravit
237 3453 551 3539 supervenientibus
575 3452 790 3522 abundanter.
825 3451 953 3537 Regina
973 3452 1063 3536 regis
1087 3447 1160 3518 llu-

7 3539 13 3632 J
47 3540 107 3612 doli
123 3551 214 3617 veuit
234 3551 266 3617 in
289 3549 530 3620 Columbariam
549 3555 583 3620 in
601 3552 831 3640 carnisprivio,
854 3549 981 3619 seilicet
1002 3547 1160 3618 eathedra

48 3638 114 3711 Petri
129 3646 209 3734 [leb.
232 3648 315 3739 22]‚
333 3655 367 3718 et
382 3658 518 3740 reoopta
536 3671 555 3719 a
576 3651 744 3737 religiosis
763 3647 825 3718 luit
848 3668 868 3716 a
891 3647 1019 3716 oleriois
1039 3652 1074 3718 et
1093 3648 1160 3716 mi-

46 3736 137 3812 litibus
157 3752 191 3814 et
217 3747 347 3816 uiribus
374 3751 590 3818 communiter
616 3750 777 3836 gloriose.
818 3745 917 3816 Cives
939 3745 1104 3816 dederunt
1129 3749 1160 3815 ei

49 3852 194 3926 expensas
218 3845 368 3932 pluribus
391 3847 527 3940 diebus,
552 3854 585 3918 et
602 3850 739 3938 insuper
760 3864 821 3936 pro
845 3845 1008 3915 oleuodiis
1027 3851 1159 3916 centum

49 3933 137 4010 libras.
169 3942 332 4014 Dominus
353 3944 530 4016 Heinrious
558 3949 739 4038 episeopus
758 3945 955 4014 Basiliensis
979 3945 1160 4014 oelebravit
1274 3957 1278 3962 ·

50 4035 162 4109 ordines
187 4043 221 4109 in
237 4041 446 4114 Columbaria
473 4047 575 4115 tereio
592 4064 671 4116 nou.
695 4046 800 4114 martii
825 4045 930 4132 [mitur
950 4043 989 4131 5]
1018 4049 1160 4132 quotuor

51 4137 227 4231 temporum,
250 4149 284 4210 et
301 4141 459 4231 plurimos
480 4147 700 4214 oonseorauit.
726 4143 847 4212 Comes
863 4141 1066 4212 Ebirbardus
1087 4139 1159 4210 lra-

10 4319 11 4322 ,
50 4235 86 4296 ter
98 4238 240 4328 episoopi
256 4239 525 4314 constantiensis
543 4250 577 4312 at
590 4243 690 4312 irater
704 4243 833 4312 eomitis
851 4239 990 4312 Gotiridi
1007 4239 1049 4310 de
1063 4239 1158 4310 Lau·

10 4383 11 4390 ,
920 4347 961 4403 2*
