2888 4824
256 221 330 288 404
614 249 774 296 0000000οο
797 232 1025 296 600010000060.
1426 256 1431 331 p

1425 334 1430 365 l

174 387 429 478 irascendum,
456 386 747 476 incomparabilem
782 387 888 456 eidem
919 389 1043 462 civitati
1069 387 1219 458 10160606
1249 387 1377 458 cladem.
1425 420 1430 473 r

254 487 380 556 Eadem
407 489 511 556 eciam
535 493 635 556 nocte
659 485 964 573 Magdcburgcnsis
988 506 1055 556 non
1073 489 1225 556 dissimili
1244 487 1377 577 dampno
1426 486 1434 550 ’κ

254 604 314 674 per
330 587 520 655 incendium
537 587 653 674 punita
670 585 775 654 inisse
795 585 1000 655 credebatur.

291 723 295 732 ·
324 683 398 754 Hoc
428 704 517 754 anno
544 687 587 752 xi.
617 685 681 752 161.
705 687 786 752 10011
812 681 893 774 [mai
919 683 983 776 22]
1010 685 1088 754 dum
1111 687 1168 754 1116
1198 685 1375 754 1011601006

254 784 422 872 quondam
440 785 549 854 dictus
573 785 753 872 imperator
770 783 880 852 adbuc
896 785 929 852 in
951 803 1011 852 sua
1030 785 1222 873 perduraret
1239 787 1376 872 pertina-

254 884 322 974 cia,
347 882 522 952 Heinrious
540 883 757 970 landgravius
785 886 876 951 iuxta
902 882 1104 972 Herbipolim
1127 887 1161 952 in
1190 884 1272 952 villa
1297 883 1374 952 dicta

252 981 413 1051 llooheim
432 983 556 1051 domini
573 1001 661 1070 pape
687 982 885 1050 auctoritato
908 1001 927 1048 a
948 982 1149 1068 Moguntino
1179 990 1212 1051 61
1237 983 1375 1070 pluribus

253 1083 423 1170 episcopis
442 1101 482 1150 ao
499 1082 701 1170 principibus
719 1082 754 1148 in
767 1080 948 1149 Romanum
967 1083 1147 1170 principem
1166 1081 1229 1149 iuit
1248 1083 1375 1149 electus.

251 1180 290 1248 ln
308 1182 402 1248 cuius
421 1181 618 1249 adiutorium
636 1180 737 1247 multa
754 1179 920 1248 bominum
939 1181 1027 1248 milia
1049 1199 1145 1254 cruce
1165 1180 1376 1267 signabantur
1435 1248 1436 1252 ,

252 1279 295 1347 ad
320 1279 482 1349 catholice
507 1279 584 1346 [idei
612 1278 862 1367 defensionem,
890 1297 997 1367 quam¹
1012 1281 1066 1347 ille
1089 1283 1153 1347 iam
1178 1280 1289 1348 dictus
1310 1279 1376 1346 101-
1425 1356 1430 1365 ,

251 1377 382 1447 dancus
404 1379 446 1446 ab
467 1379 613 1447 60616616
634 1380 787 1467 precisus
806 1379 1057 1466 impugnaturus
1076 1379 1260 1447 timebatur.

323 1479 404 1545 Post
428 1477 491 1545 beo
516 1477 694 1546 Heinricus
719 1495 794 1567 rev,
813 1495 934 1563 magna
952 1497 971 1544 a
989 1477 1124 1546 domino
1142 1497 1232 1566 papa
1250 1485 1376 1566 recepta

248 1579 407 1666 pecunia,
427 1576 589 1663 quosdam
606 1576 774 1665 prinsipes
793 1583 892 1663 atque
911 1577 1056 1644 barones
1075 1595 1134 1664 per
1152 1576 1296 1644 eandem
1318 1578 1376 1645 illis

249 1674 456 1744 distributam
482 1675 544 1742 sibi
572 1675 770 1744 conciliavit.
812 1674 1027 1762 collectoque
1051 1677 1202 1762 preclaro
1230 1677 1374 1743 concitus

249 1775 408 1863 exercitu,
427 1793 500 1843 cum
518 1774 672 1843 Conrado
692 1773 759 1842 lilio
776 1775 957 1862 supradicti
973 1773 1129 1842 Friderioi
1141 1775 1206 1842 sibi
1224 1777 1375 1842 resistere

249 1879 411 1964 conante,
438 1876 530 1942 iuxta
557 1873 693 1942 iluvium
713 1873 850 1959 Mogum
873 1891 941 1940 non
963 1873 1066 1959 longe
1085 1874 1127 1940 ab
1149 1873 1254 1961 opido
1278 1875 1376 1940 1060-
1426 1910 1431 1941 r

247 1971 412 2040 lrencvurt
436 1972 545 2041 valida
573 1992 674 2042 manu
698 1974 798 2039 nonis
825 1974 959 2058 augusti
985 1969 1079 2061 [aug.
1099 1969 1137 2063 5]
1158 1972 1316 2040 condixit.
1343 1973 1376 2038 nt

247 2072 428 2140 auxiliante
456 2073 520 2140 sibi
547 2072 589 2140 do
615 2074 690 2140 colo
716 2071 769 2138 dci
796 2073 911 2158 gracia
935 2072 1040 2139 victor
1063 2073 1212 2139 existens
1232 2071 1275 2138 ad
1293 2071 1373 2138 millo

246 2168 317 2238 1606
334 2172 424 2238 viros
444 2173 596 2259 captivos
616 2166 780 2240 abdurrit.1

320 2268 446 2336 Eodem
465 2287 552 2338 anno
570 2272 604 2338 in
623 2288 706 2338 cena
724 2269 847 2338 domini
866 2275 1011 2339 castrum
1030 2268 1243 2336 llevornberc
1261 2269 1373 2335 incen-

246 2364 302 2435 dio
333 2377 565 2456 consumptum
591 2375 659 2458 est,
693 2371 856 2456 turrisque
888 2375 1066 2454 magnaei
1096 2367 1191 2434 sortis
1219 2385 1371 2435 00000606
1438 2451 1439 2455 ¹

246 2465 410 2552 quosdam
427 2482 508 2536 suos
528 2470 711 2558 oppressit,
729 2469 827 2536 illoso
848 2475 958 2536 tamon
977 2459 1161 2555 episcopo²
1177 2465 1301 2534 ibidem
1314 2465 1370 2533 de-

246 2569 348 2633 tento.
1430 2628 1434 2651 ,

318 2663 418 2732 Anno
445 2663 569 2733 domini
596 2667 787 2735 mmcxlvii.
813 2663 989 2733 Heinrious
1015 2681 1073 2731 ror
1097 2663 1174 2731 dum
1194 2661 1367 2730 secundam

245 2761 278 2828 in
295 2761 469 2832 anariam
487 2772 586 2851 atque
607 2766 761 2832 Sueviam
780 2764 917 2832 iecisset
935 2763 1199 2852 expeditionem,
1220 2780 1263 2828 ex
1276 2762 1367 2827 nimio

245 2865 336 2928 motu
352 2881 475 2950 passus
492 2864 706 2952 6000001166,
726 2865 876 2930 celeriter
894 2865 927 2928 in
942 2863 1157 2946 'l'buringiam
1174 2860 1217 2927 ad
1236 2866 1365 2927 castmm

244 2957 406 3028 Warberc
421 2963 656 3030 revertebatur.
675 2964 738 3030 Ubi
756 2961 869 3029 morbo
885 2962 1114 3028 invalescente
1130 2961 1195 3026 xiii.
1213 2959 1365 3025 1610060-
1437 3027 1438 3036 .

245 3057 286 3123 cii
307 3054 389 3146 [161.
411 3059 473 3150 17]
494 3061 579 3128 diem
598 3063 718 3130 clausit
734 3067 925 3150 extremum,
945 3061 1164 3148 sepultusque
1186 3059 1288 3125 66110
1302 3073 1364 3124 mo-

244 3158 389 3224 nasterio
409 3161 704 3228 sanctimonialium
728 3166 845 3226 sancte
863 3159 1049 3226 llatherine.
1076 3157 1113 3224 ln
1137 3173 1204 3243 qno
1227 3157 1364 3223 nimirum

245 3255 318 3321 6106
344 3254 466 3324 160616
483 3257 639 3326 16100610
659 3258 786 3326 0011116.
802 3259 858 3325 1116
874 3258 1064 3346 principalis
1084 3256 1243 3344 prosapia
1260 3255 1364 3322 termi-

243 3360 406 3444 0616661,
426 3375 490 3442 quc
507 3376 526 3424 6
545 3359 649 3446 primo
667 3357 838 3428 Ludovico
855 3375 916 3444 per
939 3357 1036 3425 cxlvii
1055 3371 1163 3422 annos
1179 3355 1213 3420 in
1230 3353 1366 3421 Thurin·

244 3453 301 3538 gia
323 3459 472 3522 tenuerat
489 3457 717 3543 principatum.
1438 3461 1439 3512 i

318 3551 397 3621 Post
418 3555 651 3622 cuiusobitum
671 3556 799 3622 morin
822 3553 938 3621 eadem
960 3560 1045 3621 terra
1068 3552 1283 3639 multiplicata
1299 3553 1366 3616 sunt
1437 3591 1439 3602 «

243 3649 339 3716 mala.
365 3651 447 3719 Nam
464 3655 562 3722 vicini
584 3653 715 3740 qaudam
733 3655 900 3741 principes
918 3654 987 3720 iure
1002 3650 1261 3739 propinquitatis
1279 3649 1365 3714 1606-
1438 3651 1439 3658 ’

244 3747 305 3815 166
325 3749 393 3816 1601
412 3754 585 3842 cupientes
608 3754 714 3839 ipsam
733 3755 936 3818 invaserunt.
964 3749 1109 3830 Quorum
1127 3748 1274 3815 marcbio
1293 3747 1367 3813 llis-

243 3849 360 3914 nensis
390 3858 531 3918 castrum
559 3851 853 3919 Eclrobardesborc
877 3858 911 3918 ct
936 3849 1092 3937 oppidum
1118 3847 1283 3913 Wizonsc
1312 3844 1367 3912 sibi

278 3973 309 4030 11
328 3972 358 4024 10
377 3976 452 4027 60106
471 3977 632 4030 -abduxit
654 3975 724 4029 habe
748 3975 791 4028 ich
810 3991 858 4027 aus
883 3973 979 4028 Gnden
997 3973 1061 4028 God.
1081 3973 1143 4040 dipl.
1165 3975 1242 4032 l,593
1261 3977 1367 4038 arganza

243 4041 274 4103 2)
293 4039 512 4108 Babenbargensi
531 4045 613 4112 vergi.
633 4045 739 4097 vorher.
759 4043 813 4095 Das
832 4042 932 4096 Cliron.
952 4041 1085 4112 Sampetr.
1108 4041 1227 4093 welches
1246 4057 1300 4093 von
1317 4039 1367 4091 bier

242 4123 276 4160 an
296 4125 392 4162 006606
411 4109 522 4164 chronilr
542 4113 659 4166 06011661
676 4111 729 4165 und
749 4111 805 4164 sich
824 4111 900 4163 mebr
918 4127 951 4162 an
970 4111 1021 4162 den
1040 4111 1115 4163 Corvi.
1129 4108 1220 4162 Lamb.
1241 4105 1366 4173 hamtbgt

242 4177 312 4230 uoob
333 4177 388 4234 bei:
407 4178 667 4301 Quembepiscopum
685 4187 779 4249 posteo
797 4179 968 4248 landgravius
987 4179 1129 4232 Heinricus
1147 4179 1173 4230 io
1193 4191 1285 4245 regem
1304 4173 1367 4228 cloc-

243 4253 286 4299 tus
303 4261 319 4298 6
337 4247 454 4300 vinculis
471 4262 487 4300 a
506 4264 535 4300 so
549 4250 595 4301 vit.

1425 1634 1437 1701 p
