2890 4832
268 202 348 272 328
601 231 736 276 cnvsnmr
757 231 825 276 vrri
847 232 870 276 s.
892 231 1077 276 everterem.

275 369 432 438 Heinrieo
451 367 643 459 Coloniensi
663 369 919 458 archiepiscopo
941 369 1016 457 plus
1039 389 1137 458 quam
1150 368 1282 438 duobus
1299 373 1390 440 'milli-

276 469 339 537 bus
361 485 542 536 maroarum
569 467 744 557 venditos,
773 486 812 535 ac
836 467 900 536 dco
926 467 1145 556 dispensante
1171 469 1290 538 eodem
1316 491 1389 559 pene
1430 494 1431 515 r

277 567 330 636 dic
340 619 350 657 ,
369 585 458 636 anno
473 567 621 658 evoluto,
640 585 706 654 quo
722 567 841 635 beatus
858 574 980 656 martyr
995 568 1218 654 Engclbertus
1233 571 1389 638 multorum
1426 561 1432 634 l

275 684 404 736 merore
425 667 548 734 civitati
568 673 620 734 est
641 673 789 734 mortuus
808 668 939 757 illatuS,
957 670 1131 736 multorum
1155 667 1324 736 desiderio
1343 689 1389 757 per
1429 689 1432 732 r

275 773 404 854 portam
419 766 606 854 oppositam
621 767 772 853 captivus
783 765 1063 856 cstimmduotus,
1082 775 1183 854 atque
1195 767 1274 836 inde
1288 775 1389 855 quarto
1429 783 1432 832 r

277 862 343 955 dic,
358 883 424 952 quo
448 864 554 932 lucrat
568 866 730 952 superiori
752 882 840 934 anno
857 868 992 953 primum
1013 867 1163 954 episcopi
1182 870 1390 956 septenarium

276 964 488 1053 celebratum,
506 964 692 1051 turpissime
710 967 743 1031 in
759 971 862 1033 rotam
877 983 950 1033 cum
967 967 1138 1033 tormentis
1152 968 1328 1054 impositus
1344 975 1391 1034 est.

276 1063 415 1132 Videtur
431 1065 461 1130 oi
480 1080 665 1149 congruere
688 1063 778 1150 quod
794 1083 813 1131 a
827 1063 970 1132 Domino
986 1082 1047 1153 per
1060 1065 1271 1132 Ezechielem
1290 1066 1331 1133 ad
1347 1085 1389 1134 rc-

277 1181 353 1250 gcm
374 1163 497 1250 Egypti
520 1161 728 1229 dictumest:
753 1162 953 1248 dependam
972 1181 1073 1249 super
1094 1168 1124 1230 te
1146 1168 1218 1231 rete
1236 1170 1391 1247 ordumel

276 1261 453 1328 ectrcdcm
468 1265 499 1327 tc
513 1263 547 1328 in
564 1278 692 1346 superte
709 1279 799 1344 mec,
816 1265 850 1328 et
860 1263 1033 1346 prodicium
1049 1267 1080 1329 tc
1096 1266 1131 1330 ie
1147 1267 1281 1330 terram.
1301 1263 1390 1349 Super

273 1361 395 1445 faciem
414 1362 489 1447 apri
508 1359 660 1432 adiiciam
682 1365 726 1438 tc,
751 1365 784 1426 et
803 1359 956 1427 bcdttcre
977 1379 1076 1447 nuper
1096 1367 1128 1429 te
1146 1362 1277 1446 fumum
1297 1364 1392 1430 mucio
1431 1403 1432 1424 r

275 1460 425 1527 volatilia
439 1461 530 1545 apri,
547 1463 580 1526 et
593 1458 732 1544 implebo
747 1459 849 1527 eolles
867 1461 961 1526 sanie
978 1466 1051 1544 tuo,
1067 1465 1100 1528 ct
1112 1460 1263 1548 lampado
1281 1467 1391 1528 terrem
1431 1463 1432 1467 ’

273 1559 382 1643 fetore
397 1559 566 1644 computetis
583 1561 637 1625 tui.
664 1559 827 1626 Universa
844 1559 907 1626 hec
927 1560 1061 1648 impleta
1080 1566 1158 1628 sunt
1178 1567 1212 1628 ct
1228 1562 1391 1649 implentur

276 1660 310 1726 in
333 1657 511 1726 Fridcrico.
538 1656 661 1745 Captus
690 1664 742 1726 est
762 1657 918 1726 venditus
949 1665 1115 1727 extractus
1142 1665 1176 1727 et
1199 1661 1348 1749 vinctus,
1367 1661 1392 1726 in

276 1765 394 1824 terram
418 1757 585 1845 proiectus
612 1761 645 1824 et
672 1759 781 1824 securi
802 1757 1010 1848 contractus,
1039 1759 1154 1846 sicque
1178 1777 1281 1847 super
1303 1766 1393 1827 rotam
1428 1781 1429 1794 2

276 1858 426 1946 positus,
447 1873 526 1923 esca
547 1853 654 1928 iactus
680 1862 732 1923 est
751 1856 941 1924 volatilibus
958 1858 1047 1947 agri,
1071 1857 1177 1926 colles
1202 1859 1325 1945 quibus
1343 1860 1392 1924 im·
1426 1875 1429 1889 ·

276 1957 407 2044 positus
425 1960 478 2022 est
493 1955 633 2042 implens
651 1957 745 2022 sanie
760 1973 838 2045 soa,
858 1963 891 2023 et
912 1961 1030 2024 terram
1054 1957 1172 2026 subtus
1186 1959 1330 2044 irrigans
1350 1956 1392 2024 lc-

275 2062 348 2124 torc
365 2055 540 2140 sanguinis
564 2055 624 2122 sui.
650 2055 712 2121 Per
727 2054 869 2122 triduum
884 2054 983 2144 illud,
1003 2074 1069 2142 quo
1084 2057 1217 2124 vinctus
1234 2057 1393 2124 tenebatur

276 2157 309 2223 in
326 2155 469 2242 palatio,
489 2160 707 2244 extramuros
724 2155 865 2221 civitatis
886 2156 920 2221 in
946 2156 1145 2244 monticulo,
1165 2156 1223 2242 qui
1242 2161 1295 2224 est
1317 2157 1393 2224 iuxta

276 2260 406 2341 portam
420 2254 526 2320 sancti
542 2252 703 2340 Severini,
714 2253 866 2322 columna
883 2271 925 2320 ex
938 2253 1104 2340 lapidibus
1114 2255 1182 2322 alta
1197 2256 1281 2322 satis
1297 2259 1393 2322 erecta
1428 2251 1432 2290 ²

278 2359 348 2440 est,
368 2359 402 2419 ct
418 2353 450 2418 in
469 2351 556 2418 illam
571 2357 644 2418 rota
656 2352 794 2440 plaustri
810 2351 943 2440 plumbo
958 2355 1079 2420 vestita
1097 2359 1133 2420 ut
1148 2351 1269 2422 durare
1289 2357 1392 2442 posset
1426 2382 1429 2436 ς

278 2451 454 2538 translata,
473 2457 574 2537 atque
593 2451 626 2518 in
645 2468 717 2517 cam
743 2457 848 2519 rotam
872 2450 1005 2518 funibus
1027 2459 1212 2540 pertractus
1232 2458 1301 2540 est,
1319 2453 1392 2541 prius
1428 2445 1429 2464 ²

277 2557 386 2617 tomen
412 2552 444 2616 in
470 2556 556 2616 terra
581 2549 726 2617 brachiis
753 2557 786 2618 ct
809 2549 958 2618 cruribus
982 2553 1053 2618 eius
1080 2553 1190 2620 securi
1218 2550 1392 2620 contractis.
1429 2575 1430 2582 ¹

277 2651 355 2718 Erat
377 2656 444 2717 tum
468 2649 717 2716 anniversarius
739 2649 823 2739 dicS,
844 2667 910 2736 quo
928 2657 1050 2737 martyr
1072 2649 1240 2718 sacerdoti
1263 2649 1392 2718 Rodcnsi
1429 2661 1432 2722 ς

277 2749 481 2838 predixerat,
505 2765 621 2815 omnes
645 2765 862 2835 percussores
889 2765 971 2816 suos
993 2750 1203 2820 malamorte
1234 2751 1392 2838 perituros.
1431 2753 1432 2764 ¹

278 2847 376 2930 Quod
392 2846 621 2935 accipiendum
636 2853 688 2914 est
704 2848 759 2916 vel
775 2847 817 2914 de
840 2849 988 2935 corporis
1007 2848 1059 2916 vel
1079 2849 1186 2916 anime
1202 2849 1261 2916 vel
1285 2849 1392 2916 utrius-

279 2941 343 3034 qrrc
362 2955 475 3014 morto.
492 2946 563 3014 Etsi
579 2953 689 3013 autem
700 2946 786 3014 mala
804 2951 837 3014 et
853 2949 937 3034 turpi
948 2953 1048 3034 atque
1063 2949 1292 3034 ignominiosa
1305 2951 1391 3015 morte

277 3045 1390 3135 incorporeFridericuspcriit,speramustamencampcnamanimc

280 3144 352 3210 cius
381 3142 485 3210 luisse
512 3144 727 3232 medicinam,
754 3144 1023 3232 quandoquidem
1049 3147 1134 3214 bene
1165 3147 1343 3233 contrituS,
1365 3148 1390 3209 ct

279 3242 455 3328 diligenter
468 3249 568 3330 atquc
589 3241 780 3330 frequenter
798 3251 860 3311 tam
875 3245 1024 3331 privatim
1049 3263 1145 3331 quam
1169 3245 1304 3332 publice
1325 3261 1390 3310 ecn-

279 3341 389 3410 sessus
420 3359 456 3409 sc
487 3359 576 3408 reum
608 3344 776 3431 clamavit,
804 3351 837 3410 ct
861 3361 966 3430 penas
994 3343 1104 3411 illatas
1130 3346 1297 3432 patienter
1325 3341 1389 3425 tulit,

270 3435 422 3509 'membra
443 3441 575 3526 singula
592 3442 736 3510 carnifici
756 3441 974 3527 confrigenda
991 3443 1075 3510 ultro
1092 3443 1250 3510 offerens.
1278 3441 1352 3510 Cum
1363 3441 1389 3504 in

279 3541 381 3609 dorso
406 3542 477 3608 eius
505 3539 680 3608 fabricaret
702 3539 848 3608 carniicx
864 3541 920 3608 illo
938 3543 1170 3610 immisericors
1180 3593 1190 3631 ,
1209 3547 1244 3608 ct
1262 3540 1390 3610 sedecim

278 3641 364 3708 ictus
381 3659 454 3708 oum
477 3641 585 3707 securi
602 3641 632 3706 ei
648 3638 798 3729 inferret,
814 3640 936 3708 nullam
954 3639 1057 3708 edidit
1075 3659 1204 3729 vocem,
1222 3641 1270 3708 ita
1284 3645 1320 3706 ut
1332 3655 1388 3706 om-

279 3757 340 3805 nes
361 3741 562 3806 mirarentur.
589 3737 670 3806 lndc
691 3739 859 3825 usquead
881 3741 1058 3807 matutinas
1076 3758 1194 3828 preces
1213 3743 1247 3808 in
1268 3751 1387 3824 corpore

239 3913 244 3932 Ι
280 3837 413 3923 duranS,
423 3837 524 3906 iertur
540 3843 663 3905 tantum
676 3855 804 3926 orasse,
814 3845 847 3906 ct
859 3839 1110 3906 circumstantes
1124 3845 1160 3906 ut
1172 3839 1313 3926 proipso
1327 3852 1388 3902 ora-

280 3941 353 4001 rent
372 3935 572 4022 deprecatus
599 3954 687 4004 esse.
714 3938 878 4005 Fortassis
898 3955 950 4005 cx-
966 3939 1080 4006 merito
1104 3939 1255 4024 martyris
1278 3931 1387 4020 Engel·

281 4033 383 4120 berti,
410 4035 464 4120 qui
484 4038 626 4103 moriens
646 4038 750 4103 oravit
767 4054 826 4123 pro
849 4037 1031 4125 innimicis,
1050 4038 1160 4122 gratia
1184 4036 1246 4104 bec
1267 4035 1309 4101 illi
1324 4048 1386 4120 prc-

281 4134 358 4199 stita
376 4141 436 4199 cst.
464 4132 543 4199 Cum
566 4142 673 4202 autem
693 4153 734 4202 ox
756 4137 866 4202 omnia
893 4153 958 4222 que
983 4137 1046 4202 iam
1072 4135 1214 4204 diximus
1237 4136 1316 4201 intra
1331 4129 1386 4218 pri·

281 4250 366 4300 mum
384 4231 588 4300 lemannum
606 4233 804 4322 acciderint,
824 4234 912 4302 baud
937 4233 1069 4302 dubium
1088 4235 1166 4321 qrrin
1192 4234 1234 4302 de
1251 4233 1319 4300 aliis
1339 4246 1387 4295 sa-
