2888 4824
416 224 593 273 sununnnus
614 227 649 272 ur
670 225 832 272 aurursus.
1118 199 1191 266 blo

36 363 154 432 filiam
171 363 328 434 llinbardi
345 363 441 433 ducis
458 363 605 433 Karintie
623 364 805 453 supradicti
821 365 855 432 in
873 366 1113 434 matrimonium
1130 383 1191 435 cc-

29 464 185 549 pulavit.

121 563 198 631 Hiis
218 565 277 632 rito
297 569 331 631 et
348 562 592 648 gloriosissime
618 562 652 630 in
669 561 803 632 dustria
828 562 1002 652 dispositis
1022 563 1190 632 Sweriam

31 661 164 752 rediit,
198 664 312 750 ibique
348 663 448 730 filium
485 681 581 731 suum
611 661 778 730 dominum
804 657 1045 731 Hartmudum¹
1071 663 1190 732 ducem

30 764 239 852 constitum,
266 763 343 848 quia
369 761 455 829 duce
480 767 558 830 tune
582 763 738 849 temporis
758 761 893 830 Suevia
917 762 1067 852 carebat,
1092 764 1191 850 cique

31 877 201 929 sororem
220 863 310 947 regis
327 859 485 928 Bohemie
512 863 545 928 in
565 861 742 946 coniugem
761 860 902 928 [radidit.
936 861 986 930 De
1006 880 1070 949 qua
1090 861 1191 930 lilium

29 961 185 1027 nominc
202 959 375 1028 lohannes
394 962 552 1047 suscepit.
579 959 695 1047 ltaque
720 978 794 1027 cum
812 961 945 1028 inclitus
969 960 1023 1028 ille
1043 979 1101 1028 rex
1117 960 1190 1028 Ru-

32 1057 163 1128 dolius
183 1065 299 1127 contra
323 1077 416 1146 spem
436 1061 580 1126 omnium
606 1058 786 1126 emulorum
810 1077 944 1127 suorum
963 1061 997 1127 in
1016 1066 1081 1126 tam
1099 1059 1191 1127 brevi

31 1164 202 1246 tempore
221 1161 254 1225 in
273 1165 398 1225 tanturn
416 1165 632 1246 prosperatus
651 1157 781 1246 suisset,
792 1165 1008 1227 occurrerunt
1023 1160 1054 1226 ci
1073 1175 1189 1227 ornnes

30 1258 218 1345 principes
244 1256 347 1326 duces
373 1259 512 1326 comites
538 1257 682 1324 barones
708 1258 816 1324 tocius
834 1254 1025 1346 Alemanie,
1056 1259 1190 1346 ipsique

33 1362 218 1444 tamquam
236 1358 307 1442 regi
326 1363 359 1424 et
376 1356 510 1424 domino
529 1356 616 1424 colla
634 1354 838 1424 submittunt.
865 1354 991 1436 Quibus
1010 1355 1063 1423 ille
1082 1357 1190 1424 mitis-

33 1456 131 1523 sime
152 1457 362 1544 resalutatis,
390 1458 534 1522 omnium
559 1456 746 1542 peticiones
772 1454 1030 1524 clementissime
1048 1454 1190 1523 admisit.

33 1553 80 1621 Et
100 1573 184 1622 eum
203 1554 339 1622 baberet
357 1573 419 1621 sex
438 1554 533 1642 tiliae,
553 1571 669 1622 omnes
688 1555 804 1642 nuptui
824 1553 975 1644 tradidit,
1005 1573 1105 1622 unam
1122 1555 1190 1622 sci-

33 1653 125 1721 licet
145 1654 215 1721 lulio
234 1655 323 1740 regis
342 1651 456 1721 Sicilie
475 1660 508 1721 et
525 1650 663 1742 Apulie,
688 1653 824 1721 alteram
843 1655 914 1739 regi
932 1653 1102 1742 Eudemia,
1121 1657 1189 1720 ter-

35 1753 132 1820 ciam
150 1752 336 1821 Ludewico
361 1751 436 1820 duci
454 1752 626 1841 Bawarie,
655 1758 803 1839 quartam
822 1749 936 1820 Ottoni
961 1752 1028 1820 blio
1046 1750 1192 1819 Heinrici

37 1851 145 1920 ducis
166 1853 336 1938 Bonane,
360 1852 507 1938 quintam
531 1851 606 1919 duci
625 1849 789 1940 Summis,
815 1858 944 1919 sextam
962 1850 1038 1919 duci
1056 1850 1098 1918 de
1115 1850 1190 1918 Lu-

37 1951 189 2019 neburc.
215 1951 257 2018 Et
274 1951 323 2018 sio
341 1952 374 2017 in
392 1969 498 2036 regno
518 1951 701 2018 firmissime
721 1951 897 2039 stabilitus,
911 1967 1029 2038 pacem
1046 1955 1079 2017 et
1096 1956 1187 2016 tran-

37 2051 246 2137 quillitatem
265 2051 326 2118 toti
343 2047 514 2118 Alemanie
533 2050 695 2117 tutissime
714 2048 914 2117 reformavit.
1155 2107 1158 2113 ,

121 2149 207 2218 Post
224 2149 287 2217 hec
311 2167 384 2216 cum
409 2151 550 2217 maxima
573 2148 782 2216 multitudine
807 2149 952 2236 equiturn
979 2152 1013 2215 et
1037 2165 1187 2215 curmum

36 2247 276 2334 Burgundiam
302 2250 445 2336 perrexit
474 2254 507 2314 et
533 2249 685 2316 comitem
712 2246 861 2315 eiusdem
886 2247 1075 2335 provincie,
1102 2247 1189 2314 inter

40 2348 157 2416 Gallie
178 2348 334 2434 primates
352 2347 638 2436 potentissimum,
664 2345 706 2414 ad
732 2346 797 2415 hoo
815 2347 928 2432 coegit
953 2347 1038 2413 utin
1057 2346 1189 2434 propria

39 2437 229 2534 persona²
252 2446 473 2516 Basiliensem
498 2447 664 2513 civitatem
697 2464 734 2513 se
765 2447 957 2512 intratumm
991 2447 1189 2532 coniuraret,

39 2545 127 2614 inde
148 2563 320 2631 nunquam
347 2547 494 2612 exiturus
527 2545 593 2612 nisi
619 2544 852 2630 benignissimi
875 2544 1033 2631 principis
1058 2542 1189 2612 Rudolli

38 2644 195 2712 licencia
218 2644 377 2730 requisita
400 2644 551 2732 primitus
577 2649 612 2711 et
637 2650 782 2731 optenta,
825 2641 897 2710 Hiis
921 2643 1064 2728 aliisque
1091 2660 1188 2728 quam

40 2743 203 2831 pluribus
228 2741 339 2809 litibus
367 2741 445 2810 diris
473 2749 507 2810 et
536 2743 666 2828 guerris
691 2743 841 2810 maximis
868 2748 968 2828 atque
999 2740 1096 2808 bellis
1125 2755 1189 2808 su·-

40 2843 202 2930 peratis,
221 2839 466 2928 destructisque
485 2841 666 2929 predonum
686 2841 797 2909 multis
815 2839 1059 2908 municionibus
1078 2843 1111 2906 et
1128 2857 1192 2907 ca-

42 2942 146 3028 stris,
177 2958 216 3006 ac
233 2958 316 3028 pace
344 2948 378 3007 et
402 2943 514 3028 quiete
542 2942 601 3008 toti
629 2958 735 3026 regno
759 2940 933 3009 Alemanie
959 2938 1191 3006 strenuissima

40 3039 249 3128 reformatis,
268 3039 435 3106 civitatem
455 3038 645 3127 Spirensem
663 3038 753 3126 adiit,
772 3039 884 3125 ibique
903 3040 1001 3105 senio
1021 3036 1191 3106 etlabore

42 3138 246 3226 conlectus,
272 3139 417 3226 receptis
437 3139 655 3206 sacramentis
674 3138 838 3227 ecclesie,
864 3136 993 3223 absque
1011 3137 1105 3222 graui
1124 3135 1192 3203 do·
1212 3131 1215 3140 ’

41 3237 121 3306 lore
141 3237 273 3304 felicem
287 3237 427 3304 animam
440 3237 473 3303 in
488 3255 606 3304 manus
621 3237 826 3324 angolorum,
841 3237 947 3324 ipsam
958 3237 992 3302 in
1002 3241 1189 3322 conspectu

43 3336 104 3404 dei
132 3336 286 3402 altissimi
316 3353 389 3402 cum
414 3337 522 3422 ymnis
551 3341 584 3403 et
614 3337 752 3402 canticis
783 3333 1025 3402 deducentibus
1052 3332 1192 3402 feliciter

44 3435 210 3503 exalavit.
238 3433 396 3522 Sepultus
416 3439 467 3502 est
486 3433 608 3501 ibidem
631 3436 665 3501 in
685 3432 840 3521 sepulcro
855 3451 979 3517 regum.
1005 3429 1103 3499 Anno
1123 3430 1191 3498 do-

43 3535 130 3601 mini
151 3535 317 3600 mcoxoi.
335 3535 369 3599 in
388 3532 442 3601 dio
461 3533 638 3601 divisionis
657 3533 883 3621 apostolorum
903 3526 978 3619 [iuli
998 3527 1062 3620 15]
1073 3582 1083 3618 ,
1102 3547 1191 3598 anno

43 3634 149 3719 regni
167 3633 273 3719 ipsius
290 3633 379 3699 xviii.

125 3731 208 3798 Post
226 3732 319 3798 cuius
339 3730 462 3798 obitum
481 3731 659 3821 principue,
679 3732 712 3798 in
732 3730 852 3816 quibus
870 3733 923 3798 ius
943 3728 1089 3815 eligendi
1107 3747 1192 3796 con-

43 3831 139 3900 sistit
164 3828 347 3897 secundum
374 3829 667 3918 consuetudinem,
707 3831 741 3896 in
771 3830 824 3898 die
849 3829 988 3916 Philippi
1017 3835 1050 3896 et
1074 3828 1192 3896 Jacobi

46 3926 137 4021 [mai
159 3925 198 4019 l]
217 3931 250 3995 in
269 3927 490 3996 Vranclreiurt
516 3934 759 4018 convenerunt,
788 3934 821 3996 et
846 3928 1012 3996 dominum
1031 3925 1187 3995 Adollam

84 4103 116 4165 l]
136 4099 282 4156 Rudolinm
308 4101 388 4154 sollte
414 4117 443 4154 es
468 4100 591 4168 heissen,
616 4102 665 4156 der
689 4100 785 4154 iedoch
810 4118 860 4154 nur
878 4100 1023 4154 verwalter
1042 4099 1090 4152 dor
1109 4097 1192 4152 obern

45 4168 298 4305 ssadgrgszrmniebt
316 4167 490 4238 cigentlicher
508 4169 609 4239 herzog
627 4187 680 4224 von
699 4168 860 4224 Schwaben.
897 4173 929 4235 2)
948 4183 1063 4239 persona
1081 4169 1116 4222 ist
1135 4181 1190 4221 uon
