2890 4832
275 225 344 293 352
621 254 658 298 uu
680 251 849 300 eouurmuo
872 251 1056 298 conouuuusr.

191 401 257 459 12¹5
276 393 318 461 ab
339 391 457 460 eodem
476 392 701 479 impetrantes.
728 389 826 471 Quod
844 390 964 458 iactum
983 391 1083 458 estin
1104 392 1218 478 vigilia
1237 393 1318 462 beati
1334 394 1395 462 Ja-

273 491 349 561 cobi
368 491 511 579 apostoli
531 486 607 579 [iuli
626 486 702 580 ab}
723 484 725 487 ’
1085 515 1089 522 ·

348 590 384 657 ln
402 593 476 678 ipsa
495 591 598 657 eciam
616 589 729 672 vigilia
746 586 932 656 Fridericus
958 605 1017 656 rex
1041 587 1152 655 Sicilie
1171 606 1243 656 eum
1263 593 1395 679 quibus-

273 689 349 757 dam
365 689 570 777 prineipibus
594 693 628 754 et
645 686 811 754 nobilibus
831 687 932 754 totius
957 686 1174 773 Letharingie
1197 686 1392 778 Aquisgrani

272 789 424 877 uenienS,
444 788 602 875 sequenti¹
616 785 669 853 die
685 787 812 853 scilicet
826 787 860 852 in
878 785 966 854 sesto
985 787 1092 853 sancti
1108 786 1228 855 Jacobi
1246 786 1315 879 [iuli
1330 792 1392 882 25]

273 905 293 954 a
312 886 431 954 Siirido
448 887 562 972 legato
579 886 763 972 apostolice
783 884 885 974 sedis,
906 885 1043 953 Colonia
1062 885 1311 978 archiepiscopo
1327 910 1393 958 non

273 988 448 1075 existente,
465 987 498 1052 in
514 1002 625 1070 regem
642 985 787 1072 ungitur,
807 985 887 1050 etin
902 984 1005 1069 regali
1020 983 1101 1050 sede
1116 985 1306 1056 collocatur.
1323 989 1393 1069 Quo

272 1103 351 1152 mox
369 1091 567 1152 consecrato
577 1135 587 1172 ,
606 1082 760 1150 Johaune
778 1081 940 1150 Xautensi
958 1082 1161 1152 scholastico
1181 1103 1312 1155 erucem
1328 1089 1393 1156 ibi-

273 1183 347 1251 dem
366 1183 567 1271 predicante,
587 1181 629 1249 ad
647 1181 901 1248 subventionem
920 1187 1036 1249 sancte
1055 1187 1141 1249 terre
1162 1201 1262 1252 cruce
1282 1188 1394 1273 signa-

272 1289 333 1350 tur.
360 1283 441 1350 Posi
459 1299 555 1369 quem
576 1278 716 1348 Sisridus
735 1279 983 1364 Mogoniiensis
1003 1281 1287 1374 archiepiscopus,
1305 1285 1392 1354 Leo-

272 1381 420 1450 dioensis
432 1380 715 1464 Bavinbergensis
729 1379 955 1446 Pactaviensis
969 1377 1228 1464 Argentinensis
1240 1386 1435 1473 episcopi,

273 1481 340 1548 dux
357 1480 524 1567 Meranre
552 1478 619 1546 dux
637 1476 833 1565 Brabantre
858 1477 897 1544 H.
921 1476 988 1544 dux
1006 1477 1047 1544 de
1066 1478 1243 1571 Lpnburg,
1270 1483 1335 1550 dux
1353 1484 1390 1550 de
1433 1493 1435 1556 i

271 1576 393 1666 Aneei,
420 1578 585 1665 palatinus
605 1593 717 1644 comes
735 1575 777 1643 de
796 1576 965 1665 Tuingen,
993 1576 1138 1644 marchio
1161 1577 1204 1644 de
1229 1581 1335 1670 Rode,
1363 1583 1434 1649 S.

272 1695 385 1746 eomes
411 1676 453 1744 de
476 1675 562 1762 Los,
591 1675 645 1742 W.
664 1675 1004 1764 eomesdeJuiiaco,
1032 1675 1202 1744 Heomes
1226 1679 1434 1768 deSeine
1433 1741 1435 1772 ,

271 1775 311 1842 H.
330 1793 443 1844 eomes
463 1775 503 1842 de
518 1774 645 1864 Monte,
664 1774 768 1841 etalii
786 1774 914 1862 plurimi
931 1773 1062 1842 nobiles
1082 1781 1115 1842 et
1131 1793 1255 1862 magua
1273 1797 1392 1866 eques·
1433 1781 1435 1814 ¹

271 1876 331 1943 iris
350 1873 475 1942 ordinis
495 1873 668 1940 multitudo
687 1890 784 1940 cruce
804 1874 988 1958 signantur.
1433 1899 1434 1904 ¹

352 1975 434 2042 Post
457 1973 520 2040 hee
547 1971 756 2039 Trebirorum
783 1971 1052 2058 archiepiscopus
1078 1973 1116 2040 T.
1140 1971 1314 2040 Coloniam
1338 1991 1390 2040 vc·
1433 1959 1434 1992 ³

270 2074 386 2160 niens,
412 2074 504 2140 cives
531 2071 573 2139 ad
597 2070 809 2138 concordiam
828 2077 861 2137 et
879 2069 1118 2138 subiectionem
1137 2071 1292 2140 Friderici
1309 2074 1390 2157 regis

269 2171 470 2239 hortabatur.
497 2168 594 2250 Quod
621 2169 697 2236 dum
720 2188 792 2236 eum
811 2168 895 2236 duee
913 2169 1090 2237 Brabantie
1110 2170 1337 2260 elaborasset,
1363 2171 1389 2236 in
1434 2257 1435 2260 Ἴ

270 2275 389 2338 octava
408 2271 513 2336 sancti
532 2269 743 2335 Pantaleonis
764 2263 858 2356 [aug.
876 2264 917 2357 li]
937 2270 1058 2336 missas
1072 2270 1105 2335 in
1125 2269 1272 2337 eeclesia
1291 2270 1389 2337 saneti
1427 2260 1432 2321 ἓ

269 2368 355 2434 Petri
382 2367 576 2456 celebravit,
603 2367 724 2434 elerum
750 2373 783 2433 et
804 2365 961 2454 populum
981 2385 1000 2434 a
1017 2366 1108 2435 nodo
1127 2370 1388 2435 exeommunica—
1434 2369 1435 2376 ’

269 2467 369 2534 tionis
393 2466 545 2534 absolvit.
572 2465 654 2532 Nam
678 2466 794 2532 civitas
819 2483 878 2553 per
903 2483 1023 2532 annum
1047 2472 1080 2532 et
1097 2469 1244 2553 quinque
1264 2483 1387 2534 menses

267 2571 403 2654 propter
418 2567 647 2653 imperatorem
667 2566 949 2631 excommunicata
965 2571 998 2632 et
1014 2564 1076 2631 sub
1094 2564 1271 2633 interdicto
1289 2563 1386 2654 po'sita

268 2663 374 2732 suerat
398 2671 431 2732 et
457 2664 569 2732 divina
593 2664 626 2729 in
652 2663 804 2730 ecclesiis
831 2663 942 2730 officia
966 2665 1099 2730 omissa.
1127 2665 1164 2730 in
1188 2665 1265 2752 ipsa
1291 2665 1383 2732 eciam

268 2763 322 2831 die
335 2763 520 2832 Friderieus
535 2779 592 2829 rex
608 2762 773 2828 civitatem
789 2762 965 2846 ingressus
984 2781 1003 2828 a
1022 2762 1149 2830 civibus
1166 2769 1199 2829 et
1214 2763 1304 2831 clero
1315 2780 1381 2830 sus-

268 2863 401 2952 cipitur,
429 2868 462 2929 et
487 2880 546 2950 per
564 2865 692 2948 septem
710 2859 782 2927 dies
800 2860 922 2927 ibidem
942 2859 1147 2951 demoratuS,
1175 2879 1294 2929 omnes
1313 2877 1381 2948 pre-

269 2966 383 3028 sentes
402 2961 532 3029 nobiles
552 2965 616 3026 tam
633 2960 838 3046 superiorum
855 2977 952 3046 quam
970 2959 1158 3027 inieriorum
1174 2962 1315 3047 partium
1332 2958 1381 3026 iai-

269 3077 326 3127 sas
346 3066 495 3126 monetas
521 3066 554 3126 et
580 3059 722 3125 iniustas
749 3059 943 3126 exactiones
962 3058 1173 3144 vectigalium
1193 3058 1341 3126 abiurare
1357 3063 1382 3123 et

267 3157 390 3224 firmam
407 3175 522 3244 paoem
541 3157 666 3224 firmare
684 3158 841 3244 precepit
1427 3195 1428 3215 r

340 3256 419 3344 lpso
444 3275 532 3324 arrno
557 3276 588 3324 v.
613 3256 678 3322 bai.
703 3256 899 3343 septembris
925 3257 1010 3324 circa
1035 3256 1148 3323 boram
1172 3255 1310 3342 primam
1326 3251 1379 3320 diei
1427 3251 1429 3360 t

266 3361 353 3423 terre
372 3361 480 3423 motus
499 3354 567 3422 init.

328 3453 466 3522 Eodem
493 3455 597 3521 eciam
624 3470 712 3520 anno
738 3470 825 3541 papa
851 3449 954 3517 Rome
979 3451 1153 3518 concilium
1179 3450 1303 3518 habuit.
1328 3447 1378 3517 Ubi

265 3559 331 3620 tam
350 3553 391 3620 de
410 3552 636 3620 transmarinis
654 3552 801 3639 partibus
821 3567 917 3636 quam
937 3547 979 3616 de
995 3550 1121 3617 eunctis
1134 3549 1376 3617 Christianorum

266 3651 386 3718 finibus
410 3651 606 3740 patriarchis
635 3649 895 3737 archiepiscopis
923 3647 1090 3735 episeopis
1115 3647 1291 3716 abbatibus
1309 3663 1376 3734 pre·
1426 3663 1430 3729 ἦ

266 3751 341 3816 latis
367 3751 580 3818 ecclesiarum
609 3749 842 3835 congregatis,
868 3747 901 3812 in
927 3746 1070 3814 ecelesia
1097 3748 1204 3814 saneti
1227 3744 1373 3814 Jobannis
1425 3788 1428 3803 .

266 3847 408 3933 baptiste
438 3849 612 3917 concilium
639 3849 672 3914 in
705 3846 793 3914 festo
825 3845 931 3912 sancti
960 3844 1094 3911 Martini
1119 3841 1214 3934 [nou.
1242 3843 1304 3935 11]
1333 3844 1374 3907 iu·

267 3945 418 4012 choatum
446 3954 478 4013 et
500 3965 608 4033 usque
633 3944 676 4012 ad
696 3944 815 4011 festum
835 3945 941 4024 sancti
959 3940 1091 4009 Andree
1112 3940 1206 4032 [nov.
1228 3940 1290 4033 30]
1308 3957 1372 4030 pro-

267 4049 412 4110 tractum.
447 4045 552 4112 Nichii
577 4045 712 4129 dignum
739 4043 893 4110 memorie
920 4041 1010 4128 quod
1037 4041 1260 4108 commendari
1283 4037 1374 4129 possit
1426 4093 1427 4096 ,

266 4142 310 4208 ibi
329 4148 436 4208 actum
455 4149 522 4228 est,
542 4146 605 4209 nisi
624 4141 714 4229 quod
733 4140 899 4209 orientalis
919 4141 1079 4228 ecclesia,
1105 4140 1195 4226 quod
1221 4146 1315 4207 antea
1330 4139 1371 4202 in·
1426 4153 1427 4222 ξ

268 4239 413 4306 auditum
440 4238 517 4326 suit,
546 4258 583 4306 se
609 4240 773 4306 subditam
799 4239 944 4306 Ronrane
964 4238 1105 4306 ecclesie
1125 4239 1279 4306 exhibuit.
1309 4235 1372 4304 Nam
1423 4223 1428 4331 j
