2890 4832
274 208 343 278 306
591 234 728 286 caustum
750 234 819 282 vrvn
840 237 863 282 s.
885 236 1070 284 encsuernrr.

272 374 438 446 recedens
457 392 478 441 a
496 372 655 442 clericatu
681 372 789 444 lactus
817 382 869 444 cst
885 377 979 446 miles
988 429 999 467 ,
1025 383 1059 446 ct
1076 379 1168 444 tanto
1187 373 1338 444 fortassis
1355 375 1391 444 ad
1435 409 1439 454 c

271 472 519 560 malignandum
545 473 726 560 promptior
756 483 881 562 quanto
910 495 931 544 a
956 475 1066 562 gratia
1094 476 1260 542 remotior.
1306 473 1389 543 Unde
1438 509 1439 550 r

272 573 381 642 David
406 575 439 640 in
465 571 619 660 psalmo:
648 571 712 658 (lui
735 574 892 660 elongant
916 593 965 659 se,
990 577 1113 664 inquit,
1141 579 1218 640 otc
1239 572 1390 658 peribunt,
1438 607 1439 650 r

268 673 445 759 perdidisti
461 688 572 738 omncs
591 671 645 755 qul
658 671 869 754 formabatur
887 673 947 742 cbo
961 679 1002 740 tc.
1015 674 1090 742 Non
1105 679 1219 762 potest
1236 689 1314 740 esse
1330 673 1390 740 sine
1438 713 1439 748 r

272 773 419 860 periculo
439 777 471 840 et
489 769 594 856 gratie
613 768 810 840 detrimento
831 773 966 860 quando
985 773 1114 861 clerici,
1142 773 1198 858 qui
1218 770 1391 840 secundun

273 889 395 941 nomen
426 887 521 938 suum
547 867 705 936 desorto
731 876 809 940 sunt
832 871 903 960 dei,
930 872 1047 942 ordine
1072 877 1198 939 mutato
1225 871 1336 938 militie
1359 888 1390 937 sc
1438 919 1439 922 ,

272 971 461 1057 mancipant
479 967 630 1035 seculari.
649 968 758 1060 Tales,
778 971 865 1038 sicut
883 972 1068 1058 exemplum
1086 969 1249 1038 habemus
1267 971 1300 1037 in
1317 968 1390 1036 mul-

184 1133 189 1140 .
273 1071 334 1159 tis,
353 1087 426 1136 cum
444 1065 487 1134 ad
506 1066 626 1134 mulum
642 1073 678 1134 ut
696 1066 760 1135 dici
780 1071 867 1137 solet
885 1069 1034 1140 deterius
1053 1068 1203 1157 tendunt,
1224 1070 1320 1136 etiam
1331 1086 1390 1134 ma·
1438 1106 1439 1122 κ

272 1169 314 1237 lis
331 1169 464 1256 peiores
484 1171 517 1232 et
535 1163 725 1234 crudelibus
745 1167 948 1236 crudeliores
968 1169 1058 1238 liunt.
1086 1167 1170 1236 Hinc
1188 1166 1331 1235 deremic
1348 1165 1391 1232 di·
1432 1217 1439 1248 ,ἶ

273 1269 356 1336 citur
373 1286 393 1334 a
412 1265 563 1334 domino:
593 1263 682 1350 Quid
695 1268 1017 1336 tucidcadercmlc?
1045 1268 1084 1334 ct
1097 1266 1195 1334 dixit:
1222 1265 1390 1332 marsnae
1438 1305 1439 1346 r

274 1367 344 1449 las,
363 1365 472 1431 molas
495 1361 601 1430 calda.
628 1363 726 1432 Ficus
744 1367 829 1434 male
848 1373 926 1436 sunt
943 1367 1079 1452 maligni
1096 1365 1266 1451 religiosi,
1289 1370 1393 1451 utputa
1438 1411 1439 1438 r

273 1464 427 1534 monachi
444 1462 499 1530 vel
517 1462 637 1530 clerici.
657 1463 853 1540 licusmalc
872 1465 969 1534 valde
989 1485 1061 1534 cum
1081 1465 1204 1532 exiliis
1225 1463 1307 1532 liunt
1319 1464 1393 1532 laici.
1438 1503 1439 1522 t

273 1564 394 1634 Fuerat
412 1563 499 1630 enim
522 1560 708 1632 Fridcricus
733 1565 867 1632 maioris
894 1565 1038 1633 ecclesie
1064 1562 1277 1632 Coloniensis
1301 1580 1393 1630 canc·
1432 1561 1433 1568 ’

274 1663 381 1729 nicus.
408 1661 446 1728 ln
469 1661 621 1728 comitem
646 1679 689 1728 ex
715 1663 835 1732 clerico
860 1670 1020 1752 mutatus,
1045 1662 1081 1730 lrt
1105 1663 1252 1730 ecclesie
1273 1662 1393 1730 Esscn·
1438 1711 1439 1740 ,

275 1760 402 1831 diensis
421 1758 608 1828 advocatus
625 1763 776 1851 nomine,
801 1781 837 1830 rc
862 1765 937 1850 ipsa
954 1763 1114 1830 inimicus
1140 1760 1214 1829 Non
1235 1761 1322 1828 enim
1339 1759 1393 1827 de·
1432 1763 1439 1856 st

274 1859 413 1928 lenderc
433 1857 493 1926 sed
512 1859 620 1944 magis
639 1858 812 1949 depredari
830 1861 954 1930 didicit.
981 1861 1062 1928 Cum
1080 1867 1173 1948 pater
1191 1861 1266 1927 eius
1285 1856 1393 1926 Amol·
1438 1921 1439 1930 ,

276 1959 339 2026 dus
368 1975 481 2027 comes
508 1956 550 2024 de
568 1958 708 2049 Altana,
728 1961 777 2027 vir
795 1959 971 2029 admodum
988 1959 1155 2048 prudens,
1183 1964 1215 2026 et
1233 1957 1392 2026 modestus

276 2059 357 2126 satis
376 2059 410 2128 in
428 2073 554 2142 genere
574 2075 654 2146 suo,
674 2061 801 2128 vatione
820 2059 1052 2128 advocationis
1072 2059 1154 2126 satis
1172 2057 1322 2125 indebite
1342 2057 1393 2122 iam
1432 2087 1439 2112 r

276 2157 394 2226 dictam
420 2161 580 2224 vexasset
603 2158 799 2248 ecclesiam,
824 2159 889 2226 iste
914 2159 1116 2227 novissimus
1135 2155 1322 2224 Fridcricus
1340 2174 1393 2224 en·
1438 2200 1439 2239 ,

276 2256 405 2323 ossevit
431 2273 512 2321 cam.
537 2252 732 2326 Advocatos
759 2259 831 2326 sive
855 2259 1016 2326 scultetos
1042 2257 1186 2324 ecclesie
1206 2261 1323 2324 contre
1339 2271 1392 2322 vo·
1438 2307 1439 2336 2

275 2355 435 2422 luntatem
459 2352 627 2422 abbatisse
654 2363 687 2423 ct
710 2373 843 2424 suorum
868 2357 1008 2445 amovit,
1033 2373 1092 2444 pro
1110 2353 1205 2421 libitu
1223 2371 1331 2437 novos
1346 2353 1392 2418 in·
1429 2348 1439 2436 ᾗ

278 2455 399 2540 stituit,
419 2451 570 2519 homines
598 2452 641 2520 ad
662 2455 896 2522 monasterium
917 2471 1116 2542 quocunque
1134 2454 1206 2520 iure
1225 2453 1391 2520 attinentes
1429 2518 1432 2527 ⁴

276 2553 378 2619 tantis
397 2551 629 2620 vexationibus
648 2556 856 2643 angariam,
867 2557 1032 2640 tantisque
1052 2552 1287 2620 exactionibus
1306 2566 1393 2618 exoc-
1438 2601 1439 2614 ,

278 2653 367 2719 rians
377 2703 387 2740 ,
405 2656 441 2717 ut
458 2649 578 2718 nobilis
597 2652 651 2720 illa
670 2654 815 2720 ccclesia
834 2653 1016 2722 subsistere
1040 2651 1094 2720 vel
1113 2649 1239 2721 diutius
1260 2648 1392 2718 eiusdem
1438 2697 1439 2737 p

276 2749 482 2818 incubatoris
508 2749 706 2820 insolentias
734 2754 899 2820 sustinere
927 2770 994 2820 non
1019 2755 1147 2838 posset.
1175 2749 1252 2818 Non
1270 2750 1392 2834 legerat,
1438 2803 1439 2828 ,

275 2849 330 2916 vel
356 2849 469 2936 potius
496 2865 564 2918 non
589 2850 777 2938 attenderat
803 2852 959 2938 scriptum
987 2851 1015 2918 si
1042 2849 1189 2937 legerat,
1209 2849 1392 2916 miserrimus
1438 2903 1439 2932 ,

276 2947 350 3014 ille:
383 2947 423 3014 Vc
446 2947 500 3030 qai
521 2950 694 3033 predonis,
717 2967 822 3016 nonne
843 2954 876 3016 ct
892 2953 963 3035 ipsc
981 2947 1203 3034 predobcra'a?
1228 2944 1391 3014 Abbatissa
1434 2999 1439 3040 ¹,

278 3045 393 3132 sepius
413 3063 487 3114 cum
505 3049 675 3118 sonoribus
695 3048 866 3117 Coloniam
884 3051 1042 3136 veniens,
1062 3065 1135 3112 cum
1153 3063 1268 3113 coram
1285 3046 1390 3132 primo·

277 3143 368 3212 ribus
400 3160 480 3210 suas
512 3147 661 3216 miserias
693 3155 727 3216 et
751 3148 908 3216 Fridcrici
937 3147 1114 3214 violentias
1145 3145 1237 3231 prius
1274 3143 1389 3212 dominc
1438 3197 1439 3220 2

279 3241 487 3310 Theoderico
506 3261 546 3311 ac
564 3245 684 3315 deinde
704 3249 777 3314 eius
796 3247 985 3314 successori
998 3243 1201 3330 Engelbertc
1221 3242 1390 3329 archicpis—
1438 3289 1439 3332 3

278 3359 364 3430 ccpo
383 3351 600 3434 exponerent,
621 3345 785 3414 modicum
804 3345 1025 3433 proiecerunt,
1045 3341 1135 3430 quod
1148 3359 1262 3410 amoro
1280 3357 1389 3426 cogna-
1438 3341 1439 3434 J

279 3441 380 3508 tionis
407 3441 507 3510 multa
533 3446 621 3512 circa
644 3445 733 3512 illum
761 3444 1015 3513 dissimularent.
1052 3442 1132 3509 Post
1156 3457 1267 3508 annos
1286 3440 1390 3524 aliquot

279 3557 430 3608 sororum
455 3545 670 3626 querimoniis
697 3544 848 3612 dominus
867 3561 954 3632 papa
973 3541 1161 3626 Honorius,
1189 3555 1322 3606 necnon
1338 3538 1388 3602 in·

278 3645 413 3726 perator
436 3638 622 3710 Fridcricus
649 3641 838 3732 defatigati,
864 3641 1105 3730 compatientes
1132 3655 1215 3726 sepe
1240 3637 1325 3706 dicte
1341 3650 1388 3700 cc-

280 3737 393 3828 clcsie,
412 3747 572 3824 urgentes
590 3743 703 3810 literas
723 3744 881 3829 episcopo
902 3741 1098 3808 direxerunt.
1123 3735 1186 3816 Qui
1206 3754 1279 3803 cum
1297 3732 1387 3802 eccle·

281 3835 330 3900 sie
356 3837 533 3924 imperialis
560 3842 696 3908 iniurias
723 3839 845 3908 diutius
870 3839 1078 3906 dissimulare
1106 3853 1170 3902 ncc
1188 3834 1324 3902 auderet
1340 3845 1387 3896 nec

280 3933 398 4022 vellet,
419 3939 570 4006 comitem
588 3941 675 4008 serio
694 3941 829 4008 monuit.
862 3937 928 4006 Sed
949 3937 1028 4004 nihil
1046 3934 1195 4022 profecit.
1228 3933 1266 4000 ln
1284 3936 1386 3999 tantun

281 4038 391 4098 autom
417 4035 448 4100 ei
470 4039 638 4127 pepercit,
666 4045 700 4106 ut
726 4037 767 4105 de
786 4038 928 4126 propriis
947 4034 1129 4104 redditibus
1148 4033 1247 4100 annis
1266 4027 1386 4115 singolis

282 4139 404 4197 cenam
435 4138 633 4218 pensionem
656 4139 687 4206 oi
713 4135 862 4225 ollcrrct,
889 4133 988 4204 mcdo
1015 4131 1239 4202 advocatione
1264 4127 1386 4214 legitime

282 4229 329 4294 uti
346 4229 457 4298 vellet.
484 4233 553 4302 Sed
578 4235 634 4302 ille
659 4235 789 4302 minime
815 4235 1017 4324 acceptavit,
1037 4231 1192 4318 quoniam
1210 4231 1243 4298 in
1261 4226 1387 4298 malavo-
