2916 4834
277 220 301 286 ⁶
659 251 789 300 nmium
809 250 1040 300 conunmmsrs.

198 393 261 448 terr
283 385 404 457 lustum
418 393 645 480 apostolomm
659 391 746 460 Petri
764 396 798 458 et
813 389 914 458 l’culi.
939 389 981 457 lit
1001 387 1196 458 frumentum
1218 386 1310 475 quod
1325 403 1403 456 ven-

278 483 419 558 debatur
433 491 468 557 in
481 491 644 579 principio
658 489 846 558 obsidionis
861 489 996 574 triginta
1019 487 1148 578 solidis,
1168 486 1309 556 dabutur
1324 488 1402 555 circa

278 583 375 653 linem
391 605 453 675 pro
474 589 632 675 tringinta
654 587 799 657 donariis
816 587 869 656 vel
885 580 1085 655 duodecim¹
1105 585 1304 655 voluntario.
1337 585 1403 654 Do-

277 683 387 752 minus
407 683 582 756 Heinricus
597 689 777 775 episcopus
793 686 989 754 Basiliensis
1008 687 1087 753 emit
1102 703 1122 752 c
1139 685 1259 754 comite
1280 683 1403 752 l’birre-

277 788 383 850 torum
407 785 517 853 Ulrico
545 794 579 854 et
597 785 665 854 lilio
689 787 762 853 eius
786 787 973 853 comitatum
998 783 1218 852 l’hirretcrum
1240 800 1304 872 pro
1325 783 1404 851 millo

277 883 418 969 marcis,
441 890 475 950 et
496 883 549 952 ab
565 901 606 952 eo
622 886 656 952 in
672 883 805 953 feodum
827 890 1033 972 receperunt.
1059 883 1192 951 Fratres
1215 883 1326 950 suncti
1340 879 1404 950 Au·

278 982 405 1065 gustinl
420 983 454 1048 in
468 981 633 1052 Gebuilre
656 983 753 1072 valle,
768 983 802 1050 in
822 997 888 1069 qua
909 989 987 1052 onte
1002 996 1131 1070 paucos
1158 997 1267 1050 onnos
1297 981 1404 1049 civitas

277 1079 432 1148 inchoato
451 1079 567 1171 luerat,
592 1095 688 1149 snum
706 1080 887 1170 capitulum
908 1079 1170 1149 celebraremnt.
1198 1079 1321 1149 Comes
1341 1075 1404 1147 llu-

277 1175 388 1246 dolsus
406 1177 448 1248 do
463 1179 652 1268 Hubispurc
674 1181 788 1268 posuit
807 1178 1016 1248 exactionem
1038 1195 1139 1268 super
1163 1177 1318 1247 hominos
1333 1193 1405 1246 suos

277 1275 500 1348 advocatitlos
514 1285 548 1346 et
564 1281 694 1368 occepit
706 1279 748 1347 ub
765 1281 814 1346 eis
831 1279 950 1364 viginti
963 1277 1052 1346 mille
1067 1277 1230 1365 qumtuliu
1248 1277 1404 1344 immenti.

277 1373 402 1444 Milites
424 1375 573 1446 stelliferi
600 1377 732 1466 expulsi
756 1376 799 1446 de
822 1377 955 1446 Busilcu
983 1377 1061 1445 hino
1085 1376 1164 1444 inde
1191 1373 1404 1462 rogabantur.

279 1472 459 1560 Gregorius
482 1475 630 1544 decimus
653 1477 781 1545 electus
796 1475 931 1544 infesto
949 1475 1073 1562 Egidii.
1100 1474 1221 1543 Comes
1242 1473 1404 1543 Gotliidus

279 1569 321 1639 de
335 1571 544 1642 Lunienberc
558 1575 648 1642 obiit
684 1573 804 1644 Comes
821 1571 863 1642 de
878 1573 1010 1642 lriburc
1025 1573 1116 1642 obiit.
1149 1572 1270 1642 Comes
1285 1571 1404 1641 undol-

279 1667 333 1737 ius
357 1672 540 1741 combussit
562 1675 797 1742 monesterium
825 1673 966 1742 Grunds
983 1671 1087 1742 Vallis
1113 1678 1146 1740 ot
1168 1673 1283 1761 plures
1307 1671 1404 1739 villos.

278 1767 331 1864 De
351 1767 477 1838 Riehen
504 1773 614 1840 rustici
639 1772 876 1841 interfecerunt
902 1771 1047 1840 nobdcm
1066 1773 1171 1838 virum
1192 1767 1404 1838 Wernberun

278 1867 413 1936 militem
428 1869 647 1938 Basilicnsem
666 1871 789 1939 dictum
805 1870 846 1939 dc
866 1867 1062 1958 Argentina.
1088 1869 1250 1938 Dominus
1274 1871 1404 1958 cpisco-

278 1983 343 2055 pus
360 1967 556 2037 aniliensis
583 1967 676 2039 dedit
696 1976 838 2039 castrum
866 1961 957 2037 ....²
981 1985 1055 2036 oum
1081 1967 1303 2056 quadraginta
1323 1985 1404 2035 mur-

279 2082 389 2134 oorum
411 2067 594 2136 redditibus
615 2087 676 2157 pro
703 2075 812 2138 castro
838 2067 1035 2137 lulenstoin
1062 2065 1197 2136 domino
1220 2067 1264 2135 dc
1288 2063 1404 2134 Tulen-

281 2165 378 2235 stein.
1182 2228 1184 2232 .
1303 2160 1306 2165 ’

355 2259 548 2334 Moolxxii.
567 2264 694 2334 Comes
703 2264 866 2334 Rudollus
880 2264 923 2334 dc
937 2263 1114 2353 llubspuro
1128 2270 1275 2332 castrum
1284 2260 1403 2331 Tolen-

281 2361 368 2428 stein
386 2362 517 2431 obsedit
542 2369 577 2431 et
598 2363 745 2441 funditus
763 2363 937 2434 destruxit.
965 2363 1114 2433 Castrum
1131 2362 1251 2430 Werru
1274 2360 1402 2430 reedifi-

281 2463 717 2530 caturcontmvolnntatem
740 2479 891 2532 soromm
913 2460 955 2531 do
975 2462 1161 2548 Clingentol
1184 2461 1226 2528 ab
1250 2459 1403 2550 episcopo

279 2558 459 2628 Basiliensi
487 2561 653 2630 Heinrioo.
686 2561 859 2630 lohannes
893 2562 987 2630 miles
1016 2561 1058 2629 de
1090 2561 1237 2628 Lonscro
1261 2577 1282 2627 a
1307 2559 1403 2626 servis

280 2659 351 2726 suis
384 2657 553 2729 occiditur.
594 2659 715 2728 Comes
741 2659 902 2729 Rudollus
934 2659 976 2728 de
1000 2659 1176 2747 llebspurc
1204 2673 1279 2726 oum
1310 2663 1403 2725 oncr-

283 2757 348 2824 citu
370 2761 510 2827 veniens
524 2776 628 2847 prope
647 2757 840 2845 Friburgum
856 2764 934 2847 post
951 2757 1072 2826 festum
1088 2764 1205 2826 sancte
1223 2756 1403 2843 Margarele

283 2855 358 2942 [iuli
375 2855 439 2943 13]
458 2857 610 2924 homines
630 2863 663 2924 et
684 2873 814 2924 messes
832 2859 928 2926 nimis
950 2859 1097 2944 graviter
1114 2855 1314 2924 devastavit
1338 2852 1402 2921 Vo-

280 2954 354 3022 lcns
382 2960 490 3022 entem
516 2957 609 3022 cives
636 2953 677 3022 de
701 2955 914 3024 Nuwenburc
939 2955 1071 3046 ledere,
1100 2971 1168 3022 non
1187 2952 1314 3043 potuit;
1337 2952 1403 3040 quic

282 3049 436 3119 dominus
455 3053 650 3122 Basilicnsis
670 3052 763 3122 alluit
779 3056 830 3122 eis
848 3053 995 3143 presidio
1012 3053 1218 3123 festinanter.
1244 3051 1403 3139 Postplu-

283 3167 337 3218 res
364 3148 437 3218 dies
462 3151 615 3220 dominus
642 3153 822 3242 episcopus
846 3151 995 3221 lllrcnum
1017 3154 1182 3222 transiens
1209 3149 1323 3218 comiti
1343 3148 1404 3216 llu-

284 3247 376 3317 dolio
401 3249 630 3337 plnres-villus
654 3249 856 3342 devastavit,
882 3252 995 3340 plures
1019 3254 1123 3320 coium
1146 3251 1225 3336 igne
1246 3247 1403 3332 cremavit,

284 3348 485 3416 cemiterium
516 3345 716 3419 Richisheim
751 3367 888 3439 prorsus
915 3349 1048 3420 delevit.
1098 3348 1218 3418 Comes
1252 3343 1403 3416 liudolfus

284 3455 490 3534 congregato
516 3451 664 3518 exercitu
688 3451 780 3517 venit
809 3465 912 3538 prope
943 3449 1107 3518 Basileon
1115 3499 1125 3537 ,
1151 3447 1261 3515 villum
1292 3443 1402 3514 ibidem

284 3545 458 3614 succendit
481 3555 515 3615 et
532 3547 668 3636 predum
687 3548 722 3615 in
742 3547 883 3617 Seconls
903 3545 1051 3617 deduxit.
1078 3545 1284 3614 Basilionses
1305 3547 1401 3633 ipsun

285 3645 426 3713 insecuti
445 3647 510 3734 ipsi
527 3661 651 3716 nocere
669 3643 800 3714 minime
818 3652 973 3734 poterant
990 3645 1044 3714 vel
1066 3644 1244 3714 audebunt.
1271 3643 1332 3712 Die
1348 3657 1403 3710 oc·

286 3748 362 3810 lova
382 3743 551 3812 Laurentii
574 3744 668 3834 [aug.
685 3743 748 3832 ll]
775 3751 868 3813 ortus
893 3745 945 3812 est
965 3745 1055 3830 ignis
1079 3746 1115 3812 in
1140 3743 1239 3812 domo
1260 3740 1401 3830 quadan,

287 3844 320 3907 ct
338 3845 408 3908 tota
432 3841 589 3934 seponis,
613 3848 724 3934 preter
746 3843 920 3912 ecclesium
942 3843 1050 3912 suncti
1067 3843 1152 3910 Petri
1174 3849 1208 3909 et
1224 3841 1342 3910 domos
1357 3837 1403 3904 ri·

286 3940 379 4007 oinos
397 3947 554 4033 quatuor,
583 3944 715 4030 penitus
742 3943 976 4011 concremavit.
1010 3941 1087 4030 Ipse
1114 3946 1223 4009 nutem
1246 3937 1304 4008 die
1326 3931 1404 4008 venit

322 4115 352 4176 ll
372 4127 402 4165 so
421 4111 465 4166 die
483 4113 535 4178 bs,
553 4112 603 4166 dor
621 4113 706 4167 drock
724 4113 770 4168 but
786 4115 858 4178 xuii3
880 4113 925 4168 die
943 4112 1165 4182 norbergehcnde
1182 4111 1245 4166 mbl
1263 4129 1315 4166 xxx
1331 4106 1403 4164 morin

287 4177 365 4234 beido
383 4177 618 4234 bbereinslimmen
636 4181 709 4234 kann
727 4181 806 4234 lmum
825 4179 921 4250 richtig
936 4183 1003 4236 sein.
1039 4185 1071 4248 2)
1090 4179 1203 4242 erodor
1220 4188 1247 4234 et
1264 4178 1308 4234 hal
1322 4173 1403 4232 diebu.

287 4249 313 4302 in
333 4247 381 4301 der
397 4247 478 4302 lincke
496 4263 552 4302 rcus
569 4247 637 4302 auch
656 4248 731 4302 nicht
752 4251 859 4318 genrigt.
