2878 4834
371 269 494 316 neroum
517 270 581 316 cnr.
602 269 665 316 arr.
689 269 792 316 conon.
1079 234 1150 309 285

28 406 141 496 scripta
160 405 282 475 exinde
302 405 456 476 coniecta
474 415 507 477 et
524 409 701 476 existentia
715 425 782 475 non
800 407 1004 500 panderent,
1028 409 1150 480 nihilo-

26 507 123 573 minus
137 507 257 574 vasalli
275 511 308 574 et
327 508 558 575 ministeriales
585 507 730 576 ecclesie
749 505 960 576 Coloniensis
980 509 1152 598 temporali

25 603 235 672 iurisdictioni
252 624 311 693 per
329 624 403 673 eum
421 606 560 696 adiecti,
588 625 629 674 ea
645 608 771 694 passim
786 615 1025 699 memorantes,
1045 627 1064 676 a
1082 627 1151 695 gc·-

28 705 193 770 ncratione
210 706 243 771 in
263 707 516 790 generationem
542 724 609 773 non
634 705 798 772 tacebunt.
826 704 887 773 Hic
909 724 1047 794 corpora
1071 709 1150 774 reli-

29 803 165 890 quiarum
188 809 375 872 sanctorum
391 804 542 872 studiose
560 803 758 892 ubicumque
773 804 919 890 collegit.
945 805 1150 894 imperatore

27 901 112 968 tratre
131 917 198 968 suo
215 903 249 968 in
262 900 388 970 Italiam
405 910 515 992 eunte,
540 903 782 990 Galliarumque
801 907 837 971 ut
852 906 1048 993 premittitur
1068 923 1150 993 pro-

29 1001 190 1067 curatione
212 1001 274 1068 sibi
293 1001 502 1090 demandata,
522 1007 640 1070 terram
663 1017 904 1090 usquecunque
930 1021 949 1071 a
967 1003 1149 1072 latrociniis

27 1100 181 1190 purgavit,
201 1098 337 1167 Francis
355 1099 477 1168 bellum
492 1101 618 1190 intulit,
644 1107 677 1168 ct
692 1101 838 1169 Parisius
857 1101 970 1170 urbem
988 1101 1149 1171 obsidens

27 1197 101 1286 mpit
114 1203 147 1266 et
166 1199 334 1287 spoliarit.
360 1198 487 1268 Ducem
504 1199 730 1288 Lotharingie,
748 1217 813 1288 qua
840 1217 858 1268 a
877 1199 992 1269 llbeno
1014 1201 1057 1268 ad
1070 1201 1150 1270 Mo-

27 1313 86 1363 sam
103 1295 312 1387 extenditur,
338 1297 573 1389 rebellantem,
602 1303 636 1367 et
657 1305 775 1366 terram
798 1297 963 1368 incendiis
983 1299 1150 1368 intestan-

28 1401 96 1484 tem,
131 1397 243 1485 cepit,
268 1403 301 1463 et
314 1397 455 1464 vinculis
479 1398 635 1465 iniectum
656 1397 763 1466 iratris
784 1397 926 1466 allutnro
951 1391 1074 1468 iudicio
1090 1417 1149 1467 re-

27 1495 168 1561 servavit.
216 1492 291 1576 Quo
308 1513 462 1586 reverso,
483 1495 615 1565 solenni
634 1497 817 1585 principum
839 1495 951 1567 habito
970 1498 1150 1588 colloquio,

27 1591 52 1659 il
65 1594 209 1660 omnium
225 1595 346 1682 pariter
361 1595 523 1664 sancitum
539 1600 592 1664 est
605 1595 805 1684 oonsilio,ut
822 1593 943 1664 devicti
957 1595 1052 1665 alueis
1072 1615 1150 1666 mo-

27 1691 148 1760 narchia
180 1693 308 1780 presuli
336 1693 549 1784 Coloniensi,
578 1695 716 1782 suisque
748 1694 1004 1764 suecessoribus
1030 1713 1095 1764 usu
1117 1701 1150 1764 et

28 1789 85 1858 iure
110 1790 213 1859 cedat
237 1797 416 1882 perpetuo,
448 1809 536 1860 anno
558 1792 601 1860 ab
629 1793 857 1861 incarnatione
887 1793 1020 1862 Domini
1044 1795 1149 1863 nostri

29 1890 207 1958 aecclesie
228 1890 320 1978 quod
337 1889 441 1958 duces
457 1898 490 1959 et
510 1892 663 1979 presules
680 1893 907 1981 nominentur,
933 1893 1148 1980 iudicentque

29 1987 147 2080 gladio,
172 1989 231 2076 qui
258 1991 349 2077 prius
369 2008 458 2058 unco
481 1990 658 2059 utebantur
682 1989 813 2059 baculo.
846 1991 1024 2060 Tuiciense
1050 1993 1148 2060 etiam

27 2093 155 2154 castrum
171 2094 308 2176 propter
321 2085 463 2157 rebelles
479 2088 644 2176 confregit
650 2113 659 2176 ;
675 2095 811 2178 pontem
829 2095 863 2158 et
879 2091 1040 2178 porticum
1056 2096 1147 2159 trans

28 2183 117 2253 Rheni
143 2187 275 2255 alveum
299 2186 438 2278 deiecit,
473 2190 630 2275 quoniam
650 2189 797 2256 latrones
821 2187 1147 2258 Trans-Rhenenses

28 2285 194 2375 ruricolas,
222 2285 264 2354 de
286 2284 359 2354 loro
375 2286 569 2355 Coloniensi
591 2287 787 2373 negotiandi
811 2305 913 2357 causa
940 2287 981 2356 de
1005 2306 1148 2376 vespere

28 2381 216 2474 redeunteS,
241 2384 286 2452 ibi
303 2386 336 2452 ln
353 2387 428 2474 ipso
451 2393 555 2475 ponte
578 2403 652 2454 curn
675 2386 775 2454 rebus
800 2392 833 2454 et
851 2388 920 2455 vita
941 2388 976 2454 in
999 2385 1149 2458 Rhenum

27 2483 176 2567 prolicere
193 2491 447 2552 consueverant.
472 2483 632 2552 Baculum
651 2486 758 2552 sancti
775 2485 879 2576 Petri,
894 2504 914 2553 a
931 2487 1148 2554 Treuerensi-

28 2578 80 2646 bus
95 2584 342 2669 persecutionis
366 2589 510 2672 tempore
532 2601 605 2651 curn
623 2583 695 2651 aliis
719 2583 867 2670 reliquiis
891 2585 968 2652 olim
982 2585 1148 2654 Metensi-

28 2675 80 2744 bus
112 2682 345 2770 commissum,
389 2688 422 2750 ct
445 2681 697 2750 trevirensibus
725 2683 950 2771 repetentibus
977 2690 1146 2774 negatum,

29 2793 90 2843 cum
107 2784 227 2848 catena
241 2779 389 2848 eiusdem
406 2781 550 2869 apostoli
568 2799 587 2849 a
602 2781 737 2850 domino
752 2799 841 2870 papa
856 2781 919 2850 sibi
936 2781 1063 2872 tradita,
1083 2799 1147 2852 nec

29 2891 84 2942 non
97 2877 232 2946 beatum
249 2879 440 2966 Gregorium
458 2880 653 2969 spoliatum,
674 2879 813 2948 Colonia
834 2880 955 2970 intulit,
973 2887 1004 2948 et
1019 2883 1146 2971 prinoi-

29 2975 84 3059 pali
103 2993 163 3044 sue
189 2975 281 3044 sedis
314 2977 473 3067 ecclesie,
503 2978 661 3047 videlicet
683 2979 773 3047 beati
800 2979 903 3069 Petri,
933 2979 1146 3068 contradidit3

31 3088 114 3156 quam
131 3075 232 3166 etiam
249 3076 424 3144 ecclesiam
442 3093 509 3145 uno
524 3075 641 3145 abside
658 3078 690 3145 in
707 3083 850 3166 utroquo
867 3079 969 3146 latere
988 3078 1147 3149 decenter

31 3173 195 3258 ampliavit.
239 3173 366 3262 Corpus
393 3177 491 3243 ctiam
511 3175 600 3244 beati
622 3177 787 3262 livergisti
809 3175 851 3245 ad
874 3183 1022 3246 sanctam
1044 3178 1144 3248 Ceci-

31 3265 92 3335 liam
117 3272 354 3341 coloniensem
387 3273 526 3342 reduxit
576 3275 714 3344 Beatum
745 3275 906 3344 lllicbium
942 3278 1144 3346 monasterio

32 3371 123 3437 sancti
139 3371 275 3439 Martini
291 3370 390 3440 dedit.
406 3372 564 3442 Sanctum
581 3373 765 3442 Patroclum
784 3375 933 3461 gloriose
948 3375 1057 3444 intulit
1074 3375 1144 3443 Su·

33 3471 142 3556 satum;
163 3471 367 3539 monasterio
391 3471 487 3539 etiam
511 3475 544 3540 et
571 3473 716 3540 claustro
738 3472 783 3540 ibi
803 3473 941 3541 fundato
968 3475 1069 3542 multa
1087 3473 1144 3541 le-

32 3579 113 3646 gans.
138 3568 207 3636 lstc
222 3571 319 3637 etiam
340 3571 574 3638 monasterium
592 3571 699 3639 sancti
714 3571 927 3640 Pantaleonis
947 3571 981 3639 iu
1005 3571 1145 3641 Colonia

33 3657 182 3756 fundavit,
206 3667 331 3756 prediis
352 3673 386 3736 et
401 3669 679 3757 possessionibus
695 3669 861 3760 fundavit,
883 3671 1000 3757 inquo
1026 3677 1059 3738 et
1083 3689 1144 3740 se-

33 3762 129 3844 pultus
150 3767 310 3856 quiescit,
335 3767 470 3836 ossibus
492 3769 562 3836 suis
591 3787 611 3836 a
635 3767 813 3838 Rhomensi
836 3771 985 3861 civitate,
1007 3771 1052 3838 ‘in
1078 3789 1144 3860 qua

33 3858 116 3951 obiit,
134 3863 314 3934 honorifice
331 3864 503 3934 Coloniam
519 3867 704 3956 reportatis.

94 3964 176 4032 xxvi.
194 3963 390 4033 Volomarus
411 3965 473 4033 sub
493 3965 611 4034 eodem
629 3963 752 4033 Ottone
766 3964 853 4035 sedit
870 3969 965 4036 annis
984 3967 1027 4034 iii.

96 4063 189 4129 xxvii.
211 4062 296 4132 Gero
308 4117 317 4154 ,
348 4065 395 4132 vir
415 4063 514 4133 valdo
536 4065 734 4154 religiosus,
752 4065 814 4133 sub
835 4065 953 4134 eodem
970 4063 1092 4135 Ottone
1111 4071 1145 4134 at

37 4152 95 4221 eius
110 4157 171 4228 irlio
188 4157 310 4230 Ottone
329 4162 478 4232 secundo
494 4159 582 4233 sedit
597 4164 692 4231 annis
713 4165 769 4252 vii,
783 4165 839 4251 qui
855 4165 1020 4235 abbatiam
1036 4165 1144 4234 sancti

35 4246 90 4320 Viti
102 4257 132 4324 in
151 4259 320 4330 Gladbach
337 4263 486 4330 instituit.
512 4263 550 4331 ln
566 4261 665 4332 domo
687 4264 793 4332 sancti
810 4264 897 4333 Petri
916 4263 1105 4351 requiescit.
