2878 4834
370 191 504 238 cursuum
522 191 592 260 ‚rma
615 195 638 240 s.
659 193 846 240 ereremum.
1101 163 1173 234 295

38 429 178 497 llorihus
203 429 375 496 rethoriois
406 431 592 498 sententias
622 449 823 546 purpurare,
851 430 966 520 quod
966 449 1035 500 nou
1054 447 1173 500 morra-

39 529 188 618 ehorum,
208 527 270 595 sed
285 528 557 617 philosophorum
573 534 635 619 est,
654 531 709 618 qui
728 533 836 616 magis
852 530 896 598 ad
912 532 1171 599 ostentationem

38 629 200 718 scientie,
225 626 388 714 quemad
412 626 657 698 edificationem
673 647 799 698 morum
820 629 1018 722 loquuntur,
1044 645 1173 699 seeun-

39 727 115 795 dum
134 725 379 814 quodquidam
397 727 459 794 ait:

137 825 337 911 Purpureos
354 826 422 894 lote
441 828 498 913 pei
517 825 793 914 splendentem
813 832 848 896 et
862 827 949 896 alter

135 924 294 992 destiter
306 943 448 1011 peneus.
504 1001 508 1008 ,

39 1023 134 1094 Unde
156 1025 300 1094 oratorie
325 1023 540 1094 iucunditatis
567 1024 779 1096 dulcedinem
796 1029 831 1094 et
848 1025 1079 1114 persuasibilis
1098 1025 1172 1094 elo-

41 1125 105 1212 quii
131 1129 346 1192 venustatem
372 1125 480 1194 minus
506 1125 620 1193 utilem
645 1132 880 1215 contemnem,
907 1124 996 1192 beati
1020 1127 1172 1212 martyris

41 1230 135 1293 aetus
155 1231 188 1292 et
203 1229 341 1292 mortem
357 1225 446 1312 stylo
468 1225 607 1314 simpliei
623 1232 823 1314 prosecutus
838 1241 920 1314 sum,
939 1225 973 1291 in
987 1228 1097 1292 textus
1110 1222 1173 1292 de-

41 1323 216 1392 lloratioue
244 1323 351 1409 magis
377 1323 491 1392 divine
520 1325 679 1412 scripture
705 1324 923 1413 testimoniis,
948 1339 1046 1410 quam
1076 1322 1173 1390 dietis

41 1430 140 1491 utens
170 1421 422 1511 philosophicis.
462 1421 618 1492 Vestmm
639 1429 711 1512 est,
738 1423 790 1490 oui
815 1421 969 1491 dominus
999 1423 1174 1490 seientiam

42 1521 199 1612 eontulit,
218 1538 388 1610 apponere
406 1517 550 1590 lineam¹
569 1523 804 1612 surreptionis,
823 1522 868 1589 ita
885 1527 922 1589 ut
947 1527 1060 1589 vestro
1082 1521 1173 1588 iadi-

43 1624 91 1690 oio
124 1621 297 1711 superllua
326 1628 535 1712 reseoentur,
565 1621 723 1709 neglecta
746 1622 981 1710 suppleantur,
1016 1619 1174 1688 mutanda

42 1728 218 1788 mutentur.
252 1719 463 1809 Quapropter
486 1719 640 1810 supplioo
664 1719 863 1789 beatitudini
888 1725 1021 1803 vestre,
1046 1727 1082 1786 ut
1107 1737 1173 1806 que

42 1829 155 1890 vestra
181 1821 351 1910 iussione,
380 1837 450 1888 non
476 1837 551 1888 moa
578 1821 848 1910 presumptione,
875 1835 934 1908 per
960 1819 1174 1886 ministerium

43 1939 149 1988 meum
163 1919 207 1988 ad
222 1919 353 1988 laudem
372 1921 523 2007 martyris
539 1921 732 2008 oonseripta
750 1926 848 2010 sunt,
873 1919 938 1988 nisi
962 1918 1032 1984 iure
1056 1935 1173 2006 repro-

43 2019 108 2087 bari
133 2017 284 2088 debeant
308 2017 401 2108 quod
430 2018 532 2110 absit,
568 2018 806 2088 benedietioue
827 2025 941 2088 vestra
964 2015 1173 2107 roborentur,

42 2119 238 2188 authoritate
255 2123 504 2208 perpetuentur.

435 2283 567 2354 Liber
592 2285 764 2375 primus

113 2421 226 2506 Caput
242 2421 395 2507 primum.
421 2417 472 2487 hd
488 2418 648 2486 honorem
667 2417 721 2488 dei
742 2420 846 2508 patris
868 2423 901 2486 et
921 2417 976 2486 hhi
994 2417 1067 2485 eius
1089 2415 1174 2485 lesu

45 2520 162 2588 Christi
187 2519 311 2588 domini
334 2524 368 2586 et
386 2519 563 2588 saluatoris
581 2519 686 2586 nostri
708 2525 741 2586 et
756 2524 872 2588 sanate
895 2517 1004 2585 matris
1026 2516 1172 2584 eoelesie

45 2627 133 2688 aetus
147 2621 341 2708 passionem
364 2623 397 2686 et
417 2619 555 2686 virtutes
570 2619 716 2706 preoiosi
732 2618 883 2705 martyris
908 2623 941 2684 et
954 2615 1172 2703 arehipresa-

43 2719 79 2787 lis
109 2717 434 2804 uostriEngelherti
465 2715 688 2805 deoriptumS,
718 2719 856 2803 gratiam
884 2717 1005 2783 invoco
1036 2714 1172 2802 spiritus

46 2819 148 2886 saneti
158 2872 168 2909 ,
186 2824 223 2886 ut
240 2819 296 2905 qui
311 2817 376 2884 iam
394 2817 525 2904 positus
541 2833 643 2904 super
660 2815 895 2884 caudelabrum
916 2813 1047 2900 fulgore
1068 2811 1171 2880 mira-

47 2919 188 2986 oulomm
210 2917 301 2985 lueet
325 2917 359 2982 in
385 2915 484 2984 domo
506 2914 579 3004 dei,
599 2921 633 2982 et
656 2917 691 2982 in
717 2916 861 2983 ecelesia
884 2913 1065 3002 specialius
1083 2911 1172 2979 beati

47 3017 125 3084 Petri
145 3015 292 3105 apostoli
316 3015 394 3103 styli
419 3016 482 3082 mei
499 3015 683 3082 ministerio
702 3020 871 3102 uteunque
889 3013 1001 3080 valeat
1017 3011 1172 3096 illustrari

49 3124 76 3182 rt
100 3115 141 3183 od
164 3123 375 3204 posterorum
399 3113 553 3182 notioiam
579 3113 702 3181 utiliter
728 3111 897 3182 deelarari.
937 3109 1078 3180 Videtur
1095 3109 1172 3178 mihi

48 3215 188 3302 inprimis
215 3213 371 3282 antistitis
396 3214 501 3281 nostri
527 3213 725 3281 vooahulum
750 3210 918 3300 quoddam
936 3210 1044 3278 luture
1062 3210 1173 3278 beati-

49 3315 164 3382 tudiuis
190 3315 262 3382 eius
287 3312 390 3380 luisse
415 3313 616 3400 presagium.
642 3311 693 3380 Ex
717 3311 903 3380 Teutonico
928 3312 1015 3379 enim
1032 3309 1172 3376 Latino-

50 3431 107 3499 que
125 3415 342 3502 eompositum
355 3412 541 3498 angelicam
560 3417 660 3480 sonat
676 3411 873 3500 libertatem,
897 3407 1172 3496 signilioanslln-

51 3513 226 3596 gelhertum
251 3513 292 3581 de
319 3513 400 3599 iugo
426 3515 637 3600 peecatorum
664 3527 724 3600 per
741 3511 855 3578 mortis
874 3507 1112 3576 necessitatem
1130 3503 1172 3573 ad

51 3612 225 3696 angelieam
245 3613 454 3698 migraturum
473 3609 667 3678 libertatem.
696 3609 730 3677 Si
756 3609 841 3678 deus
860 3625 878 3676 a
897 3605 995 3675 nohis
1014 3605 1172 3673 mirabilis

50 3711 228 3795 predicatur
252 3713 293 3790 in,
312 3711 438 3785 sarrotis
466 3709 538 3776 suis
563 3710 728 3798 antiquis,
747 3707 972 3793 multomagis
991 3705 1173 3773 mirabilem

53 3825 84 3876 se
101 3811 243 3880 ostendit
266 3812 299 3878 in
324 3827 415 3878 novo
433 3815 576 3896 martyre
604 3815 637 3876 et
661 3808 716 3876 tali
736 3814 877 3895 martyre
897 3805 1016 3874 diebus
1035 3804 1085 3872 his
1104 3823 1172 3873 no-

54 3909 204 4000 vissimis,
231 3927 274 3978 eo
294 3909 385 3997 quod
403 3907 634 3976 miraculorum
652 3913 802 3996 tempora
819 3905 919 3974 modo
938 3922 1006 3973 non
1025 3905 1111 3995 sint,
1137 3909 1173 3972 ut

55 4007 173 4091 quidam
191 4011 253 4078 ait:
280 4025 366 4076 rere
389 4009 462 4075 ootr
482 4009 517 4074 tra
539 4011 633 4074 terre
652 4009 814 4074 roaetttor
828 4005 925 4073 hetae
940 4005 1106 4091 temporie.
1132 4003 1174 4070 Et

53 4104 121 4174 ideo
145 4110 299 4178 mimoula
317 4105 433 4178 erebra
453 4125 517 4202 quie
536 4105 578 4175 de
596 4113 689 4195 patre
708 4111 826 4175 nostro
844 4105 998 4174 videmus
1018 4109 1052 4173 et
1070 4101 1171 4171 audi·

83 4217 108 4284 it
125 4215 230 4272 liuram?
