2950 4836
278 191 350 261 bre
641 217 818 266 amaneus
838 221 873 265 rr
894 218 1054 266 urrunnun

277 360 430 431 comitem
448 358 491 428 de
508 357 694 449 Nassawe,
718 359 823 427 virum
851 359 966 445 utique
990 363 1161 427 strenuum
1186 365 1221 428 et
1243 361 1419 448 illustrem,

275 461 310 530 io
327 477 441 546 regern
453 447 674 527 Romanorum
688 457 885 526 unanimiter
903 458 1087 544 elegerunt.
1115 455 1188 538 Quo
1205 466 1368 529 coronato
1388 467 1419 527 et

275 561 308 627 in
326 575 432 645 regno
450 556 561 625 rraitde
579 556 792 646 confirmato,
811 555 855 626 ob
872 556 1029 625 invidiam
1049 575 1146 644 quam
1164 560 1333 647 principes
1354 557 1418 626 ud·

274 676 395 726 versus
424 657 592 726 dominum
615 653 805 745 Albertum,
838 655 939 724 filium
964 655 1132 742 quondam
1158 659 1298 744 magnii
1324 659 1417 744 regis
1454 687 1455 690 ¹

274 756 425 845 Rudolii,
448 755 566 824 ducem
589 754 740 844 Austrie,
768 755 953 844 habebunt,
984 757 1057 844 ipse
1081 774 1140 824 rex
1163 755 1311 826 Adolius
1336 775 1417 845 pre-

275 855 398 925 dictum
416 855 584 924 dominum
594 851 763 923 Albertum
780 853 822 922 de
841 853 1027 944 ducatibus,
1046 871 1133 942 quos
1148 874 1169 923 a
1185 874 1269 942 rege
1288 859 1323 923 in
1340 856 1417 924 ieo-

275 955 353 1024 dum
370 954 493 1023 habere
512 953 668 1044 debebat,
687 971 756 1021 non
775 953 882 1021 solum
900 953 1071 1022 infeodare
1089 971 1157 1022 non
1176 955 1336 1045 curabat,
1355 954 1418 1023 sed

276 1062 310 1123 et
333 1054 396 1124 sibi
420 1053 558 1122 eosdem
583 1052 725 1120 ducatus
752 1051 881 1120 auferre
904 1052 1095 1120 conabatur.
1138 1051 1239 1134 Quod
1266 1061 1306 1122 ut
1336 1073 1418 1143 pre-

274 1153 384 1222 dictus
403 1152 470 1220 dux
487 1153 653 1241 percepit,
679 1152 796 1220 meiius
821 1169 899 1220 esse
923 1154 1096 1239 prevenire
1124 1171 1225 1240 quarn
1249 1155 1417 1242 preveniri

274 1254 440 1339 cogitans,
459 1252 621 1320 amicitias
640 1253 823 1340 principum
842 1250 962 1319 dueum
981 1253 1135 1320 comitum
1153 1257 1187 1318 et
1205 1254 1319 1321 tocius
1335 1251 1417 1320 Ale-

273 1353 382 1420 manic
407 1369 509 1440 prece
536 1356 570 1418 et
594 1352 701 1439 pretio
720 1351 1003 1438 comparavitet
1028 1349 1071 1419 cd
1098 1349 1353 1420 defendendum
1381 1370 1417 1419 se

276 1451 505 1520 strenuissime
523 1451 722 1538 preparavit.
740 1503 747 1518 .
765 1501 773 1516 .

349 1550 481 1617 interim
498 1549 683 1618 rumoribus
702 1547 1012 1637 crebrescentibus,
1037 1551 1071 1614 et
1093 1545 1136 1614 ad
1154 1561 1256 1615 aures
1275 1545 1417 1614 illustris

274 1647 370 1717 ducis
389 1650 503 1736 sepius
517 1649 719 1736 volantibus,
734 1647 825 1734 quod
842 1665 902 1715 rex
919 1645 1061 1715 Adolius
1080 1663 1155 1713 cum
1173 1644 1216 1714 de
1236 1645 1418 1714 ducatibus

274 1747 444 1836 expellere
474 1748 648 1836 niteretur,
686 1749 759 1835 ipse
792 1747 935 1814 collecta
959 1748 1116 1814 universa
1143 1746 1258 1814 militia
1279 1743 1418 1814 Austrie

275 1845 371 1915 Stirie
394 1853 428 1914 et
444 1845 631 1935 Kerinthie,
656 1847 691 1914 in
709 1845 917 1914 multitudine
935 1863 1057 1931 magna
1083 1862 1234 1912 curruum
1260 1849 1297 1910 et
1316 1845 1418 1930 equi-

274 1951 343 2013 tum
361 1951 479 2014 terram
506 1963 600 2012 suom
626 1962 786 2031 egressus
806 1940 920 2034 [1298
939 1940 1064 2036 mim],
1090 1943 1230 2010 transito
1258 1942 1417 2010 Danubio

272 2046 365 2114 venit
391 2043 433 2112 ad
458 2044 536 2111 litus
563 2042 663 2132 Reni,
690 2050 724 2111 et
747 2049 856 2111 castra
879 2049 1021 2112 metatus
1049 2047 1102 2110 est
1123 2045 1215 2109 iuxta
1241 2042 1417 2109 civitatem

273 2142 392 2211 dictam
409 2142 556 2210 Brisach.
584 2140 644 2210 Cui
663 2161 723 2211 rex
738 2140 882 2210 Adolius
906 2141 1029 2210 ibidem
1054 2142 1089 2208 in
1119 2141 1258 2208 alteram
1285 2146 1416 2229 partem
1457 2197 1458 2218 ,

273 2241 377 2311 litoris
395 2240 477 2308 Reni
496 2259 569 2308 cum
589 2243 734 2308 exercitu
748 2259 811 2308 suo
830 2242 982 2329 occurrit,
994 2239 1056 2308 sed
1074 2246 1192 2308 neuter
1209 2238 1253 2307 ad
1272 2239 1417 2306 aiterum

272 2345 403 2430 poterat
427 2341 610 2428 pervenire.
643 2339 726 2408 Dum
757 2341 806 2408 sio
832 2341 979 2408 certatim
1003 2346 1177 2426 utrumque
1201 2337 1281 2406 litus
1308 2355 1416 2406 occu-

272 2447 370 2530 pant,
396 2437 463 2507 dux
481 2436 655 2528 Albertus,
674 2440 815 2528 receptis
841 2439 958 2506 litteris
978 2437 1135 2512 Gerhcrdi
1161 2437 1412 2525 archiepiscopi

271 2537 461 2625 Mogontiui
481 2543 515 2606 et
536 2538 674 2606 aliorum
691 2536 855 2606 fautorum
881 2555 1015 2605 suorum
1040 2535 1083 2604 do
1101 2535 1144 2604 ad
1166 2537 1263 2624 ipsos
1277 2537 1314 2602 in
1332 2535 1414 2603 Alt-

271 2638 377 2706 zeiam
394 2637 559 2704 civitatem
583 2635 758 2725 veniendi,
784 2637 968 2724 assumpsit
990 2653 1104 2703 secum
1130 2636 1331 2722 episcopum
1349 2632 1405 2701 Ar·
1458 2651 1459 2694 1

270 2736 506 2822 gentiuensem
524 2741 722 2822 ceterosque
739 2736 884 2803 barones
902 2733 1057 2821 Alsaeio,
1088 2751 1128 2802 ao
1154 2751 1262 2800 naves
1282 2751 1411 2801 onera-

271 2839 324 2902 tus
341 2833 420 2902 vino
439 2839 473 2901 et
490 2833 601 2922 blado,
619 2851 678 2923 per
696 2841 814 2902 terram
832 2839 865 2902 et
883 2834 1014 2901 alveum
1030 2831 1124 2923 lieni,
1142 2833 1236 2900 malis
1257 2832 1413 2918 gratibus

270 2936 361 3019 regis
379 2934 545 3001 civitatum
566 2951 606 3000 ac
623 2933 760 3001 aliorum
786 2932 950 3000 fautorum
968 2949 1119 3020 suorum,
1145 2929 1331 3018 intrepidus
1352 2949 1414 2998 us-

272 3049 337 3118 que
355 3033 389 3098 in
406 3029 568 3098 Altzeiam
586 3031 771 3100 descendit.
810 3031 859 3099 lbi
885 3049 905 3098 a
927 3030 1076 3120 predicto
1102 3030 1359 3118 archiepiscopo
1380 3035 1414 3096 et

271 3129 345 3197 aliis
364 3129 569 3198 adiutoribus
595 3132 664 3200 suis
691 3130 836 3216 benigne
863 3135 1063 3219 susceptus,
1089 3130 1198 3217 ipsum
1219 3146 1324 3216 super
1345 3128 1414 3197 do-

270 3229 350 3296 lium
375 3227 527 3296 levantes
552 3230 586 3296 in
613 3247 727 3315 regem
751 3229 977 3297 sublimamnt.
1015 3229 1100 3296 Dum
1128 3228 1190 3295 hec
1213 3228 1247 3294 in
1275 3225 1412 3296 Altzeia

271 3333 452 3414 agerentur
478 3346 536 3394 rex
558 3327 701 3396 Adolius
727 3327 845 3396 ducem
868 3328 1001 3414 insequi
1023 3328 1223 3414 quantocius
1242 3344 1313 3394 non
1333 3345 1413 3394 ees-

272 3426 386 3515 sabat,
412 3432 446 3494 et
464 3428 570 3494 eciem
587 3428 621 3494 in
644 3427 722 3495 vilia
740 3427 829 3495 dieta
846 3426 1076 3515 Eppbenbeim
1094 3427 1156 3494 situ
1174 3443 1281 3513 prope
1302 3425 1410 3493 Wor-

270 3529 403 3592 matium
427 3526 460 3592 in
485 3544 603 3594 ameno
629 3533 724 3613 prato
751 3545 823 3594 cum
849 3527 999 3594 exercitu
1016 3543 1078 3593 suo
1097 3523 1240 3611 resedit,
1265 3541 1411 3612 sperans

272 3641 310 3690 se
334 3623 517 3711 predictum
546 3623 665 3692 ducem
692 3644 765 3693 curn
797 3624 948 3693 omnibus
976 3625 1046 3692 suis
1072 3623 1256 3691 fautoribus
1276 3624 1409 3711 absque

270 3722 324 3789 sui
344 3724 509 3790 exercitus
530 3725 678 3811 periculo
703 3725 860 3792 citissime
884 3729 1123 3812 superaturum.
1148 3721 1217 3790 Sed
1235 3741 1289 3790 res
1312 3724 1407 3789 aliter

271 3821 392 3888 evenit.
417 3821 500 3888 Nam
519 3841 591 3890 oum
611 3841 669 3890 rex
686 3823 720 3890 in
739 3827 829 3892 tanta
848 3839 907 3911 spe
927 3823 1144 3910 consisteret,
1163 3821 1311 3889 dimissis
1331 3839 1352 3888 a
1370 3838 1406 3888 se

272 3918 399 3985 civibus
425 3920 596 3987 multamm
622 3922 790 3988 civitatum
816 3939 890 3988 cum
915 3921 1044 4007 reliquo
1064 3922 1228 4008 exercitu,
1247 3909 1405 4008 sep'edie-

271 4023 339 4084 tum
354 4015 470 4084 ducem
481 4019 677 4110 insequitur,
697 4027 729 4088 et
744 4022 777 4088 in
791 4020 868 4088 loco
884 4021 939 4107 qui
954 4019 1072 4087 dieitur
1088 4019 1301 4108 Hasenberg,
1316 4020 1406 4086 iuxta

271 4114 446 4183 cenobium
476 4119 773 4186 sanctimonialium
800 4119 920 4187 dictum
954 4117 1131 4207 Rosentcl‚
1166 4135 1256 4186 anno
1285 4117 1406 4184 domiui

271 4214 480 4281 moenoviii.
504 4216 538 4282 in
565 4215 618 4284 die
643 4218 798 4287 Processi
826 4223 860 4286 et
877 4217 1065 4285 Martiniani
1085 4213 1159 4306 [iuli
1178 4213 1218 4307 2]
1241 4217 1404 4304 cumipse
