2886 4834
292 224 360 290 118
659 253 821 300 eorrnrnus
842 253 879 297 mr
901 253 1065 299 susurnam.

163 463 166 470 ¹
207 399 273 454 1283
293 391 480 458 Theutunie
501 391 534 456 in
552 389 664 458 odium
682 391 805 460 domini
823 388 952 459 lludolb
972 390 1062 476 regis
1083 389 1179 458 fuerit
1200 393 1413 458 sustentatos.
1433 423 1434 476 p

290 491 477 576 statuitque
496 489 559 557 sibi
574 491 781 559 mansionem
795 492 828 558 in
842 489 957 558 Nusen
967 543 977 580 ‚
995 491 1029 558 in
1047 489 1148 578 opido
1167 489 1292 558 domini
1310 490 1414 556 arehi—

289 590 440 677 episcopi
458 587 671 656 Coloniensis
690 608 791 678 super
811 589 946 657 fluvium
972 588 1073 678 Beni,
1103 589 1213 676 ibique
1237 589 1345 656 faetus
1364 587 1434 674 fuitt

290 705 473 756 concursus
489 705 631 774 magnus
648 707 667 756 a
682 689 850 756 nobilibus
872 688 1100 756 Alemanieet
1117 688 1244 756 civibus
1269 687 1415 754 diversa·
1433 695 1434 784 j

289 806 358 855 rum
379 787 545 854 civitatum
555 839 565 876 ‚
587 787 630 854 ad
649 803 734 874 quos
752 787 838 856 fama
860 787 988 876 repleta
1001 789 1098 854 malis
1115 787 1278 869 evolavit,
1296 791 1329 853 et
1343 803 1434 874 spe-r

290 886 416 954 cialiter
430 885 471 953 ab
488 885 655 976 hereticis,
675 888 778 974 quiin
795 892 1003 974 eotanquam
1019 887 1158 954 insecta
1171 885 1414 953 Maniohcorum
1433 885 1434 958 l

290 986 468 1053 anchoram
478 985 622 1053 heretice
636 988 808 1074 pravitatis
824 986 1041 1054 firmaverunt.
1056 986 1289 1074 Etpermonsit
1304 986 1336 1050 in
1351 985 1417 1072 opi·
1433 995 1434 1074 l

290 1084 333 1152 do
348 1083 498 1173 predicto
509 1083 641 1152 duobus
658 1087 766 1153 annis.
780 1086 951 1153 Etmultos
970 1103 1032 1152 sua
1041 1087 1202 1173 pravitate
1220 1089 1255 1152 et
1271 1089 1341 1152 arte
1355 1085 1434 1170 mal

289 1185 364 1270 giea
382 1182 458 1251 feeit
478 1183 637 1272 titubare,
657 1189 690 1252 et
702 1187 736 1252 in
751 1190 876 1252 tantum
891 1183 981 1271 quod
997 1185 1094 1252 etiam
1114 1184 1225 1270 aliqua
1244 1181 1346 1270 opida
1360 1183 1434 1266 im-r

289 1284 370 1372 perii
396 1281 531 1350 domino
554 1281 698 1351 nudotto
725 1285 797 1370 regi
819 1301 857 1351 se
883 1290 1128 1372 opposuerunt,
1151 1281 1353 1369 Hagenowe
1371 1267 1434 1347 vi-l

290 1381 411 1449 delicet
435 1388 468 1448 et
496 1381 706 1450 Columbaria
731 1390 764 1450 et
785 1383 848 1450 atie
870 1383 1021 1450 civitates
1049 1388 1082 1450 et
1100 1381 1217 1470 opida,
1249 1380 1417 1449 credentes

289 1481 381 1548 illum
397 1479 577 1548 nefandum
591 1499 652 1570 per
668 1499 781 1550 verum
800 1483 921 1552 ostium
945 1483 1105 1572 intrasse,
1127 1499 1200 1549 cum
1228 1481 1434 1548 contrarierat

289 1579 386 1647 fuerit
402 1581 582 1646 inventum.
1043 1590 1045 1594 '
1248 1583 1251 1588 ’

210 1701 276 1756 1285
369 1679 577 1746 Pemioiosus
601 1685 710 1746 autem
737 1680 793 1748 ille
819 1679 918 1749 homo
937 1679 979 1748 de
998 1687 1089 1748 tanto
1110 1697 1255 1748 excessu
1274 1696 1343 1746 non
1361 1683 1434 1745 ereo

295 1782 489 1864 contentus,
510 1783 543 1845 et
561 1796 598 1845 se
617 1779 784 1846 transtulit
801 1777 842 1846 ad
862 1778 1017 1867 oppidum
1030 1780 1157 1866 imperii
1172 1778 1326 1867 Walter,
1342 1775 1418 1864 qnod

295 1882 328 1944 et
344 1879 452 1965 ipsum
480 1876 757 1945 nefandissimum
782 1877 1113 1966 nominemtrecepia
1141 1885 1252 1946 tamen
1271 1895 1342 1944 non
1359 1877 1419 1942 sine

294 1977 419 2044 timore.
455 1975 514 2044 Cui
541 1975 698 2045 invehant
723 1975 822 2065 opida
845 1977 1063 2045 Frankenfurt
1086 1976 1131 2043 W
1133 1977 1227 2044 ettlar
1245 1975 1417 2060 Frideberg

295 2081 328 2143 et
351 2075 554 2143 Geilnhnsen
581 2082 614 2142 et
639 2077 705 2144 alia
729 2075 845 2166 opida,
871 2076 932 2144 sub
959 2077 1071 2144 nubilo
1091 2077 1240 2144 cecitatis
1260 2075 1416 2144 dominun

295 2193 390 2242 suum
416 2176 538 2242 iustum
563 2174 675 2242 dolere
703 2175 857 2242 volentes
885 2181 917 2242 et
942 2175 1101 2243 adherere
1127 2176 1273 2263 iniusto,
1302 2173 1417 2259 sibique

295 2290 425 2341 omnem
445 2291 579 2360 operam
600 2293 697 2362 quam
712 2281 867 2362 poterant
880 2277 1058 2363 operosius
1076 2274 1326 2363 impendebant.
1351 2272 1417 2338 tum

295 2378 404 2439 autem
423 2389 533 2440 rumor
550 2373 681 2442 validus
701 2373 834 2442 auribus
853 2373 975 2442 domini
997 2372 1128 2442 lludolfr
1146 2375 1237 2460 regis
1257 2372 1417 2442 insonuis-

297 2476 350 2538 set
374 2469 416 2537 de
440 2473 628 2562 premissis7
655 2475 801 2540 asseruit
827 2473 892 2541 hoo
918 2490 995 2542 esse
1021 2473 1182 2541 absonum
1208 2479 1243 2539 et
1266 2491 1337 2540 non
1360 2469 1417 2537 fore

296 2587 480 2654 congruum
498 2573 634 2661 rationi,
655 2578 688 2640 et
706 2573 869 2660 reputavit
887 2589 961 2639 eum
979 2571 1102 2640 fatuum
1122 2578 1154 2640 et
1170 2573 1339 2640 insanum.

371 2669 519 2738 Tandem
542 2678 621 2758 post
645 2671 765 2739 multas
783 2673 948 2739 versutias
966 2670 1194 2739 nefandissimi
1213 2671 1374 2756 bominis,
1389 2668 1414 2732 in

296 2774 419 2836 tantum
449 2768 538 2856 quod
568 2773 784 2838 communiter
809 2789 828 2838 a
849 2771 970 2839 'maiori
995 2776 1088 2858 parte
1116 2769 1229 2858 populi
1255 2767 1415 2837 Alemanio

297 2866 509 2934 dubitabatur
541 2887 638 2956 quem
665 2871 813 2958 ipsorum
839 2887 899 2958 pro
930 2867 1063 2938 domino
1087 2869 1211 2937 habere
1228 2869 1369 2953 vellent,
1392 2869 1416 2931 et

297 2965 387 3051 quod
406 2967 561 3034 navicula
580 2967 704 3036 domini
722 2967 851 3037 Rudolh
871 2967 1052 3036 fortissime
1070 2969 1228 3036 vaoitlare
1247 2970 1346 3056 oepit,
1363 2965 1415 3032 hoo

298 3063 599 3134 animadvertentes
618 3066 734 3136 fideles
753 3069 880 3156 imperii
896 3069 1035 3135 etamici
1047 3067 1168 3136 domini
1182 3066 1315 3136 Rudolb
1330 3065 1415 3150 regis,
1433 3097 1434 3128 r

297 3161 452 3230 videlieet
466 3165 772 3234 eonrcsFriderieus
784 3166 1002 3252 deLiningen
1016 3169 1128 3235 senior
1144 3173 1177 3234 et
1194 3184 1310 3235 comes
1323 3164 1416 3233 llber—

297 3259 419 3328 hardus
447 3262 489 3330 de
513 3263 869 3352 llaezenellenbogen,
894 3264 1089 3334 festinanter
1114 3271 1277 3334 venerunt
1303 3263 1344 3333 ad
1362 3259 1434 3329 do-'l

297 3361 417 3428 minum
436 3360 611 3432 liudolfum
629 3383 761 3455 regem,
783 3365 837 3452 qui
856 3365 918 3431 iam
938 3373 1008 3432 erat
1033 3367 1066 3432 in
1086 3364 1260 3433 obsidione
1280 3382 1346 3452 qrra
1363 3360 1415 3428 ob·

298 3459 435 3528 sederat
454 3461 587 3550 opidum
607 3463 814 3532 Columbaria
832 3464 867 3530 in
884 3460 1029 3553 Alsatia,
1056 3463 1205 3532 dieentes
1225 3463 1349 3530 eidem:
1365 3458 1415 3526 niti

299 3557 404 3626 subito
417 3562 630 3644 praeterierat
641 3565 728 3629 olom
745 3563 794 3630 tro
812 3561 931 3629 Matini
942 3581 1116 3648 perverso,
1142 3563 1231 3647 quod
1248 3566 1320 3628 toto
1334 3559 1412 3644 rapio
1433 3581 1434 3636 y

296 3656 465 3726 Alemonr'e
492 3679 528 3726 ae
557 3661 723 3728 mandolla
745 3667 777 3729 et
797 3663 967 3746 preceptis
988 3661 1216 3744 nefandtretmi
1229 3660 1434 3752 aobmrttcrrj

296 3754 394 3822 octtet
418 3776 482 3842 pro
511 3762 684 3828 constanti.
709 3759 824 3829 Medio
851 3767 958 3828 autem
983 3768 1131 3849 tempore
1158 3759 1307 3849 perfidus
1329 3760 1412 3825 horno

298 3854 352 3920 ille
378 3857 512 3924 miserat
538 3857 579 3924 ad
604 3859 771 3927 dominum
794 3857 969 3929 liudolfum
996 3865 1190 3949 regemunt
1215 3858 1268 3926 die
1296 3857 1337 3925 ad
1360 3857 1411 3922 hoc

299 3957 421 4020 statuta
447 3957 575 4024 veniret
601 3958 643 4024 ad
662 3965 877 4047 conspectum
902 3977 1013 4048 snum,
1039 3957 1218 4026 feodasua
1236 3965 1270 4026 et
1287 3970 1410 4042 regnum

299 4055 454 4137 tanqrmm
473 4073 492 4120 a
510 4073 590 4123 vero
604 4058 801 4144 imperatore
817 4062 1021 4146 recepturus
1039 4057 1235 4144 Indignatus
1254 4075 1312 4124 rex
1329 4051 1411 4122 valde

300 4155 333 4217 et
350 4149 391 4216 ad
405 4151 484 4218 iram
502 4155 656 4222 incitatus
675 4174 748 4224 eum
768 4158 817 4226 sie
835 4172 872 4224 se
891 4156 1020 4224 videret
1033 4157 1176 4246 illusum,
1194 4155 1308 4224 relicto
1328 4169 1411 4222 ener-

301 4249 365 4314 eitu
386 4253 564 4338 resumpsit
581 4253 677 4320 alium
696 4256 886 4344 exercitum,
905 4262 938 4322 et
961 4257 1052 4324 venit
1073 4255 1116 4324 ud
1135 4254 1268 4344 opidum
1290 4249 1413 4321 Wetfar
1433 4319 1434 4326 ἵ
