2878 4834
361 301 485 348 naucum
508 301 572 347 car.
594 301 658 348 aar.
681 303 782 349 acuon.
1069 269 1139 341 289

22 449 101 511 ratus
120 447 180 510 est.
209 440 284 530 lpse
312 447 382 510 erat
407 441 480 510 laus
501 439 606 508 decus
625 446 658 508 et
675 460 781 529 paror
797 441 994 530 imperatori.
1021 439 1140 511 Mense

22 559 91 610 nero
121 543 256 627 angusti
282 541 474 629 pestilentia
505 542 538 608 in
564 542 743 608 exercitum
765 543 875 630 venit,
901 559 965 629 qua
995 547 1027 608 et
1054 543 1139 632 ipsc,

22 641 91 731 prob
121 639 234 708 dolor!
262 647 454 730 correptus,
483 640 517 706 in
543 640 771 728 assumptione
799 640 896 707 beate
922 641 1027 708 illaria
1047 641 1140 731 obiit,

23 739 159 808 omnibus
185 738 401 808 dilectoribus
429 737 641 807 Coloniensis
670 738 814 807 ecclesie
845 739 1006 807 tristitiam
1037 747 1140 809 morte

25 857 74 907 sua
89 839 292 926 relinquens.
318 838 392 906 Fuit
415 840 449 904 in
471 839 587 925 lingua
613 837 779 906 discretus
798 844 831 906 et
848 840 1071 928 compositus,
1099 840 1141 907 li·

23 940 87 1006 teris
118 935 325 1005 sufficienter
345 939 545 1027 instructus,
579 937 690 1005 animo
717 943 750 1004 et
775 938 867 1005 vultu
892 939 1140 1029 imperterritus,

23 1037 142 1125 imperio
161 1036 271 1104 tidelis
282 1088 291 1125 ,
311 1037 454 1105 ecclesie
473 1035 687 1104 Coloniensis
709 1043 895 1125 provector.
923 1035 1004 1103 Nam
1024 1043 1056 1104 et
1073 1055 1140 1126 pa·

23 1138 118 1203 latium
136 1135 344 1204 Coloniense
363 1135 495 1222 magnis
513 1133 699 1223 sumptibus
719 1137 912 1225 construxit,
932 1125 1017 1202 duas
1035 1141 1140 1204 turres

24 1236 185 1323 intemplo
215 1237 323 1303 sancti
348 1235 434 1303 Petri
462 1235 576 1302 erexit.
603 1233 727 1302 Decem
752 1235 872 1303 marcis
891 1235 1068 1322 epiphanie
1088 1234 1140 1303 le-

25 1341 94 1401 stum
115 1335 271 1423 instituit;
296 1333 432 1403 totidem
457 1335 492 1401 in
517 1349 601 1401 cena
624 1331 756 1402 Domini
774 1332 817 1400 ad
836 1333 990 1402 solatium
1009 1331 1140 1424 paupe-

26 1453 80 1500 rum
103 1433 240 1502 addidit.
282 1431 428 1501 Octavus
455 1433 695 1520 assumptionis
721 1433 821 1501 beate
848 1433 953 1500 illaria
981 1433 1141 1501 celebrari

25 1534 113 1600 iussit.
139 1531 322 1601 Castellum
341 1532 509 1601 licineolre
534 1533 656 1600 exstmi
675 1531 753 1600 lecit
773 1547 834 1620 pro
854 1533 1030 1602 munimine
1049 1534 1141 1621 epis-

28 1632 105 1718 copii.
130 1631 193 1700 Pro
221 1632 272 1700 his
300 1637 333 1699 et
358 1633 432 1700 aliis
457 1631 498 1698 ab
517 1647 558 1699 eo
575 1630 787 1699 laudabiliter
804 1633 965 1722 peractis,
985 1637 1140 1720 optamus

26 1738 52 1796 ut
72 1738 182 1798 eterna
206 1749 292 1819 paoe
318 1731 352 1798 in
378 1731 520 1797 Domino
545 1732 707 1817 quiescat.
739 1730 833 1798 Sedit
858 1731 954 1798 annis
979 1735 1066 1799 octo.
1100 1729 1142 1798 Et

30 1847 86 1896 oum
103 1831 165 1897 iam
189 1832 288 1898 annis
308 1836 386 1898 octo
410 1830 522 1918 presul
539 1827 749 1898 laudabiliter
766 1831 955 1918 militasset,
974 1832 1008 1896 in
1025 1830 1140 1916 vigilia

28 1931 249 2017 assumptionis
276 1929 374 1997 beate
400 1929 548 2015 Virginis
574 1927 684 1996 valida
712 1927 804 1997 lebre
833 1933 1002 2018 correptus
1035 1945 1140 2017 prope

27 2025 140 2095 Romam
166 2029 259 2097 obiit.
286 2027 386 2096 Cuius
412 2045 529 2096 carnes
555 2033 588 2094 ct
613 2028 744 2096 viscera
760 2026 881 2096 ibidem
900 2028 1032 2116 sepulta
1050 2033 1138 2118 sunt,

10 2134 184 2197 assevero
202 2129 238 2194 in
257 2125 358 2196 domo
377 2128 484 2195 saneti
502 2127 587 2194 Petri
606 2125 776 2194 recondita
794 2127 979 2214 qrriesount.

85 2227 156 2294 xliii.
181 2227 353 2316 Philippus
385 2225 427 2294 de
454 2232 564 2294 castro
590 2223 781 2313 Heinsberg
810 2227 964 2315 natione,
996 2223 1139 2293 ecclesie

29 2327 115 2392 saneti
140 2327 228 2394 Petri
253 2325 402 2394 decanus
429 2331 461 2393 et
485 2325 611 2414 imperii
632 2325 870 2415 cancellarius,
888 2325 938 2394 vir
954 2323 1139 2414 pulcherri-

28 2439 84 2490 mns
100 2430 195 2513 atque
216 2424 331 2514 lortis,
350 2423 495 2513 prudens
515 2430 548 2492 et
570 2424 754 2514 discretus,
780 2422 922 2491 allabilis
933 2476 943 2514 ,
963 2423 1139 2510 magnani-

28 2538 84 2588 mus
101 2529 132 2591 et
149 2541 252 2613 supra
269 2523 403 2592 modum
420 2523 576 2592 liberalis.
595 2523 662 2591 lste
680 2521 789 2594 adhuc
807 2523 957 2591 decanus
977 2525 1138 2612 existam,

30 2625 152 2689 castrum
176 2623 367 2710 Reineolae,
391 2627 427 2690 ut
451 2641 552 2712 supra
578 2622 700 2692 dictum
726 2628 795 2713 est,
816 2641 858 2691 ex
878 2628 1038 2710 precepto
1057 2620 1139 2688 Rei-

29 2717 117 2810 noldi,
135 2721 176 2790 de
194 2739 294 2790 manu
312 2721 423 2790 valida
442 2721 647 2791 reedificavit
653 2774 663 2812 ,
683 2727 717 2789 et
732 2721 882 2810 prelatos
905 2728 1065 2808 tyrannos
1085 2718 1138 2788 iu-

31 2820 111 2900 gavit
135 2821 257 2890 Faetus
283 2837 365 2890 vero
392 2822 666 2912 archiepiscopus
693 2823 726 2889 in
749 2839 847 2888 mann
866 2819 940 2888 lorti
960 2819 1138 2887 Saxoniam

29 2915 154 3009 intrarit,
181 2927 216 2988 et
245 2917 414 2989 Alesenne
441 2919 592 3011 obsedit,
621 2929 654 2990 et
678 2925 748 2988 tota
774 2925 860 2988 terra
879 2918 974 2988 ducis
994 2917 1139 2986 Heinrici

32 3011 210 3105 depopulata
239 3037 311 3088 eum
336 3020 498 3109 triumpho
525 3027 556 3088 et
584 3019 690 3107 gloria
709 3018 813 3088 rediit.
839 3019 1003 3086 [lunatum
1022 3015 1140 3085 West·

32 3111 120 3197 plalie
143 3117 266 3186 adiecit
289 3117 344 3186 vel
368 3119 506 3188 obtinuit
526 3118 795 3188 Coloniensibus
822 3117 951 3186 Extuno
970 3117 1056 3185 duos
1076 3117 1140 3186 du-

34 3219 107 3282 catus
123 3215 236 3284 habuit
254 3219 398 3286 eeclesia
416 3219 639 3287 coloniensis
665 3217 751 3286 Emit
767 3223 919 3306 preterea
938 3223 1055 3285 saneto
1074 3216 1137 3284 Pe-

34 3313 71 3377 tro
89 3314 221 3400 plurima
249 3323 367 3385 castra.
400 3317 461 3386 llie'
487 3335 560 3385 eum
579 3315 752 3407 Heinrieo,
774 3315 839 3384 filio
858 3316 1015 3384 driderici
1032 3315 1139 3402 impe-

35 3414 148 3503 ratoris,
176 3433 274 3502 quom
298 3413 405 3503 Aquis
424 3419 517 3484 unxit
533 3419 566 3485 in
585 3433 717 3505 regem,
745 3415 916 3506 proiectus
935 3417 968 3482 in
987 3412 1140 3502 Apuliam

36 3505 97 3575 obiit
118 3511 263 3602 Neapoli.
299 3513 400 3583 Cuius
427 3534 506 3586 ossa
532 3517 636 3584 relata
662 3523 740 3584 sunt
759 3522 792 3584 et
810 3513 1047 3584 honorabiliter
1065 3529 1139 3579 oum

36 3610 132 3676 ceteris
150 3615 318 3701 episeopis
336 3615 427 3682 iuxta
446 3617 638 3704 episcopam
657 3613 853 3683 Reinoldum
868 3615 901 3682 in
920 3611 1019 3681 domo
1033 3611 1140 3678 sancti

35 3700 102 3772 Petri
125 3711 301 3780 recondita.
330 3713 425 3782 Sedit
450 3716 547 3782 annis
571 3715 648 3784 xxiv
667 3713 729 3783 sub
747 3711 913 3782 Friderioo
933 3718 965 3782 et
983 3707 1139 3779 Heinrioo

37 3799 272 3890 imperatoribus.

95 3905 175 3978 xliiii.
192 3909 301 3978 Bruno
320 3909 452 3977 maioris
478 3909 624 3978 ecelesia
642 3911 845 3998 prepositus.
877 3907 954 4000 Hic,
974 3909 1139 3978 eloctione

40 3993 108 4069 laeta
129 4007 161 4073 in
183 4008 371 4078 Lotharium
396 4007 609 4076 Bnnnonsem
634 4010 839 4098 prepositum
865 4011 961 4077 minis
980 4008 1138 4100 nobilium

41 4109 163 4195 cassata,
189 4109 264 4196 quia
291 4107 378 4176 idem
404 4107 582 4176 Lotlrarius
607 4107 763 4176 electioni
782 4107 824 4177 de
844 4125 881 4177 sa
902 4108 985 4178 lacte
1004 4113 1140 4197 propter

40 4203 136 4268 oretum
167 4209 389 4296 renunciavit,
423 4207 603 4296 episcopus
631 4213 683 4276 est
710 4207 834 4297 iactus,
864 4209 951 4276 sieut
984 4207 1138 4295 snporius

42 4288 202 4372 dictumest
220 4305 260 4375 de
276 4307 452 4398 Friderioo,
472 4307 566 4374 cuins
586 4303 686 4375 irater
704 4311 775 4375 erat
793 4305 976 4376 secundum
996 4321 1137 4373 earnem.

65 4412 184 4468 corana
199 4426 320 4475 rennes.
338 4430 363 4474 a.
908 4413 939 4469 19
