2878 4834
263 193 333 262 252
623 221 750 270 araneus
770 221 1015 270 noevurnumsus

180 373 245 428 ¹292
264 366 315 430 est
334 365 418 430 terre
443 364 563 430 motus.
598 358 724 428 Eodem
743 379 830 432 anno
848 362 892 430 iii.
910 379 988 430 non.
1007 358 1209 452 aprilis[apr.
1230 359 1267 454 3]
1291 362 1376 433 nra--

260 478 321 530 ron
347 479 368 527 a
392 461 535 549 paganis
563 466 616 527 est
642 460 786 530 obsessa
820 467 853 530 et
885 461 1051 530 continuis
1084 461 1374 550 impugnationibus

259 561 336 630 xvii.
355 560 418 628 kal.
435 561 514 628 iunii
535 555 617 650 [mai
630 557 693 650 16]
710 561 833 629 occisis
847 560 968 629 incolis
982 559 1130 628 funditus
1145 567 1198 628 cst
1212 561 1375 632 destructa.
1429 585 1430 600 ¹

333 659 587 728 Mcctlxxxxtii.
613 658 698 727 Non.
716 661 792 728 maii
819 655 963 751 [maii]
989 658 1133 728 Adolius
1159 679 1273 730 comes
1298 661 1375 730 Nas—
1429 687 1430 730 ;

260 777 345 848 soye
362 759 398 826 in
416 776 529 845 regem
547 759 687 844 eiigitur.

333 856 601 926 M.cc.ixxxx.iiii.
623 859 662 926 ln
685 857 878 926 inventione
902 859 1011 927 sancti
1027 857 1191 946 ,Stephani
1208 865 1285 928 ante
1302 859 1373 928 dien
1429 885 1430 904 r

258 955 415 1026 horribile
440 958 618 1038 tonitruum
645 963 698 1026 est
720 955 876 1026 auditum.
916 957 1044 1026 Eodem
1068 975 1157 1026 anno
1188 959 1224 1027 in
1246 960 1373 1028 crastino
1429 987 1430 1028 t

257 1055 434 1125 Laurencii
452 1055 495 1124 ad
512 1075 674 1145 vesperas
693 1055 812 1126 cecidit
829 1055 959 1143 grando
978 1059 1127 1126 maxima.

330 1155 608 1226 Moclxxxxviii.
626 1153 664 1224 i'n
689 1155 805 1242 vigilia
831 1155 920 1224 beati
943 1155 1108 1226 Jobannis
1131 1155 1277 1246 baptiste
1303 1153 1373 1247 [iuni
1429 1183 1430 1226 3

259 1251 324 1345 23]
344 1253 532 1324 Gerhardus
551 1255 826 1344 archiepiscopus
844 1254 1082 1346 Moguntinus,
1108 1253 1176 1324 dux
1194 1255 1333 1325 Saxonie
1350 1263 1376 1325 ct

257 1355 402 1424 marchio
421 1355 757 1442 brandenburgensis
782 1354 965 1441 Mogunoie
989 1356 1024 1423 in
1050 1359 1122 1423 orto
1146 1353 1304 1424 serrarum
1325 1355 1375 1424 de·
1429 1382 1430 1426 1

257 1459 444 1542 posuerunt
460 1453 502 1523 de
521 1454 608 1522 iacto
627 1473 742 1541 regern
759 1453 932 1544 Adolium,
952 1460 985 1522 et
1005 1454 1250 1524 substituerunt
1266 1453 1374 1524 Atbcr-
1429 1493 1430 1527 1

257 1558 326 1620 tum
353 1552 471 1622 ducem
501 1551 643 1623 Austrie.
684 1552 811 1623 Eodem
841 1571 930 1622 anno
962 1555 1116 1624 Processi
1143 1559 1177 1622 et
1199 1553 1375 1622 Martiniaui

259 1648 336 1742 [iuli
354 1649 394 1744 2]
413 1651 500 1720 idem
517 1652 676 1722 Albertus
694 1652 906 1742 triumphavit
930 1658 1044 1744 contra
1063 1652 1204 1722 eundem
1222 1651 1374 1742 Adoiiun,

258 1757 292 1819 et
308 1753 383 1840 ipso
397 1749 525 1822 Adoiio
543 1754 676 1842 occiso,
702 1751 867 1842 Repertus
886 1769 1000 1821 comes
1027 1753 1098 1822 eius
1118 1752 1203 1820 filius
1223 1759 1258 1821 et
1275 1753 1373 1843 plures

258 1849 300 1919 de
319 1852 391 1920 suis
410 1857 489 1920 sunt
507 1853 664 1942 captivati
683 1851 825 1920 etmulti
844 1853 966 1920 occisi..
1429 1919 1430 1924 ,

331 1949 468 2020 Mooci.
490 1951 765 2038 Moguntinensis
792 1951 1009 2020 'treverensis
1037 1954 1071 2018 et
1095 1949 1306 2019 Coloniensis
1330 1969 1376 2018 ar-

258 2048 463 2140 chiepiscopi
488 2056 522 2119 et
548 2051 616 2120 dux
639 2051 813 2120 Bauwarie
840 2052 1108 2120 coniuraverunt.
1152 2047 1226 2130 Quo
1253 2051 1374 2136 cognito
1429 2083 1430 2124 t

256 2145 412 2218 Albertus
431 2149 598 2239 predictus
624 2167 698 2218 curn
721 2167 845 2236 magno
863 2151 1011 2218 exercitu
1034 2149 1157 2217 invasit
1174 2154 1293 2218 terram
1310 2149 1376 2218 dicti
1429 2183 1430 2242 ξ

257 2246 362 2316 ducis.
401 2246 475 2329 Qua
491 2267 551 2338 pro
570 2267 693 2336 magna
709 2256 802 2339 parte
821 2248 1005 2340 devastata,
1023 2247 1110 2316 idem
1129 2247 1196 2318 dux
1214 2266 1252 2317 se
1271 2247 1371 2316 reddi-

258 2345 305 2414 dit
327 2348 432 2434 gratic
466 2347 544 2416 dicti
577 2350 679 2435 regis.
703 2349 803 2418 .Post
832 2350 894 2418 bac
926 2367 984 2417 rex
1009 2348 1177 2437 processit
1202 2347 1246 2416 ad
1272 2353 1374 2416 terram

258 2446 411 2535 episcopi
427 2446 711 2534 Mogontincnsis.
742 2445 793 2516 Ao
810 2447 995 2517 devastatis
1014 2447 1124 2516 multis
1149 2447 1373 2515 munitionibus

256 2545 363 2633 ipsius
382 2545 551 2635 proiectus
578 2553 631 2616 est
647 2547 850 2637 Pynguiam‚
876 2547 932 2616 ubi
952 2547 1204 2616 communiones
1222 2548 1375 2615 civitatum

256 2645 330 2730 regi
348 2645 382 2712 in
400 2647 556 2715 auxilium
573 2653 810 2716 convenerunt.
836 2647 878 2716 Et
894 2653 973 2735 post
989 2663 1117 2735 paucos
1136 2645 1219 2736 dies,
1238 2647 1377 2734 Pynguia

257 2750 354 2832 capta
373 2751 406 2813 et
423 2744 571 2836 deviato,
601 2747 676 2835 ipse
702 2747 885 2834 episcopus
904 2744 1060 2834 oppidum
1077 2744 1264 2834 Laynstein
1282 2745 1375 2814 Eron-

256 2843 329 2912 vels
347 2843 619 2934 Scharpienstein
645 2852 678 2913 et
696 2844 879 2932 Pynguiam
905 2864 980 2914 oum
1005 2849 1117 2914 castro
1134 2843 1220 2933 Klop
1239 2845 1309 2931 regi
1325 2861 1374 2911 rc·

256 2941 403 3027 signavit
420 2943 483 3012 sub
501 2946 601 3013 certis
620 2943 878 3034 conditionibus,
898 2950 932 3013 et
949 2945 999 3012 sic
1016 2961 1054 3012 se
1072 2945 1163 3030 regis
1181 2945 1288 3030 gratie
1302 2961 1374 3012 con·
1429 2949 1430 2956 ’

255 3039 419 3110 formavit.
461 3042 532 3112 Rex
550 3061 632 3130 ergo
651 3045 797 3112 instante
814 3043 934 3132 hyeme
953 3044 1133 3112 exercitum
1153 3044 1288 3111 remisit.
1316 3043 1375 3110 Eo·

256 3137 331 3206 dcm
350 3157 438 3209 anno
456 3159 514 3210 rex
531 3142 669 3211 Francia
684 3161 844 3230 magnum
862 3145 1042 3211 exercitum
1059 3143 1149 3210 misit
1171 3148 1289 3210 contra
1304 3141 1373 3209 nte-

254 3238 397 3325 mingos.
433 3237 496 3321 Qui
523 3259 561 3310 sc
588 3248 622 3310 et
647 3243 785 3330 patriam
813 3240 1036 3311 defendentes
1063 3241 1197 3311 domino
1216 3245 1371 3309 annuento

254 3338 554 3432 triumphaverunt,
583 3346 616 3408 et
642 3339 684 3410 de
701 3343 791 3428 regis
811 3344 959 3410 exercitu
977 3343 1058 3410 citra
1076 3339 1305 3429 septendecim
1321 3339 1373 3405 mi-

253 3435 298 3506 lia
322 3437 527 3506 occiderunt.
569 3439 700 3508 Deinde
732 3440 820 3510 idem
844 3459 902 3509 rex
935 3441 1153 3527 congregatis
1179 3438 1290 3508 denuo
1313 3437 1376 3506 aliis

255 3537 457 3606 exercitibus
476 3539 697 3626 personaliter
722 3545 838 3608 contra
854 3541 1045 3626 Flemingos
1072 3541 1173 3607 venit.
1208 3537 1272 3620 Qui
1296 3536 1374 3604 bdu-

255 3635 382 3703 ciolitcr
409 3639 499 3706 acies
519 3655 598 3706 suas
617 3645 733 3707 contra
751 3639 872 3706 dictum
890 3657 1004 3725 regem
1022 3638 1227 3727 dirigentes,
1255 3637 1296 3706 de
1314 3636 1373 3704 suis

255 3732 456 3804 adversariis
483 3742 560 3804 anto
586 3745 620 3806 et
644 3744 724 3826 post
745 3739 778 3806 in
803 3737 944 3806 diversis
963 3737 1171 3808 conflictibus
1196 3737 1374 3825 piusquam

254 3833 389 3918 triginta
406 3835 493 3903 milia
511 3841 715 3928 straverunt,
745 3855 787 3906 ex
811 3838 896 3927 ipsis
923 3838 1022 3905 etiam
1047 3855 1144 3925 quam
1162 3836 1311 3926 pluribus
1327 3835 1373 3902 in·

255 3931 410 4001 teriectis

238 4103 239 4106 ,
327 4029 474 4099 Mocaii.
500 4029 654 4101 Albertus
681 4052 739 4102 rex
763 4039 878 4102 contra
904 4033 1177 4122 archiepiscopos
1197 4033 1371 4102 Colonien-

254 4145 325 4197 sem
344 4134 377 4198 et
395 4130 635 4200 Treverensem
659 4131 777 4202 direxit
794 4132 1039 4222 expeditionem
1057 4132 1228 4218 grandem.
1252 4133 1294 4202 Et
1310 4146 1371 4200 cum

8 4257 9 4272 t
141 4311 143 4316 Ι
253 4227 428 4298 invaderet
454 4235 489 4297 et
521 4228 713 4300 devastaret
740 4237 858 4302 terram
885 4233 1036 4322 episcopi
1054 4231 1289 4323 coloniensis,
1310 4231 1372 4318 ipse
