2950 4836
250 239 321 306 aab
595 268 759 314 canonicor
784 267 1026 314 aerumnovrensn.

168 419 233 475 taor
251 408 364 495 itaque
385 406 527 475 oonsilio
548 407 745 492 congregati
765 412 843 472 sunt
865 423 938 472 oum
959 422 1082 491 magna
1095 403 1301 472 multitudine
1316 423 1370 472 mo-

247 506 361 574 bilium
389 511 421 574 et
452 503 599 593 peditum
629 506 823 572 rusticorum
849 510 926 571 ante
957 509 1101 570 oestrum
1127 502 1305 572 Neunbure
1336 505 1371 572 ad

248 607 356 694 ipsum
377 602 631 695 impediendum.
659 603 728 671 Sed
750 602 918 691 prediatus
940 620 1016 692 rex,
1036 601 1176 670 audiens
1197 601 1371 670 absentiam

249 706 367 795 eapitis
392 710 425 773 et
446 703 686 789 negligentiam
708 701 1008 790 vicedominorum,
1028 708 1061 770 et
1081 703 1158 788 quia
1179 701 1302 768 nullius
1324 719 1373 768 ca-

250 804 374 893 pitanei
399 805 526 872 iussum
549 801 775 890 aspiciebant,
795 807 956 869 nonturno
971 807 1119 889 ternpore
1148 818 1222 868 oum
1250 803 1374 867 armatis

250 902 293 972 ad
311 907 456 972 oestrum
478 900 660 989 predictum
679 901 820 968 latenter
841 901 981 968 veniens
991 953 1001 990 ,
1020 900 1136 967 rolieta
1158 898 1298 967 adorso
1323 918 1376 968 sua

251 1003 407 1071 eomitiva
433 1003 519 1068 eirea
540 1001 707 1068 oivitatem
732 1000 982 1088 Pataviemsem‚
1009 999 1170 1066 simulans
1195 1016 1234 1067 se
1261 997 1376 1066 babere

250 1102 364 1190 plures
390 1105 551 1188 armatos,
570 1117 667 1166 mane
686 1100 813 1167 oriente
839 1097 911 1166 sole
936 1097 1004 1165 bini
1027 1104 1061 1165 et
1080 1096 1149 1164 bini
1170 1098 1288 1164 armati
1304 1114 1379 1185 pro-

250 1199 411 1268 aedentes
426 1204 463 1267 ut
479 1199 680 1287 imperialem
699 1197 811 1265 deouit
834 1197 984 1264 miliciam
1003 1216 1064 1285 per
1078 1201 1215 1284 pontem
1230 1195 1295 1264 Eni
1310 1214 1380 1284 pre-

251 1299 374 1368 dictum
399 1297 442 1365 ad
466 1299 646 1365 exereitum
675 1301 933 1385 congregatum,
957 1299 1051 1384 ipsos
1079 1296 1264 1384 samaras,
1293 1298 1381 1382 quasi

251 1400 324 1467 sine
345 1398 454 1486 capite
475 1404 512 1464 ut
536 1395 659 1464 dietum
684 1401 738 1464 est
762 1400 952 1484 manentes,
980 1394 1021 1462 ab
1052 1393 1232 1462 obsidione
1260 1392 1383 1480 legavit

251 1498 353 1566 eastri
376 1503 410 1564 et
430 1495 591 1582 quosdam
618 1496 811 1584 eaptivavit‚
840 1498 1114 1580 congregataque
1133 1493 1383 1572 milioiajterram

251 1600 406 1684 potenter
423 1596 584 1682 transivit,
603 1593 768 1662 inoendiis
789 1599 822 1661 et
835 1593 960 1682 rapinis
979 1610 1051 1660 eam
1069 1590 1286 1660 devastando
1305 1592 1385 1659 eirea

252 1694 374 1762 testum
391 1692 481 1760 beati
496 1694 629 1762 Martini
647 1693 862 1761 confessoris.

326 1791 509 1860 Maeeviii.
543 1791 705 1860 Dominus
732 1789 810 1860 Otto
835 1807 894 1859 ren
918 1789 1064 1876 Ungarie
1087 1795 1120 1856 at
1143 1787 1210 1857 dux
1235 1789 1389 1856 Bawarie

253 1891 442 1960 mirabiliter
466 1909 486 1958 a
509 1893 703 1980 captivitato
717 1890 885 1977 Ungarioa
906 1890 1063 1956 liberatus
1085 1906 1145 1976 per
1166 1888 1340 1956 Prusoiam
1359 1895 1392 1954 at

253 1989 407 2060 Rusoiam
434 1989 475 2058 ad
502 1998 619 2059 terram
643 2009 737 2058 suam
757 1989 910 2077 rediens,
937 1991 971 2055 in
995 1989 1070 2076 ipsa
1089 1989 1144 2055 via
1170 1987 1271 2054 liliarn
1296 1986 1390 2054 duois

256 2090 384 2158 Glowie
405 2091 538 2158 nomime
566 2089 729 2176 Elyzabet
750 2088 951 2176 desponsat,
977 2104 1074 2173 quam
1095 2091 1218 2174 postea
1245 2085 1391 2153 breviter

255 2188 347 2257 duoit
374 2206 523 2257 uxorem.
569 2185 675 2268 Quem
704 2187 899 2255 redeuntem
930 2185 1067 2254 Bohemi
1093 2192 1125 2252 et
1149 2186 1285 2253 Bawari
1319 2203 1391 2264 eum

255 2289 396 2356 maximo
414 2287 539 2374 gaudio
558 2293 787 2376 susceperunt.
814 2285 882 2354 Sed
900 2285 1054 2354 domimus
1068 2281 1226 2352 Albertus
1245 2302 1307 2352 rex
1325 2282 1393 2352 Ro-

255 2403 425 2455 manorum
447 2385 489 2454 de
514 2387 705 2456 reversione
730 2404 791 2454 sua
814 2385 979 2453 admirans
998 2401 1065 2451 non
1086 2382 1253 2452 modiaum
1274 2384 1393 2450 trista-

256 2486 359 2554 batur.
1047 2501 1050 2508 ·
1081 2485 1083 2490 ’
1268 2501 1270 2506 ·
1349 2489 1352 2496 ’

329 2583 457 2654 Eodem
485 2602 573 2652 ammo
596 2585 684 2652 oiroa
716 2583 837 2650 testum
862 2582 950 2650 beati
979 2582 1104 2650 Thema
1132 2581 1280 2670 apostoli
1312 2581 1396 2648 obiit

258 2683 390 2752 domina
412 2683 574 2770 Elyzabet
592 2684 763 2751 eomitissa
787 2681 828 2750 de
851 2680 951 2772 Hals‚
970 2681 1164 2768 relinquens
1190 2679 1278 2747 duos
1305 2679 1394 2747 lrlios

257 2780 427 2850 Albertum
446 2788 479 2850 et
495 2781 695 2851 lllrammum
712 2783 861 2849 eonrites.
1037 2832 1042 2836 .

330 2881 410 2970 lpso
442 2900 530 2950 anno
556 2883 590 2948 in
623 2880 678 2948 die
705 2880 930 2968 apostolorum
958 2877 1097 2966 Philippi
1126 2883 1159 2945 et
1187 2877 1308 2946 Jaoobi
1336 2896 1396 2946 ren

257 2978 478 3049 Romanorum
502 2979 660 3049 Albertus
683 2997 703 3046 a
731 2978 888 3046 fratruele
908 2994 971 3046 suo
997 2976 1083 3044 duee
1101 2976 1257 3044 Johanme
1278 2975 1395 3062 gladio

258 3078 439 3146 transfixus
464 3078 621 3146 ooeubuit
641 3080 675 3145 in
693 3075 837 3165 Alsatia‚
856 3083 889 3144 et
909 3075 1031 3143 ibidem
1046 3075 1218 3163 sepelitur.

332 3175 459 3245 Eodem
477 3194 564 3246 anno
582 3178 720 3244 oomites
737 3176 778 3244 de
795 3175 876 3244 llals
894 3179 1055 3262 oeperunt
1068 3173 1227 3242 edificare
1251 3179 1396 3242 oestrum

260 3277 294 3342 in
312 3273 547 3342 Wildenstain.
565 3275 768 3344 lltdominus
784 3271 862 3342 Otto
879 3272 1013 3342 addueit
1025 3291 1161 3341 uxorem
1178 3290 1252 3341 oum
1270 3289 1396 3360 magno

260 3373 384 3461 gaudio
408 3375 441 3441 in
468 3379 585 3442 terram
608 3375 771 3443 Bawarie.
798 3373 839 3441 Et
863 3373 1004 3442 veniens
1028 3373 1062 3440 in
1086 3369 1244 3460 oppidum
1263 3371 1394 3440 Straw-

260 3473 342 3559 bimg
359 3474 572 3562 quamplures
590 3473 721 3542 nobiles
739 3479 825 3541 terre
842 3472 964 3540 ibidem
982 3469 1105 3558 gladiis
1124 3471 1319 3539 militaribus
1339 3488 1398 3537 aa·

262 3573 447 3658 pinguntur.
1053 3625 1056 3630 ,

335 3668 434 3740 Anno
460 3669 584 3740 domini
609 3671 786 3739 m.ooo.viii.
811 3672 927 3740 eooiso
953 3667 1091 3738 Alberto
1117 3685 1199 3756 rege
1225 3670 1395 3757 prinoipes

262 3771 358 3854 regni
382 3769 425 3837 ad
451 3767 641 3856 eligendum
670 3787 784 3856 regem
813 3769 1075 3838 convenientia
1099 3767 1343 3836 Franohenlurt
1365 3769 1397 3833 in

263 3865 350 3934 iesto
368 3867 466 3934 beate
488 3868 676 3936 llatberine.
703 3869 744 3936 Et
765 3868 886 3937 ibidem
904 3868 1050 3936 unanimi
1072 3884 1246 3936 consensu
1269 3866 1313 3934 ad
1330 3868 1396 3934 im-

263 3965 388 4053 perium
405 3967 534 4053 eligunt
548 3966 714 4034 dominum
727 3965 917 4036 Heinrioum
935 3968 1088 4036 comitem
1105 3965 1398 4036 deLdezelburob.

264 4061 328 4144 Qui
351 4065 385 4130 im
407 4065 555 4152 proxima
578 4070 795 4153 postventura
813 4067 1043 4154 purificatione
1060 4063 1266 4153 aquisgrani
1284 4064 1326 4132 ab
1341 4082 1396 4132 ar·

266 4162 481 4251 ebiepiseopo
507 4163 706 4249 bioguntino
734 4165 767 4232 in
794 4167 1066 4252 regem'ungitur
1080 4169 1123 4232 'et
1141 4170 1337 4252 coronatur,
1358 4162 1397 4230 ab

267 4257 422 4344 Augusto
446 4263 647 4328 eentasimus
673 4264 812 4352 primns,
837 4284 857 4332 a
879 4283 945 4351 quo
969 4283 1084 4333 omines
1106 4264 1277 4353 prinoipes
1304 4261 1396 4349 regni
