2884 4834
275 139 345 208 168
653 167 778 214 aurnuns
801 165 1035 214 wounnrrnnsrs

273 305 460 395 quindecim
492 306 654 395 civitatis,
685 323 758 374 cunr
777 305 904 374 honore
930 310 1088 392 regentes
1113 310 1147 374 ct
1167 303 1396 392 gubernantes.

272 404 403 496 Accidit
420 411 529 474 tannen
547 412 625 494 post
649 422 778 494 paucos
796 423 923 495 annos,
952 404 1042 493 qnod
1067 403 1236 492 quoddam
1259 404 1396 473 homici-

272 504 361 574 dium
387 503 449 572 sub
475 505 585 572 noctis
610 505 751 573 silencio
777 505 811 571 in
829 503 973 591 quadarn
999 505 1120 572 iuvene
1145 505 1277 572 nornine
1293 503 1396 572 llber-

271 602 375 673 hurdo
406 601 514 672 luerat
536 609 757 692 perpetratum
764 655 774 693 ,
800 604 835 670 in
861 621 927 691 quo
954 621 1099 672 excessu
1124 602 1258 692 quidam
1282 603 1397 672 consul

271 703 406 772 nomine
424 701 645 789 Marpuardus
662 703 754 770 Buso
773 701 942 770 dicebatur
955 701 1155 771 interfuisse.
1172 703 1213 770 Et
1224 701 1311 792 licet,
1327 719 1396 769 cunr

271 801 337 870 hoc
357 800 489 891 probari
512 819 572 890 per
597 806 730 870 noctem
756 818 824 869 non
853 803 1037 891 potuisset,
1069 806 1161 870 tanta
1184 799 1345 869 relatione
1368 808 1398 868 et

267 901 380 987 signis
398 898 553 969 dominus
575 902 755 989 episcopus
774 901 932 969 consules
948 896 957 934 ¹
974 900 1158 992 tristificari,
1176 899 1267 969 lesus
1285 899 1396 969 totali-

271 1005 321 1068 ter
341 998 509 1067 habebant
535 999 776 1068 consciencias.
826 999 866 1068 nt
894 1001 944 1068 sic
968 1000 1093 1068 anxiati
1118 999 1260 1088 qualiter
1279 1019 1298 1067 a
1318 1017 1396 1088 pre-

272 1097 351 1167 dicti
368 1097 562 1186 blarquardi
585 1097 1011 1188 consortio-liberarentur,
1036 1116 1152 1167 omnes
1168 1099 1327 1168 consules
1349 1098 1396 1165 si-

271 1197 338 1266 rnul
356 1197 499 1267 consilio
518 1199 665 1266 unaninri
686 1199 848 1283 exierunt,
871 1197 992 1266 dantes
1010 1198 1043 1265 in
1059 1215 1177 1266 manus
1196 1197 1344 1287 episcopi
1365 1204 1396 1264 ut

272 1297 412 1384 eligeret
426 1313 511 1384 quos
527 1296 639 1364 vellet.
665 1296 742 1386 lpse
763 1315 844 1366 vero
861 1298 1054 1388 episcopus,
1067 1313 1254 1370 ,assumens
1274 1299 1308 1364 in
1324 1297 1397 1362 ani-

271 1413 356 1463 mam
389 1413 483 1463 suant
505 1412 622 1463 ornnes
650 1401 760 1484 preter
778 1397 925 1484 qrrinque
938 1387 960 1485 ²,
976 1397 1010 1464 in
1030 1395 1140 1465 locum
1168 1393 1297 1464 illorunr
1317 1395 1395 1462 alios

271 1493 459 1584 substituit,
472 1499 507 1562 ct
526 1495 576 1562 sic
592 1494 709 1562 iteruin
728 1514 801 1563 cum
820 1495 884 1564 illis
903 1493 1091 1584 quindecim
1107 1493 1300 1564 consulibus
1316 1493 1397 1562 sedit

270 1593 304 1660 in
323 1611 419 1682 paco.

346 1691 495 1762 Tandem
516 1711 598 1762 vero
617 1699 696 1784 post
717 1694 850 1782 aliquos
869 1711 977 1762 annos
999 1693 1046 1761 illi
1070 1693 1168 1762 eiecti
1191 1697 1395 1761 assumentes

175 1857 179 1868 ,
242 1817 246 1826 ·
272 1789 474 1860 Gerhardunr
492 1794 642 1884 militem,
675 1792 843 1864 dominum
860 1811 1031 1884 inagnum,
1056 1792 1207 1860 fecerunt
1228 1793 1394 1880 conspira-

272 1891 420 1977 cionenr,
445 1898 479 1976 et
495 1897 701 1962 attraxerunt
720 1893 784 1961 sibi
800 1909 917 1961 omnes
941 1893 1096 1981 pociores
1117 1892 1262 1960 civitatis
1280 1891 1394 1959 rnilites

272 1989 345 2058 cum
365 1990 476 2060 multis
497 1991 583 2082 aliis,
600 1993 645 2060 ita
665 1991 756 2080 quod
773 1996 843 2060 tota
864 1992 981 2060 civitas
1000 1991 1084 2080 ipsis
1112 1989 1311 2079 adherebat,
1334 2007 1393 2058 vo-

271 2088 380 2158 lentes
397 2089 475 2159 illos
493 2081 679 2178 quindecim
697 2091 856 2159 consules
869 2089 1052 2158 destituere
1066 2095 1100 2158 et
1114 2089 1333 2178 quadraginta
1346 2105 1394 2156 rc-

270 2205 397 2277 parare.
422 2188 550 2258 Videns
570 2191 657 2258 enirn
681 2189 746 2258 hoc
762 2189 917 2258 dominus
933 2189 1117 2278 episcopus
1137 2207 1204 2257 una
1221 2205 1294 2257 curn
1311 2187 1393 2255 clero

272 2292 306 2354 et
326 2287 479 2357 cumillis
501 2287 690 2375 quindecim
708 2289 792 2377 ipsis
807 2294 962 2376 potenter
977 2287 1200 2378 resistebant,
1226 2293 1259 2356 et
1283 2303 1394 2374 quan-

270 2386 322 2454 vis
337 2385 422 2456 duos
435 2386 477 2455 de
492 2386 556 2454 illis
572 2387 759 2475 quindecim
778 2387 820 2456 ad
842 2405 955 2456 eorum
973 2387 1178 2456 voluntatem
1195 2385 1392 2472 habuissent,

271 2489 383 2552 tannen
402 2491 538 2574 propter
558 2489 751 2558 sentencias
773 2485 898 2555 donnini
914 2487 1065 2575 episcopi
1079 2504 1164 2574 quas
1177 2487 1211 2554 in
1228 2487 1320 2575 ipsos
1333 2483 1392 2550 lul-

271 2584 397 2652 miuare
425 2584 638 2677 intendebat,
662 2605 682 2656 a
702 2603 765 2655 suo
784 2587 957 2675 proposito
985 2602 1047 2654 eos
1069 2584 1234 2654 decedere
1259 2581 1393 2654 totaliter

271 2681 457 2773 oportebat.
490 2684 532 2752 Et
553 2685 602 2752 sic
625 2685 714 2754 sedit
730 2685 885 2754 dorninus
903 2685 1085 2774 episcopus
1104 2686 1137 2752 in
1157 2684 1249 2753 bona
1265 2699 1343 2773 poce
1366 2687 1393 2748 ct

271 2782 508 2870 tranquillitate
539 2801 647 2872 usque
675 2784 719 2854 ad
746 2790 926 2853 extrenrunr
957 2784 1022 2852 rite
1050 2801 1111 2852 sue
1142 2789 1174 2852 et
1204 2781 1392 2869 diligebatur

271 2880 446 2950 tnultunru
467 2882 604 2952 civibus

346 2979 546 3076 Supervenit
560 2982 672 3070 itaque
687 2981 778 3069 quod
799 2981 954 3050 doninus
972 2981 1114 3055 Silridus
1130 2982 1390 3072 archiepiscopus

271 3077 493 3164 Mogontinus
519 3079 611 3150 dedit
640 3079 775 3148 donnino
804 3077 970 3150 Landolso
996 3082 1156 3170 episcopo
1178 3082 1211 3149 in
1238 3078 1390 3148 rnarrdatis

271 3175 370 3245 ualde
396 3176 561 3269 districte,
594 3179 684 3268 quod
706 3179 874 3248 dominun
892 3179 1092 3248 Fridericum
1113 3180 1343 3268 imperatorem
1365 3183 1391 3242 et

273 3275 440 3345 dominum
462 3277 650 3347 Conradum
671 3297 804 3368 regern,
826 3285 939 3347 naturn
957 3297 1071 3369 suurn,
1098 3296 1139 3347 ac
1155 3269 1274 3346 ornnes
1294 3276 1390 3344 lauto·

272 3393 326 3444 res
349 3393 463 3445 eorum
488 3378 639 3468 publico,
665 3373 815 3446 incensis
838 3377 987 3448 candelis
1007 3383 1041 3446 et
1061 3379 1231 3465 campanis
1252 3375 1389 3465 pulsatis,

272 3475 414 3560 singulis
432 3475 552 3546 diebus
571 3476 700 3545 lestinis
718 3476 942 3545 denunciaret.
969 3478 1010 3545 Et
1026 3479 1104 3566 quia
1118 3477 1209 3544 cives
1225 3475 1321 3544 dictis
1338 3472 1390 3540 do·

273 3574 369 3643 nrinis
389 3575 534 3644 totaliter
564 3574 787 3666 adherebant,
814 3575 967 3644 doninus
994 3579 1175 3665 episcopus
1202 3574 1338 3662 nolens,
1365 3575 1391 3638 ot

272 3673 392 3742 timens
409 3665 422 3710 ³
439 3691 500 3742 eos
516 3673 705 3758 offendere,
732 3692 793 3742 sua
807 3676 952 3763 pecunia
977 3693 1101 3762 magna
1125 3682 1159 3742 et
1177 3675 1250 3741 suis
1277 3673 1390 3741 cleino·

273 3769 336 3837 diis
366 3771 456 3859 apud
480 3772 646 3841 donninunr
670 3774 956 3863 archiepiscopum
983 3773 1044 3842 has
1071 3775 1262 3842 sentencias
1289 3772 1388 3860 sepius

273 3867 432 3938 liberavit.
457 3871 574 3960 ltaque
591 3871 635 3940 ad
652 3873 794 3941 maximo
811 3872 926 3940 debita
943 3871 1050 3964 luerat
1065 3870 1256 3962 perductus.

347 3965 502 4054 Migrarit
518 3972 618 4058 igitur
635 3971 678 4039 ab
696 3972 760 4040 hoo
784 3970 900 4040 seculo
925 3970 979 4039 hic
995 3973 1071 4061 pius
1097 3977 1214 4060 pastor
1238 3974 1272 4038 et
1295 3969 1389 4037 bonus

309 4111 339 4174 1)
358 4107 444 4162 nollet
461 4111 566 4164 scheint
583 4129 616 4164 zu
636 4111 742 4179 iohlen,
759 4112 824 4166 aber
841 4112 886 4165 die
912 4111 988 4167 stelle
1006 4113 1040 4166 ist
1057 4112 1131 4167 wohl
1155 4111 1224 4166 auch
1247 4089 1319 4166 toust
1335 4106 1390 4162 noch
1424 4085 1425 4144 ἶ

274 4176 432 4232 verdorben.
469 4180 501 4243 2)
525 4185 552 4231 et
576 4179 621 4234 hat
645 4179 704 4234 bier
726 4179 796 4234 noch
815 4179 860 4236 die
879 4179 919 4235 ha.
954 4183 986 4248 3)
1006 4182 1095 4235 timuit
1112 4181 1153 4235 hs.
