2950 4836
415 283 607 328 rennnnnnos
628 281 815 327 nurnnnnsrs.
1114 251 1183 320 529

54 437 193 510 persone
225 421 412 509 singulares
445 420 566 490 luerint
600 421 797 489 sententiam
828 422 1178 489 excommunicationis
1199 431 1264 485 rem

54 523 234 611 incurrant,
259 522 287 588 si
311 539 391 588 varo
416 522 616 588 universitas
636 520 867 588 ecclesiastico
887 519 1061 589 subiaceat
1077 521 1182 589 inter-

55 615 169 688 bretol

120 719 171 786 Ex
206 719 272 787 bac
304 725 412 788 tamen
445 719 568 787 salubri
596 719 841 787 constitucione
869 715 1000 785 modica
1029 719 1184 806 provenit

52 818 188 906 ulilitaS,
214 819 269 886 uel
296 821 373 906 quia
397 820 457 886 rite
476 825 554 907 post
571 818 749 886 concilium
765 819 799 885 in
818 817 998 907 provinciis
1016 817 1183 905 publicata

53 935 115 984 non
134 919 262 1007 extitit,
288 918 343 985 vel
367 919 445 1004 quia
463 937 481 984 a
500 918 594 984 malis
613 917 801 985 bominibus
824 917 1181 985 excommunicacionis

52 1017 263 1103 precipicium
281 1034 349 1085 non
366 1019 504 1085 timetur.
531 1016 612 1083 llam
634 1033 693 1104 pro
718 1015 869 1084 subsidio
888 1021 973 1084 terre
992 1021 1107 1083 sancte
1125 1017 1180 1082 in-

52 1116 156 1202 posita
174 1115 239 1183 luit
256 1117 289 1183 in
308 1115 425 1184 eodem
447 1116 589 1183 coneilio
608 1115 762 1182 omnibus
780 1116 934 1183 ecclesiis
956 1120 989 1182 et
1007 1120 1181 1183 monaste·

53 1215 117 1298 riis,
149 1232 221 1282 non
248 1220 359 1282 tamen
384 1213 604 1283 xenodochiis
630 1231 693 1282 nec
717 1214 1026 1304 orphanotrophiis,
1049 1213 1181 1306 ¹solucio

52 1312 251 1380 decimarum
262 1315 404 1382 omnium
421 1319 640 1401 proventuum
659 1314 960 1380 ecclesiasticorum
972 1330 1030 1401 per
1044 1329 1105 1381 sex
1118 1333 1181 1382 an-

53 1429 114 1497 nos=
137 1413 319 1481 continuos
344 1412 430 1480 idem
457 1413 631 1480 concilium
659 1412 916 1499 subsequentes.
951 1411 1023 1492 Qua
1043 1411 1181 1500 decima,

54 1513 201 1597 quamvis
226 1511 379 1579 studiose
405 1519 523 1580 exacta
547 1511 643 1580 suerit
668 1518 701 1578 et
726 1517 877 1600 recepta,
903 1517 1014 1579 tamen
1040 1519 1182 1580 nonest

54 1609 188 1677 evidens
221 1629 287 1696 qua
314 1612 438 1678 utilitas
469 1617 554 1679 terre
582 1617 697 1678 sancte
723 1609 843 1678 exinde
874 1608 972 1678 inerit
996 1617 1182 1699 procurata.

52 1708 126 1776 Post
142 1708 233 1776 idern
253 1710 427 1777 concilium
446 1709 612 1798 predictus
631 1727 718 1798 papa
734 1709 914 1796 Gregorius
932 1703 1095 1778 accessit¹
1112 1709 1182 1777 Lo-

53 1825 187 1876 sannam
216 1807 388 1876 bominum
400 1808 576 1877 Rudollum
595 1809 733 1876 electum
752 1826 812 1896 per
836 1809 1003 1896 principes
1022 1806 1182 1876 Aleman-

51 1907 99 1973 nie
116 1908 151 1972 in
165 1905 389 1976 Romanorum
407 1925 530 1998 regem,
542 1913 575 1975 et
591 1909 788 1976 electionem
806 1907 847 1974 (le
866 1908 941 1996 ipso
959 1905 1078 1974 iactam
1099 1924 1182 1974 con-

54 2004 209 2094 firmavit,
236 2007 299 2074 sibi
318 2025 439 2075 nomen
464 2014 497 2074 et
520 2007 715 2093 dignitatem
737 2007 861 2092 regiam
876 2004 1123 2096 adscribendo,
1152 2011 1184 2072 at

53 2106 202 2191 promisit
223 2107 331 2192 ipsum
350 2107 383 2173 in
405 2108 636 2195 imperatorem
657 2111 790 2194 postea·
803 2121 1009 2174 consecrare.

120 2203 343 2272 bl.cc.lxx.vii.
372 2203 451 2272 Cum
474 2205 623 2294 predicto
648 2205 784 2273 domino
802 2203 944 2274 lludolio
962 2203 1181 2272 Romanorum

55 2319 127 2388 rege
147 2320 267 2370 omnes
289 2306 428 2372 comites
454 2312 487 2371 et
510 2305 655 2372 barones
679 2321 719 2370 ao
744 2305 996 2372 communitates
1014 2303 1180 2370 civitatum

57 2407 85 2466 et
102 2403 223 2469 civium
250 2402 290 2470 dc
315 2403 409 2471 Reno
434 2403 618 2471 Franoonia
638 2403 760 2472 Suevia
778 2419 817 2470 ac
834 2403 987 2472 Bawaria
1005 2420 1042 2471 se
1062 2407 1181 2490 sponte

56 2500 251 2590 subderent,
279 2503 309 2570 ei
336 2501 503 2570 fidelitatis
520 2500 658 2570 iurando
680 2501 853 2592 homagia,
878 2511 1054 2589 castraque
1081 2508 1116 2568 et
1134 2501 1183 2567 oi-

56 2601 172 2668 uitates
194 2606 363 2691 alternae,
391 2619 475 2688 quas
508 2609 656 2690 tempore
679 2604 829 2670 vacantis
856 2602 997 2689 imperii,
1017 2599 1182 2667 sciliceta

57 2703 202 2787 tempore
221 2699 376 2768 Friderioi
390 2699 467 2768 olim
483 2701 701 2789 imperatoris,
717 2707 896 2788 occupatas
917 2703 1100 2786 tenuerant,
1120 2698 1182 2765 sibi

55 2797 238 2866 voluntarie
256 2801 478 2886 resignarent:
506 2799 658 2867 dominus
678 2796 842 2866 Otalrarus
861 2800 994 2886 quintus
1011 2795 1183 2864 Bohemo-

55 2914 118 2962 rum
143 2915 221 2986 ren,
251 2899 306 2984 qui
331 2898 495 2966 Austriam
528 2898 671 2985 Styriam
702 2897 899 2965 Corinthiam
927 2895 1114 2964 carniolam
1144 2913 1183 2962 ao

55 2993 185 3063 Portum
203 2995 329 3066 Naonis
348 3003 495 3087 ternpore
513 2998 663 3065 vacantis
681 2998 806 3086 imperii
824 3001 991 3083 tenuerat,
1010 2995 1182 3080 resignare

56 3094 175 3184 noluit,
202 3093 318 3164 dicens
346 3096 436 3184 quod
462 3096 598 3164 easdem
616 3102 721 3164 terras
739 3096 829 3164 bona
848 3095 911 3164 inde
931 3100 964 3164 et
981 3093 1182 3163 iusto-titulo

54 3193 257 3282 possideret,
285 3213 324 3262 ac
350 3214 391 3264 ex
416 3193 578 3264 mandatis
601 3200 634 3262 et
657 3195 949 3264 commissionibus
972 3193 1183 3282 apostolico-

56 3309 129 3381 rum,
155 3294 213 3380 qui
230 3300 379 3382 tempore
408 3313 469 3363 suo
496 3294 635 3381 lucrant,
662 3301 779 3362 contra
809 3294 953 3362 insultus
975 3294 1183 3378 Ungororum

57 3387 273 3460 Comanorum
307 3399 340 3460 et
364 3395 571 3462 Tartarorum
596 3411 656 3480 per
687 3395 947 3479 vigintiquatuor
971 3407 1078 3458 annos
1109 3407 1182 3456 oum

58 3491 214 3573 gravibus
239 3492 424 3580 sumptibus
455 3499 488 3560 et
514 3492 700 3580 laboribus,
725 3493 822 3559 immo
850 3500 883 3560 at
908 3489 1009 3556 multa
1031 3489 1182 3574 impensa

58 3603 120 3656 non
139 3589 246 3658 solum
272 3609 405 3659 suorum
434 3591 495 3660 sed
522 3597 554 3659 et
580 3592 701 3680 proprii
728 3581 935 3676 sanguinis,²
960 3586 1182 3654 defensasset.

60 3683 159 3765 Quam
185 3689 419 3775 allegationem
445 3690 598 3759 dominus
625 3689 786 3758 Rudollus
804 3688 1022 3756 Romanorum
1040 3703 1099 3753 rex
1116 3703 1184 3752 non

59 3785 215 3876 advertit,
240 3787 300 3856 sao
323 3789 468 3857 validum
488 3791 665 3858 exercitum
686 3805 898 3874 congregans
917 3785 1050 3854 intravit
1069 3790 1182 3852 terram

58 3879 197 3974 nustria,
217 3889 370 3955 euntibus
389 3906 501 3956 secum
518 3889 553 3955 in
567 3889 714 3956 exercitu
728 3888 928 3973 Mogontino
946 3890 980 3952 et
993 3882 1184 3953 Coloniensi

60 3985 334 4074 archiepiscopis,
358 3986 592 4076 Herblpolensi
615 3987 852 4074 Ratispononsi
879 3984 1067 4053 Palarionsi
1089 3984 1183 4072 epis-

60 4085 166 4174 copis,
191 4083 353 4154 Lndwico
381 4089 501 4154 comite
527 4087 677 4154 Palatino
703 4083 800 4174 iloni,
825 4083 983 4152 Heinrico
1009 4081 1094 4150 duroe
1118 4083 1185 4150 Ba-

58 4225 206 4346 bepoapud
231 4225 302 4279 steht
326 4225 385 4280 hier
410 4227 480 4281 noch
506 4225 548 4281 bei
567 4227 597 4282 C.
634 4229 666 4294 2)
691 4227 810 4298 impensa
828 4244 938 4282 suorum
957 4207 1096 4296 sanguinis
1114 4223 1186 4278 stelrl

84 4389 218 4434 ucauuaa
236 4391 359 4437 ronnas.
380 4391 401 4434 a.
958 4377 992 4430 tt
