2950 4836
446 228 640 274 unanntnoos
660 227 846 274 rrnlrrausrs.
1142 197 1210 265 535

67 381 192 448 regem
209 363 366 454 Francia,
391 367 445 452 qui
472 383 546 434 oum
565 367 676 456 multis
695 365 825 433 milibus
843 366 978 432 militum
995 366 1127 433 intravit
1143 363 1208 432 Ar·
1228 371 1294 427 taen

68 465 262 548 rogoniam.
298 463 366 532 Sed
391 482 451 552 per
476 465 716 534 multitudinem
743 481 928 533 musoarum
951 464 1037 532 illius
1063 470 1151 532 terro
1180 470 1214 532 et

67 561 224 649 inopiam
242 563 485 653 alimentorum,
511 583 576 652 que
595 567 699 633 caiam
716 566 858 653 paeonia
883 562 997 631 baberi
1023 581 1090 632 non
1113 569 1212 651 pote-

68 667 159 750 rant,
180 662 272 730 multi
290 663 367 750 equi
387 669 420 730 et
436 663 588 732 homines
612 665 787 752 perierunt.
823 665 864 732 itt
886 663 959 750 ipsa
979 681 1038 732 rex
1064 669 1212 731 mortuus

69 758 221 851 ibidem,
246 761 404 830 reduetus
427 769 479 832 est
497 763 646 856 Parisius,
666 769 700 830 et
725 761 813 850 apud
840 767 991 830 sanetum
1016 761 1213 848 Dyonisium

70 864 128 926 est
155 861 311 948 sepultus
337 878 425 928 anno
450 862 573 929 domini
591 863 803 932 mnalxxxu.
838 860 903 928 Cor
927 866 1035 928 autem
1053 862 1142 946 regis
1161 865 1214 928 est

70 957 168 1045 apud
186 959 416 1028 Prodioatores
434 961 579 1028 Parisius
597 962 800 1028 tumulatum.
826 959 877 1028 De
892 977 958 1046 qua
972 959 1138 1027 divisione
1156 960 1213 1026 in-

70 1055 205 1124 dividui
223 1059 339 1147 plures
357 1058 549 1128 aleriaorum
568 1065 601 1128 et
616 1059 774 1130 laieorum
793 1066 909 1128 eontra
927 1057 1066 1128 eosdem
1084 1057 1213 1148 iratres,

71 1157 132 1243 qui
169 1157 235 1225 boe
264 1157 418 1226 dieuntur
447 1158 635 1228 obtinuisse
667 1158 822 1247 preoibus
853 1164 887 1226 et
916 1157 1215 1246 exhortationibus,

70 1255 297 1325 scandalizati
314 1263 402 1324 sunt.

151 1354 398 1424 ltloolxxxiiii.
429 1355 616 1426 Fridorieus
651 1355 907 1444 Salnpurgensis
941 1353 1215 1442 arehiepisoopus

72 1453 180 1544 obiit,
212 1455 265 1522 oui
296 1453 447 1523 suodedit
472 1454 653 1545 liudolfus,
688 1455 812 1524 domini
838 1451 969 1526 Rudollr
994 1452 1215 1520 Romanorum

73 1553 171 1638 regis
189 1554 495 1622 vioeeaneellarius.
522 1553 683 1636 Quilibet
701 1573 721 1624 a
737 1555 900 1642 prinoipio
919 1557 1034 1620 eontra
1052 1551 1215 1620 adversa-

72 1652 145 1720 rios
165 1653 217 1720 sui
236 1654 453 1741 episeopatus
476 1671 513 1722 se
537 1653 683 1724 validum
706 1658 987 1742 propugnatorem
1012 1649 1216 1738 ostenderet,

72 1755 188 1818 tamen
206 1751 338 1842 ultimo,
366 1752 409 1820 ob
430 1753 579 1821 timorem
606 1754 662 1840 qui
688 1770 757 1820 non
775 1749 937 1820 debuerat
953 1751 987 1816 in
1004 1751 1109 1818 virum
1128 1766 1216 1816 oon-

75 1855 225 1917 stantem
258 1849 378 1919 eadere
386 1903 397 1942 ‚
439 1858 564 1920 statuta
598 1853 651 1920 sui
686 1851 820 1921 aoncilii
856 1847 946 1936 quod
989 1847 1216 1915 celebraverat

73 1950 339 2038 m.oe.lnxx.viii.‚
364 1950 500 2037 quando
524 1952 629 2019 eeiarn
655 1967 777 2038 eorpus
801 1949 890 2016 beati
911 1946 1039 2032 Virgilii
1063 1953 1215 2014 transtu-

72 2047 179 2137 ierat,
205 2065 273 2116 non
291 2050 364 2116 sine
382 2051 489 2117 tooius
513 2051 618 2139 patrie
643 2047 805 2118 seandalo
831 2049 865 2115 in
888 2051 1072 2133 eonspeetu
1094 2044 1216 2113 dueum

73 2145 213 2216 Austrie
239 2149 419 2218 revocavit.
463 2149 541 2217 Post
565 2151 674 2237 ipsum
698 2145 875 2216 Rudollum
901 2147 1027 2214 eleetus
1055 2149 1124 2232 est,
1149 2145 1215 2211 imo

75 2247 193 2334 potius
212 2245 309 2314 datus
334 2265 394 2336 per
411 2247 526 2316 sedem
548 2247 785 2336 apostolieum,
812 2243 1009 2314 Cbunradus
1037 2242 1146 2311 dietus
1172 2241 1215 2310 de

75 2344 244 2414 Vonstorl
257 2348 533 2435 tuncepiscopus
552 2339 796 2416 Larentinus.¹

154 2443 372 2514 Mealxxxu.
397 2445 565 2515 Gotiridus
583 2445 791 2515 Pataviensis
813 2444 991 2533 episeopus
1011 2441 1154 2509 nacione
1173 2439 1215 2508 da

75 2543 251 2611 Bestvalia
277 2544 368 2612 obiit.
407 2544 467 2612 Cui
492 2545 641 2615 sueoedit
672 2544 826 2612 dominus
851 2539 1080 2609 Wernhardus
1106 2538 1216 2607 dietus

77 2641 121 2710 de
141 2642 322 2731 Prampaob
340 2645 524 2712 eanonicus
543 2643 693 2713 eiusdem
711 2641 873 2730 eoeleste,
899 2641 948 2707 vir
964 2641 998 2707 in
1016 2644 1216 2706 mansuetu-

77 2740 158 2809 dine
177 2743 275 2810 etiam
292 2742 405 2831 Moysi
424 2743 606 2831 coequalis.
640 2741 704 2823 Qui
728 2744 762 2810 in
781 2739 881 2808 multa
897 2740 1020 2827 pietate
1038 2737 1217 2804 Patavien-

78 2858 152 2908 sem
176 2842 263 2908 rexit
287 2843 482 2932 eeclesiam,
501 2835 554 2911 ot²
571 2842 741 2912 beatorum
764 2839 930 2906 Valentini
948 2842 982 2904 et
998 2835 1216 2904 Maximiliani

78 2957 237 3031 corpora,
256 2941 290 3008 in
307 2941 383 3010 loeo
402 2942 514 3010 humili
532 2942 697 3030 reposita,
719 2941 754 3007 in
772 2938 884 3006 tumba
901 2934 1087 3005 honorabili
1105 2941 1216 3002 ereata

78 3038 121 3106 de
141 3056 232 3108 novo
258 3041 293 3107 in
317 3039 426 3110 medio
454 3041 599 3110 eoeleste
618 3038 825 3108 Pataviensis
852 3035 1087 3105 decentissime
1108 3034 1216 3102 eollo-

78 3139 178 3228 eavit,
198 3144 232 3206 et
247 3139 371 3227 inrepit
384 3139 578 3208 reedilioare
598 3138 641 3208 de
659 3156 749 3208 novo
768 3142 802 3206 et
818 3136 909 3206 bono
923 3151 1024 3226 opere
1039 3133 1216 3202 ecelesiam

78 3229 340 3306 Pataviensem3.

155 3336 313 3406 Preterito
339 3355 447 3426 anne,
472 3337 537 3406 hoo
556 3341 609 3406 est
633 3353 723 3404 anno
750 3333 932 3403 moolxxx.
948 3324 960 3368 ⁴
979 3336 1125 3419 tempore
1147 3330 1216 3396 La-

79 3433 179 3502 dizlai
199 3437 291 3522 regis
315 3436 479 3527 Ungarie,
511 3436 566 3504 lrlii
591 3437 681 3522 regis
710 3433 889 3521 Stephani,
915 3430 1040 3498 Tartari
1065 3429 1099 3496 in
1124 3429 1216 3496 tanta

79 3534 285 3604 multitudine
318 3537 524 3603 intraverunt
556 3535 752 3622 Ungariam,
788 3529 879 3619 quod
909 3527 1106 3598 dioebantur
1140 3545 1215 3594 eum

79 3635 225 3702 exercitu
252 3651 314 3702 suo
340 3633 494 3702 undatim
520 3635 655 3702 miliaria
685 3647 860 3719 oeoupare.
899 3626 963 3708 Qui
989 3625 1120 3695 tandem
1145 3643 1214 3693 non

78 3733 222 3801 humano
248 3734 391 3823 auxilio,
417 3733 479 3801 sed
505 3732 620 3801 divino
646 3731 769 3800 iudioio
794 3730 973 3818 perierunt.
1015 3725 1216 3812 Supervenit

79 3833 164 3900 enirn
183 3831 312 3919 grando
339 3833 395 3900 nix
419 3839 453 3900 et
478 3832 590 3920 pluvia
616 3832 650 3899 in
674 3835 765 3898 tanta
789 3827 972 3915 quarrtitato
999 3823 1089 3912 quod
1116 3843 1155 3892 se
1173 3823 1215 3892 de

53 3931 154 4018 ‚looo
178 3947 314 4000 movere
338 3949 406 4014 non
433 3937 603 4020 poterant,
629 3935 663 3998 et
686 3931 736 3997 sie
762 3925 994 3995 aCbristianis
1021 3924 1054 3990 in
1079 3924 1215 3991 eireuitu

111 4041 141 4106 l)
159 4040 226 4094 Post
244 4071 275 4080 -
293 4041 459 4096 Laverrtious
482 4037 551 4094 iehlt
573 4040 602 4092 in
626 4037 675 4092 der
698 4038 752 4094 hs·
773 4039 804 4099 2)
824 4038 866 4090 vir
883 4035 912 4088 in
929 4063 964 4076 -
981 4034 1051 4087 rexit
1069 4033 1213 4087 eeclesiam

75 4116 101 4162 et
120 4106 187 4162 l'ehlt
205 4107 250 4164 bei
268 4109 297 4164 Ο.
316 4109 398 4162 allwo
417 4116 480 4163 statt
498 4108 594 4163 dassen
613 4125 664 4162 nur
683 4108 730 4178 qui
748 4105 827 4160 stelit.
864 4105 895 4169 3)
913 4109 941 4156 et
959 4103 1059 4171 incepit
1080 4133 1112 4142 -
1132 4104 1212 4156 Pata-

75 4179 195 4231 viensem
214 4176 282 4231 leblt
300 4171 328 4230 dr
347 4177 396 4231 der
414 4175 453 4231 bs.
489 4180 522 4245 lt)
541 4193 572 4230 so
591 4178 619 4229 in
638 4175 687 4228 der
706 4173 744 4229 hs.
763 4171 818 4228 und
838 4172 881 4226 bei
900 4169 983 4237 (l.,0b
1002 4186 1031 4225 es
1050 4169 1123 4224 nicht
1146 4172 1211 4221 l‘tsst

74 4246 182 4300 brisson
200 4245 304 4301 sollte?
