2888 4824
452 208 490 254 ru
511 205 639 254 ronanus
660 209 698 254 or
717 209 801 254 urar.
1113 179 1185 250 439

49 359 126 410 nem
143 342 264 412 intulit
281 341 522 432 Quid'longr'us
541 346 636 433 algor
654 346 817 434 hyemalis
835 345 1026 433 frigiditatis
1044 365 1185 436 prorsus

50 443 208 532 evanuit,
227 448 262 511 et
277 443 390 512 ie‘rvor
407 445 556 514 estivalis
574 444 752 514 caliditatis
769 446 804 514 in
821 450 947 514 tantum
966 446 1134 536 ellerbuit,
1152 454 1188 516 ut

43 540 188 627 ¹puidam
207 541 483 612 discumbentium
500 549 636 634 propter
649 546 737 613 aeris
750 545 975 633 intemperiem
993 547 1102 613 exutis
1120 545 1187 615 du-

43 640 197 728 plicibus
218 639 421 711 indumentis
448 642 643 712 seminudos
670 661 708 712 se
733 643 901 734 iacerent,
921 650 955 712 ct
976 644 1105 732 plurimi
1123 645 1187 714 sub

45 738 223 808 irondcsis
249 739 400 810 urbomm
427 741 600 811 irondibus
625 741 797 811 hincinde
819 741 1024 828 refrigerium
1045 748 1186 832 appete·

42 844 128 906 rent.
156 838 397 909 Ministeriales
420 859 501 910 vero
527 841 716 910 detulerunt
733 841 858 929 ubique
877 843 1049 930 copiosam
1069 844 1187 932 opulu-

41 953 116 1007 rum
143 937 403 1030 plenitudinem,
428 941 474 1008 ita
490 944 529 1008 ut
554 939 686 1010 abunde
705 942 864 1008 satiarent
881 941 1080 1029 populosam
1097 959 1186 1010 oon-

24 996 200 1120 ivivarum
218 1037 468 1108 multitudinem.
485 1039 526 1108 Et
542 1039 664 1108 letatus
683 1046 736 1108 est
752 1057 811 1108 rex
829 1057 904 1108 cum
922 1040 1020 1107 simul
1037 1038 1186 1109 discum-

22 1129 215 1218 fbantibus·
226 1137 261 1204 in
278 1137 395 1206 eadem
414 1139 504 1206 curia
516 1143 573 1207 tot
589 1144 623 1207 et
640 1143 731 1206 tanta
755 1156 898 1208 cernens
916 1138 1062 1208 inaudita
1080 1141 1182 1208 mira-

39 1233 134 1302 bdia.
176 1235 319 1324 Expleta
345 1235 476 1305 demum
504 1239 658 1306 convivio
684 1236 780 1306 turba
805 1237 1065 1306 ministerialium
1088 1241 1185 1326 quasi

38 1331 216 1402 fantasma
242 1334 420 1426 disparuit,
448 1338 590 1422 garritus
613 1338 732 1410 avium,
749 1337 884 1406 omnino
909 1338 1019 1426 siluit,
1046 1355 1184 1423 germen
1217 1395 1220 1402 .

39 1432 222 1502 arboreum
239 1433 415 1503 confestim
429 1437 575 1525 evanuit,
589 1434 705 1504 ilcrida
719 1436 817 1504 tellus
831 1437 1027 1504 inarescens
1043 1438 1183 1528 exaruit,

38 1533 143 1619 copia
162 1533 252 1600 nivis
269 1534 388 1602 iterato
406 1534 520 1624 rediit,
546 1540 579 1602 et
604 1536 788 1624 repetinum
806 1535 887 1620 gelu
905 1535 1109 1604 truculenter
1126 1537 1183 1603 in-

37 1630 189 1721 horruit,
214 1637 251 1700 ut
276 1649 412 1722 omnes,
439 1635 496 1721 qui
521 1634 610 1722 prius
637 1635 745 1704 exutis
762 1633 917 1701 vestibus
936 1632 1184 1703 desudaverunt

36 1729 129 1797 inira
147 1731 353 1821 convivium,
371 1751 460 1802 nunc
478 1731 683 1822 trepidantes
698 1733 926 1802 accelerarent
939 1732 982 1800 ad
998 1734 1112 1820 ignem
1128 1735 1182 1802 in-

37 1827 90 1897 ira
109 1829 322 1898 cenaculum.

117 1926 184 1995 His
202 1934 312 1996 autem
331 1930 411 1997 mira
428 1929 633 1999 iucunditate
650 1930 807 2019 peractis,
824 1925 980 1997 Albertus
999 1930 1181 2018 episcopus

34 2027 210 2095 instanter
235 2030 386 2096 exoravit
411 2047 540 2118 regem,
566 2034 734 2116 quatenus
760 2028 914 2096 iratribus
933 2029 1003 2095 suis
1022 2027 1182 2097 Predica-

35 2127 176 2194 toribus
200 2125 409 2196 claustralem
434 2146 545 2196 aream
566 2129 601 2195 in
620 2128 754 2198 civitate
772 2128 979 2196 'lruiectensi
996 2127 1098 2196 uellet
1116 2145 1181 2196 ex·

35 2229 173 2314 petere,
193 2231 228 2293 et
244 2225 371 2294 eisdem
388 2245 449 2316 pro
467 2227 644 2296 stabilitate
660 2227 755 2313 regni
771 2227 822 2294 sui
837 2226 1009 2295 munilicas
1028 2226 1181 2295 elecmo-

35 2325 137 2392 sinas
165 2324 353 2393 attribuere.
379 2325 450 2395 Rex
476 2332 585 2394 autem
606 2325 864 2414 supplicatorias
882 2343 1003 2414 preces
1029 2325 1180 2394 eiusdem

32 2421 222 2491 reverendi
238 2427 342 2511 patris
358 2425 538 2494 clementer
552 2423 746 2513 exaudiens,
761 2425 949 2492 Traiectum
964 2423 1084 2493 exinde
1098 2425 1181 2493 des-

33 2520 168 2590 cendit.
187 2520 293 2602 Quem
312 2519 390 2592 Otto
408 2522 559 2613 pontiiex
577 2525 649 2592 eius
667 2530 805 2612 patruus
830 2541 904 2590 oum
921 2524 1058 2612 prelatis
1077 2529 1110 2591 et
1128 2525 1179 2591 ci-

30 2620 140 2688 vibus
168 2620 319 2706 gloriose
346 2624 515 2712 suscepit,
543 2624 600 2710 qui
625 2621 667 2690 dc
698 2622 843 2690 fidelium
872 2639 1007 2690 suorum
1037 2622 1179 2691 consilio

29 2719 226 2805 burgensis
254 2719 395 2790 ellectus
419 2729 488 2812 est,
515 2727 549 2790 et
571 2727 694 2789 extunc
725 2722 913 2809 spaciosam
941 2721 1046 2808 campi
1067 2721 1178 2807 plani-

30 2820 125 2886 ciem
153 2817 241 2886 iniru
271 2821 438 2890 civitatem
470 2821 603 2888 nemine
628 2821 901 2888 contraveniente
924 2824 1088 2886 mercatus
1114 2825 1176 2910 est,

30 2935 145 3004 quam
166 2916 211 2984 ad
235 2924 430 2987 structuram
457 2918 755 2988 claustri'donavit
775 2917 953 2985 antedictis
972 2917 1125 2986 iratribus
1143 2919 1177 2986 in

31 3017 314 3107 eleemosynam,
340 3019 478 3107 insuper
505 3023 539 3086 et
561 3019 631 3085 arui
654 3016 735 3085 tulvi
762 3018 845 3085 satis
862 3035 1017 3103 magnum
1035 3019 1178 3110 copiam.

28 3114 198 3202 Denique
224 3117 422 3188 consumatis
446 3118 487 3185 ab
514 3136 555 3186 ec
580 3117 788 3184 libertatibus
807 3117 949 3184 civitatis
969 3122 1003 3184 et
1020 3116 1176 3206 ecclesie,

29 3213 129 3282 idem
157 3231 216 3282 rex
241 3217 387 3302 gloriose
408 3219 589 3305 susceptus
609 3221 661 3284 est
678 3217 762 3283 intra
781 3217 970 3284 comitatum
988 3214 1175 3306 Hellundic,

30 3314 95 3400 qui
123 3317 162 3384 ct
187 3313 221 3380 in
248 3314 344 3401 Haga
369 3316 483 3402 regale
501 3315 657 3404 palatium
676 3316 835 3402 extruxit,
853 3313 971 3383 ubido
990 3315 1101 3382 causis
1120 3332 1176 3381 ar-

29 3411 113 3480 duis
134 3413 233 3498 regni
251 3414 413 3482 tribunale
432 3415 667 3483 consistorium
685 3412 916 3500 frequentavit.

115 3510 340 3582 Civitatenses
359 3519 469 3581 autem
489 3519 521 3581 et
539 3519 730 3581 castrenses
748 3510 926 3599 imperialis
946 3527 1075 3578 camere
1093 3509 1175 3577 red-

28 3608 200 3678 diderunt
220 3610 326 3679 eidam
354 3611 520 3681 benevole
543 3629 679 3680 censum
705 3611 849 3700 regium,
872 3610 919 3676 ita
941 3607 1032 3696 quud
1051 3607 1175 3676 indeti-

24 3709 143 3776 cienti
160 3709 318 3779 thesauro
335 3728 397 3778 suu
420 3711 616 3779 exuberaret
639 3709 924 3797 gazophylacium.
951 3705 1014 3788 Qui
1038 3725 1174 3795 quoque

27 3825 97 3894 pro
126 3813 269 3877 tractatu
295 3809 463 3895 generalis
489 3810 583 3898 pacis
602 3813 831 3877 convenerunt
849 3805 938 3895 apud
955 3806 1174 3897 Maguntiam,

28 3905 251 3976 destinantes
270 3907 377 3977 eidem
395 3922 455 3997 per
472 3909 632 3977 solennes
650 3908 785 3976 nuntios
804 3907 890 3974 hanc
909 3905 1100 3993 epistolum:

113 4006 270 4076 Glorioso
290 4007 425 4076 domino
444 4025 506 4080 suo
525 4008 746 4075 Romanorum
762 4006 837 4092 regi
851 4004 1030 4072 Wilbelmc
1049 4022 1175 4072 cunsu-

26 4104 84 4174 les
114 4110 150 4173 et
173 4105 302 4174 iudices
326 4107 403 4196 plus
429 4125 529 4195 quarn
554 4106 769 4194 septuaginta
793 4105 962 4173 civitatum
993 4104 1174 4191 superioris

26 4204 216 4274 Germania
235 4205 453 4275 reverentiam
471 4210 505 4274 et
522 4205 720 4292 obsequium
745 4203 934 4292 perennale.
969 4201 1173 4270 Excellentie
