2888 4824
270 213 344 284 nin
663 242 702 288 rx
721 241 850 288 rouuuuu
871 241 908 286 uu
930 241 1014 288 suus.

269 382 445 469 mindam,
468 377 655 466 tarpillnnrn
680 381 715 448 in
743 377 932 464 bonestate,
962 379 1129 467 eprepinm
1149 381 1186 447 in
1208 378 1405 464 remolitote,

268 485 302 550 et
315 485 483 548 strennum
498 480 533 546 in
549 478 634 547 uirili
646 477 823 564 probitate.
854 478 1087 560 Verumtamen,
1100 483 1283 564 antequam
1299 483 1405 546 ouban

265 579 485 666 professionis
502 582 555 646 tue
570 577 700 662 famas,
717 595 792 645 eum
816 581 951 644 motura
968 577 1204 646 deliberatione
1219 577 1337 664 inpum
1350 596 1404 645 re-

267 677 344 766 pnle
357 679 454 763 prins
470 677 596 744 ondin.
621 674 692 744 Hee
707 681 758 743 est
771 678 884 761 itaque
900 677 1019 763 reputa
1036 677 1190 744 militaris
1205 677 1358 744 ordinis:
1372 679 1403 743 in

264 779 382 863 primis
405 794 479 844 enm
503 775 622 844 deoota
644 775 876 843 recordatione
899 775 1056 843 dominioe
1079 777 1249 862 passionis
1272 777 1404 843 otissom

268 877 448 944 diurnatim
464 874 604 954 andire;
625 891 691 959 pro
705 875 771 956 lde
788 872 953 942 oatbotiaa
971 891 1094 960 eorpus
1118 875 1287 942 audacter
1303 892 1404 959 eapo-

266 991 371 1055 nere,·
395 978 545 1042 sanatam
561 973 736 1042 ecelesiam
753 991 827 1040 enm
842 975 998 1042 ministris
1022 974 1092 1041 etus
1118 991 1141 1040 a
1164 973 1404 1059 qnibnsennoue

267 1072 516 1160 pressatoribns
534 1070 700 1153 liberare,·
717 1072 835 1140 oiduas
850 1073 995 1158 pnpillos
1013 1077 1073 1140 ant
1096 1071 1269 1158 orpbanos
1297 1075 1334 1140 in
1351 1091 1403 1139 eo-

267 1190 342 1240 rnm
354 1175 546 1240 necessitate
555 1175 752 1258 protepere,·
762 1173 885 1238 iniusta
902 1171 989 1239 bella
1001 1174 1132 1252 vitare;
1148 1173 1262 1257 inipem
1280 1173 1402 1257 stipen-

269 1271 326 1338 dia
356 1289 516 1350 renuere·
537 1289 602 1356 pro
632 1269 826 1338 liberatione
855 1269 1028 1338 meinslibet
1049 1272 1232 1338 brnooentis
1261 1270 1404 1337 duellum

267 1372 375 1450 inire,·
392 1372 556 1458 tyrocinia
567 1387 633 1438 aon
645 1370 706 1436 nisi
722 1387 829 1436 eausa
841 1369 995 1438 militaris
1006 1371 1157 1437 eaereitii
1167 1369 1404 1455 frequentare·

267 1471 460 1555 imperatori
476 1468 698 1536 Romanorum
723 1486 781 1535 sen
806 1470 876 1536 eins
898 1470 1036 1554 patritio
1059 1457 1248 1536 reverenter
1270 1470 1310 1536 in
1326 1473 1402 1534 tem-

151 1579 154 1584 ·
264 1566 439 1652 poratibnr
456 1565 588 1634 obedire
594 1588 613 1649 ,r
637 1566 872 1652 rernpnblieom
887 1567 1049 1636 illibatam
1064 1569 1098 1634 in
1114 1569 1230 1654 oiqore
1247 1583 1312 1634 sno
1326 1585 1402 1652 per-

268 1668 418 1746 mittere,·
430 1665 581 1750 feudalia
595 1666 682 1734 bono
700 1669 793 1752 nepai
804 1667 859 1734 oet
870 1668 998 1752 imperii
1009 1684 1216 1752 mammaeam
1230 1665 1403 1745 euenere·

269 1783 311 1834 oe
326 1763 656 1851 irreprehensibiliter
680 1766 772 1851 apnd
793 1765 888 1832 mum
912 1771 946 1832 et
968 1764 1113 1833 nonnos
1138 1767 1171 1833 in
1196 1763 1262 1833 boo
1281 1761 1402 1832 'mundo
1435 1781 1436 1784 ’

267 1866 385 1932 oioere.
420 1864 489 1932 Hee
504 1863 630 1932 statuta
646 1863 799 1932 militaris
820 1865 933 1951 repnte
957 1867 986 1932 si
1002 1865 1116 1932 deuote
1132 1864 1351 1946 anterioris,
1375 1871 1403 1932 et

263 1981 444 2050 proposse
462 1965 531 2030 siae
547 1980 644 2032 nosse
660 1963 833 2050 dilipenter
850 1963 1096 2049 adimpleveris,
1117 1966 1209 2031 seius
1234 1967 1266 2031 te
1284 1965 1401 2032 mereri

269 2063 483 2148 temporalem
498 2061 656 2130 bonorem
671 2064 706 2130 in
728 2065 844 2147 terris,
868 2067 901 2130 et
922 2067 1001 2149 post
1021 2061 1108 2130 bone
1130 2064 1232 2130 oitam
1259 2065 1401 2148 requiem

269 2166 416 2230 eternam
439 2165 475 2230 in
500 2161 588 2229 cetis.
635 2160 696 2229 His
721 2168 832 2230 eutem
856 2163 1016 2251 expletis,
1044 2161 1197 2230 domiuus
1224 2161 1399 2229 cardinalis

269 2261 467 2330 ooniunoiss
481 2279 596 2329 memus
612 2261 684 2329 eius
702 2262 832 2348 tyronis
843 2261 961 2329 elausit
973 2263 1006 2328 in
1024 2260 1149 2328 missali
1164 2278 1266 2349 super
1283 2261 1401 2328 leotum

271 2359 500 2448 evangelium,
519 2361 563 2428 itu
582 2359 717 2428 disens:
755 2361 806 2428 Vis
823 2377 904 2446 erpo
921 2360 1095 2427 militarem
1115 2359 1264 2427 ordinem
1286 2360 1323 2426 in
1344 2377 1400 2426 no-
1434 2415 1435 2418 ,

269 2461 355 2526 mirre
367 2457 499 2526 Doneini
518 2461 687 2545 soseipere
704 2458 826 2543 denote,
843 2463 878 2526 et
889 2459 1041 2545 reputem
1057 2457 1115 2524 tibi
1130 2457 1327 2526 oerbotenrrs
1342 2477 1399 2524 ee-

265 2557 427 2643 plioatam
441 2575 505 2642 pro
527 2561 585 2625 tua
604 2556 823 2644 possibilitate
845 2557 1032 2643 perficere?
1058 2557 1119 2625 Cui
1144 2555 1323 2645 respondit
1347 2577 1400 2624 m-

270 2657 391 2742 miger:
423 2655 508 2724 Volo.
534 2657 696 2726 Dominus
721 2662 830 2725 autem
855 2656 1033 2724 osrdiuelis
1061 2657 1328 2743 subsequentem
1346 2675 1399 2724 ex-

269 2753 348 2824 indo
373 2755 617 2843 professionem
634 2753 752 2834 eidem
778 2756 941 2841 armigero
972 2754 1082 2844 dedit,
1118 2773 1216 2842 quam
1252 2761 1288 2822 et
1319 2755 1398 2824 idem

271 2855 414 2940 armiger
431 2855 539 2941 pulum
567 2855 719 2922 omnibus
744 2857 777 2922 in
795 2855 883 2922 huno
901 2854 1032 2944 modum
1050 2853 1149 2940 legit:
1171 2853 1245 2940 Epo
1274 2853 1396 2921 Wutbet·

270 2971 343 3020 mus
354 2952 600 3021 Hotlandiensis
621 2955 732 3022 militie
747 2956 918 3040 princeps,
943 2955 1096 3038 saoriqne
1110 2954 1239 3037 imperii
1257 2952 1397 3020 oosaltm

272 3049 372 3132 liber,
391 3053 532 3118 iurando
549 3053 707 3137 profiteor
719 3053 834 3139 repnte
850 3054 1003 3121 militaris
1017 3051 1262 3120 observantiam
1279 3053 1313 3118 in
1325 3069 1396 3137 pre·
1433 3075 1434 3144 3

270 3151 380 3216 sentia
406 3149 526 3216 donnrri
556 3153 617 3218 mei
640 3153 734 3218 Petri
758 3153 865 3219 saneti
896 3153 1027 3238 Georpii
1052 3151 1099 3217 ad
1130 3149 1237 3217 Velnm
1265 3169 1394 3217 aureum

272 3249 404 3316 diaconi
424 3247 588 3316 cardinali
609 3255 642 3318 et
669 3251 851 3336 apostoliae
872 3251 961 3318 sedis
987 3251 1088 3336 lopati
1110 3267 1176 3334 per
1196 3247 1261 3315 boe
1286 3267 1396 3316 saero-

270 3351 422 3416 sanetnm
443 3349 647 3434 eoanpeliom
666 3351 757 3435 qnod
773 3368 872 3417 nnana
897 3354 1008 3436 tanpo.
1036 3349 1095 3416 Cui
1114 3346 1312 3416 oerdiuulis:
1336 3348 1396 3414 tier

272 3447 391 3514 deoota
399 3447 582 3532 professio,
596 3453 812 3533 peoeatornm
824 3454 953 3516 tororum
963 3450 1006 3515 sit
1020 3465 1101 3514 vera
1116 3448 1278 3513 remissio.
1296 3447 1396 3514 Amen.

272 3544 333 3614 His
351 3548 463 3633 itaque
482 3545 577 3614 dietis
595 3566 653 3614 rex
670 3548 828 3616 Bohemie
846 3545 1005 3634 grandem
1033 3545 1123 3613 dedit
1147 3547 1246 3612 iotum
1267 3548 1301 3613 in
1320 3547 1395 3613 coito

274 3647 412 3734 tyronis
424 3647 468 3712 its
483 3645 615 3713 disens:
633 3646 686 3712 Ad
691 3645 847 3714 bonorem
856 3647 1085 3731 omnipotentis
1094 3643 1146 3710 dei
1161 3644 1335 3712 tensilitem
1347 3663 1394 3711 or-

273 3743 359 3825 dino,
377 3763 419 3810 oo
431 3746 465 3810 in
475 3750 590 3812 nostro
603 3744 740 3831 callepio
754 3749 785 3812 te
798 3745 1009 3832 prolatanter
1025 3745 1176 3828 aoeipio,·
1191 3747 1227 3809 et
1237 3749 1394 3818 menmnto,

178 3849 181 3856 ’
243 3841 362 3925 osted
381 3843 532 3910 salvator
548 3844 659 3912 mnndi
675 3863 790 3911 eoram
804 3844 900 3911 Arma
916 3843 1068 3928 pontifice
1079 3861 1144 3928 pro
1163 3847 1195 3907 te
1213 3841 1393 3928 oolaplrisu-
1432 3923 1433 3930 ἵ

273 3941 325 4006 tas
341 3943 374 4006 et
385 3940 511 4024 illusos,
528 3961 643 4009 eoram
658 3942 787 4010 Herode
799 3961 878 4028 repe
891 3939 1062 4029 oblampde
1075 3942 1212 4008 vestitus
1228 3945 1262 4007 et
1276 3941 1393 4008 derisos

272 4040 306 4104 et
317 4055 432 4104 eoram
447 4043 533 4106 onnei
546 4042 670 4126 populo
683 4043 789 4108 nudus
803 4046 836 4108 et
853 4041 1046 4108 uulneratus
1064 4041 1098 4106 in
1111 4056 1210 4106 ornae
1225 4055 1392 4126 suspensus

272 4138 337 4218 est,
360 4138 452 4204 onies
471 4139 650 4224 opprobria
672 4145 702 4206 te
723 4142 905 4208 meminisse
927 4139 1066 4229 suadeo,
1081 4141 1173 4206 annu
1191 4155 1324 4206 ornoern
1341 4155 1390 4204 ao·

272 4238 406 4317 eeptore
428 4240 459 4302 te
480 4238 631 4321 consuto,
656 4240 864 4307 ontnsetiam
884 4243 1022 4307 mortem
1042 4237 1156 4306 bloisoi
1177 4241 1209 4304 te
1228 4254 1350 4305 moneo.
