2878 4834
378 263 548 312 nrrnounra
569 263 804 312 wcnunrrmsm.
1085 234 1156 304 219

95 400 123 460 5.
144 397 290 460 Heinrich
312 399 397 474 (Vll)
418 398 492 460 hebt
513 399 703 476 uua-untrag
731 401 832 461 salnes
860 398 965 460 rathes
993 397 1042 460 dle
1070 401 1159 464 rdthe

143 479 209 542 und
231 479 483 544 bruderscnalten
512 498 550 543 zu
571 481 692 544 Worms
714 481 785 558 aul,
816 479 918 542 tndem
945 496 980 544 er
1007 487 1160 558 genannte

141 562 341 626 machtbotcn
368 564 492 626 dorthin
518 562 682 642 ahsendet,
722 579 772 626 um
800 565 984 639 gemeinsam
1009 567 1064 625 mit
1092 563 1161 626 dem

144 643 290 720 dortigen
317 645 442 708 hischof
467 645 516 708 die
541 645 726 724 verfassung
759 644 814 707 der
844 644 928 706 stadt
959 660 998 706 zu
1034 643 1159 708 ordnen.

144 727 331 807 Frankfurt,
355 731 433 790 1232
455 743 523 804 aug.
544 729 572 790 4.

94 862 277 931 Heinricus
302 863 356 932 dei
377 865 492 950 gracia
508 863 730 932 Romanorum
760 880 819 931 rex
844 869 876 931 et
899 879 1030 951 semper
1049 881 1160 951 augu-

33 967 104 1030 stus.
130 960 306 1030 Fidelibus
326 964 398 1030 suis
417 964 584 1032 uniuersis
608 962 736 1030 civibus
755 962 1063 1030 wormaciensibus
1080 981 1160 1049 gra-

32 1062 102 1127 ciam
124 1079 223 1128 suam
250 1068 283 1129 et
306 1081 403 1132 omne
423 1061 557 1132 bonum.
596 1062 752 1130 lnstructi
776 1061 817 1129 dc
844 1060 1050 1151 plenitudine
1074 1079 1159 1130 eon-

31 1160 85 1226 silli
101 1161 223 1251 nostri,
241 1163 381 1230 consilia
397 1168 431 1230 et
446 1160 745 1250 confraternitates,
761 1179 825 1248 que
843 1161 877 1228 in
897 1161 1031 1228 civitate
1047 1167 1159 1229 vostra

31 1259 200 1346 hucusque
225 1259 408 1350 habuistis,
425 1260 523 1329 vobis
541 1267 709 1350 potestate
731 1262 824 1346 regia
847 1258 1044 1350 aulerimuS,
1076 1279 1158 1328 vos-

32 1376 87 1444 que
105 1358 274 1447 deinceps
299 1379 319 1428 a
342 1361 397 1428 tali
416 1359 660 1452 consuetudine
683 1377 819 1428 cessare
841 1360 973 1447 penitus
996 1358 1159 1428 iubemus.

31 1456 197 1526 blittentes
236 1457 363 1528 advos
389 1459 546 1528 dilectum
579 1459 760 1548 principem
794 1466 944 1528 nostrum
978 1459 1160 1526 venerabi-

32 1556 87 1622 lom
107 1557 400 1647 archiepiscopum
423 1558 719 1646 Hogunlinensem
729 1609 738 1647 ,
768 1563 801 1626 et
818 1557 961 1626 dilectos
980 1555 1160 1626 familiares

34 1661 159 1726 nostros
175 1655 217 1723 H.
238 1658 462 1727 marchionem
485 1657 527 1726 de
545 1656 662 1726 Badeo
676 1663 709 1725 ct
728 1657 899 1726 Gerlacum
915 1655 957 1725 de
972 1655 1160 1746 ceungeu,

33 1762 63 1821 nt
85 1772 158 1822 cum
183 1757 346 1845 episcopo
369 1757 609 1826 Wormaticnsi
634 1755 852 1846 consedeant,
879 1761 913 1824 et
936 1755 980 1824 cd
1002 1756 1159 1825 honorem

36 1860 175 1922 nostrum
207 1860 241 1924 et
263 1857 370 1944 ipsius
402 1858 554 1946 episcopi
585 1855 627 1924 de
651 1862 740 1924 statu
771 1856 916 1924 civitatis
946 1854 1102 1924 ordinent
1127 1861 1162 1923 et

35 1951 218 2041 disponent
245 1956 286 2023 llt
305 1957 460 2025 volumus
480 1962 515 2024 nt
537 1954 746 2025 vcs‘talibns
768 1953 951 2023 eorundem
974 1953 1160 2023 ordinatio-

35 2051 120 2120 nibus
150 2055 286 2124 sinere
306 2107 418 2124 .....
436 2057 568 2125 catione
595 2055 793 2124 unanimiter
823 2052 998 2122 obediatis.
1037 2052 1156 2122 Datum

36 2151 111 2238 apud
128 2152 377 2245 Franhenlard,
393 2155 416 2222 ii
436 2173 515 2224 non.
531 2156 666 2242 augusti
674 2208 685 2244 ,
708 2152 888 2222 indictione
907 2153 1031 2240 quinta.

96 2349 123 2406 o.
145 2347 360 2411 Rathmannen
383 2349 446 2412 und
473 2347 586 2426 bdrger
607 2363 666 2412 ron
687 2348 807 2412 Worma
828 2346 1005 2412 verkhnden
1030 2349 1089 2410 wie
1110 2346 1159 2408 ihr

146 2430 274 2492 bischoi
291 2431 434 2494 Heinrich
456 2431 512 2494 auf
531 2431 599 2493 dem
619 2447 657 2494 zu
673 2431 817 2493 Ravenna
837 2429 1020 2508 gehaltenen
1041 2429 1156 2492 reichs·

145 2517 201 2587 tog
222 2512 270 2575 hei
293 2513 361 2575 dem
381 2514 485 2576 kaiser
506 2517 550 2576 sle
571 2513 804 2592 blntergangen,
825 2516 884 2575 wle
905 2513 997 2576 ihren
1020 2513 1157 2588 dagegen

147 2593 244 2669 konig
264 2595 408 2658 Heinrich
436 2597 544 2659 schntz
571 2595 655 2659 lhres
675 2595 889 2657 herlrommens
911 2599 1075 2672 zugesagt,
1103 2593 1158 2654 der

148 2676 276 2753 blschcl
293 2677 366 2740 aher
387 2681 432 2742 sle
453 2678 587 2755 gebaunt
608 2677 705 2756 habe,
726 2677 828 2740 lndern
848 2679 894 2740 sle
915 2677 1013 2738 ledam
1033 2677 1158 2737 meister

147 2758 222 2834 (der
233 2760 593 2842 rechtsgclehrsamlreit)
606 2759 739 2824 welcher
750 2759 817 2822 ihre
825 2757 1059 2834 vertheldlgung
1070 2757 1157 2818 tiber·

146 2841 278 2904 nehmen
300 2841 364 2904 will
385 2858 601 2919 angemessene
622 2841 797 2919 helchnung
816 2855 958 2918 zusagen.
1001 2840 1125 2916 (1232.)

102 2974 290 3044 Consiliarii
305 2983 339 3045 et
348 2977 495 3046 universi
505 2977 598 3045 cives
611 2976 646 3043 in
660 2975 852 3043 Wormacia
868 2974 1021 3044 omnibus
1039 2973 1159 3042 Christi

41 3069 181 3142 fidelibus
199 3076 232 3142 in
251 3065 457 3164 perpetuum.
483 3075 615 3144 Tenore
632 3076 843 3163 presencium
862 3073 904 3141 ad
922 3075 1078 3142 noticiam
1097 3072 1160 3142 de-

42 3167 178 3242 ducimus
210 3176 453 3265 universorum,
482 3174 572 3263 quod
604 3173 747 3262 quedam
778 3171 955 3264 discordia,
971 3170 984 3251 ΙΙ
1000 3191 1065 3261 que
1099 3172 1160 3242 luit

40 3268 112 3339 inter
127 3273 352 3342 venerabilem
371 3272 539 3342 dominum
558 3274 751 3362 episcopum
770 3273 1067 3361 Wormacicnsem,
1087 3273 1159 3340 cle·

43 3386 99 3437 rum
129 3379 162 3440 et
198 3373 290 3442 cives
316 3371 503 3462 predictos,
549 3371 771 3440 mediantibus
795 3370 993 3459 quibusdam
1021 3370 1158 3460 prelatis

43 3470 169 3541 ecclesie
188 3473 299 3540 taliter
325 3473 434 3560 sopita
465 3471 542 3562 luit,
569 3470 725 3540 videlicet
743 3469 833 3559 quood
852 3468 1010 3558 quicquid
1029 3469 1159 3538 chnse

44 3565 156 3638 clericis
172 3569 186 3647 ΙΙ
202 3578 409 3661 occurreret,
443 3573 535 3640 cives
563 3571 829 3638 Wormatienscs
858 3573 972 3657 utpote
996 3586 1075 3636 suas
1102 3570 1157 3635 in-

42 3665 125 3737 iurias
143 3669 362 3761 vindicarent,
382 3675 414 3738 et
431 3671 504 3760 ipse
523 3670 632 3738 clerus
651 3687 670 3737 e
689 3687 854 3738 converso
872 3668 1008 3736 iniurias
1027 3667 1157 3757 civium,

43 3765 88 3832 ubi
104 3769 233 3855 gladius
253 3788 366 3839 corum
384 3769 562 3839 materialis
582 3767 754 3858 deficeret,
773 3765 886 3855 gladic
905 3767 1066 3856 spirituali
1085 3768 1157 3835 sive

43 3861 136 3937 banno
159 3870 312 3937 inimicos
337 3870 455 3938 civium
481 3874 678 3938 coartarent.
713 3868 854 3955 Insuper
872 3865 1025 3935 dominus
1044 3873 1159 3934 noster

45 3966 205 4057 episcopus
233 3970 338 4037 nostri
363 3968 557 4038 recordatus
584 3966 724 4036 fideliler
750 3967 954 4056 repromisit,
979 3971 1015 4033 ut
1032 3965 1157 4033 nullum

44 4060 136 4133 iusab
154 4067 426 4136 antecessoribus
455 4069 524 4136 suis
551 4066 680 4136 civibus
707 4065 868 4134 indultum
898 4065 1085 4153 aliqualiter
1102 4066 1157 4133 in-

46 4158 175 4234 lumarct.
208 4165 279 4234 Hoc
305 4173 415 4235 autem
442 4167 593 4236 ordinata
612 4165 818 4255 composicio
836 4171 996 4254 presente
1023 4161 1157 4232 dominc

46 4263 187 4354 episcopo
205 4265 373 4355 publicata
391 4265 462 4357 suit,
482 4266 570 4335 omni
587 4265 731 4355 populo,
756 4265 888 4354 ptdsata
914 4279 1094 4352 campana,
1123 4262 1156 4328 in
