2950 4836
252 190 323 259 506
624 216 795 262 uennrvuus
815 215 1002 261 nurnurusrs.

169 366 235 422 (111
327 355 502 425 Moexhii.
527 352 686 423 hibertus
709 356 843 422 ultimus
870 371 985 422 onmes
1010 352 1052 420 de
1072 353 1188 438 Bogen
1207 352 1288 420 ohiit
1304 355 1376 420 xviii

250 457 315 524 hai.
334 456 497 524 februarii.
523 455 688 522 Ditmarus
707 454 811 522 abhas
830 451 1024 520 Altahensis
1043 445 1375 520 0111111111111111111151

251 555 356 624 abhas
377 554 536 623 succedit.
563 552 738 621 Heinrieus
760 553 801 621 de
823 553 994 620 Camtania
1007 553 1157 620 notorius
1176 552 1377 638 imperatoris

250 654 384 742 eiigitur
399 657 432 722 in
450 656 645 742 episcopum
663 653 989 738 Bahenbergensem.

315 743 941 840 Μ.(1(1.1(1.111.8111111111111111(11110111132
949 799 1022 818 .....
1034 748 1378 836 cardinalisinpapam

250 854 391 941 eligitur,
407 859 440 920 et
458 858 599 921 vocatus
615 857 666 919 est
681 853 898 919 Innocentius
913 868 1001 938 papa
1017 854 1154 936 quartus
1173 848 1218 916 vii
1235 849 1301 915 kal.
1317 849 1379 914 iulii

253 949 338 1042 [iuni
356 949 433 1043 25].
448 953 515 1019 iam
534 953 620 1018 enim
635 957 767 1039 propter
783 952 906 1018 scisma
924 951 1161 1034 interregnum
1177 953 1212 1014 et
1227 946 1380 1016 sacerdo-

251 1055 330 1120 tium
348 1050 449 1119 sedes
464 1051 650 1138 apostolica
667 1056 846 1118 vacaverat
864 1048 1035 1116 mensibus
1055 1047 1123 1114 tere
1142 1047 1222 1114 xxii.

324 1150 523 1219 Mocxliiii.
541 1148 715 1217 Heinricus
736 1149 821 1216 trtius
845 1145 883 1215 0.
904 1147 998 1215 ducis
1012 1147 1166 1214 Bavvarie
1186 1144 1285 1213 duxit
1302 1163 1380 1214 uxo-

251 1269 318 1318 rem
334 1249 499 1318 dominam
513 1249 697 1337 Elysaheth
715 1247 813 1316 iniiam
831 1248 910 1314 Bele
928 1247 1018 1332 regis
1030 1245 1253 1332 Ungarorum.
1272 1241 1382 1332 Aque-

251 1349 370 1418 duotus
390 1349 424 1416 ht
442 1348 485 1416 ad
504 1349 738 1416 monasterium
756 1345 949 1414 Altahense.

326 1448 498 1515 Mccniv.
518 1447 725 1516 Universaiis
750 1445 904 1534 synodus
931 1445 1115 1512 celebratur
1132 1442 1224 1532 apud
1242 1441 1383 1528 Lugdu-

252 1567 348 1636 num,
366 1548 423 1614 ubi
438 1546 593 1614 dominus
615 1546 830 1614 Innocentius
853 1563 940 1632 papa
960 1551 1074 1612 eontra
1093 1543 1303 1611 Fridericum
1326 1543 1384 1608 im-

251 1655 440 1734 peratorem
465 1645 684 1734 depositionis
709 1647 908 1712 sententiam
928 1645 1158 1732 promulgavit.
1194 1643 1235 1710 In
1263 1661 1308 1709 ea
1333 1660 1386 1728 sy-

252 1745 342 1814 nodo
364 1746 497 1813 fuerunt
516 1752 584 1812 tres
610 1745 797 1832 patriarche
817 1751 850 1811 et
871 1744 1023 1830 episcopi
1050 1743 1187 1830 plurimi.

325 1840 1387 1930 MccnhviiibcrhardusSalzburgensisarchiepiscopusobiit.

253 1941 393 2013 Siiridus
411 1943 666 2032 Ratisponensis
686 1944 865 2031 episcopus
886 1943 986 2030 obiit,
1007 1943 1059 2008 oui
1075 1938 1234 2008 hibertus
1259 1958 1323 2027 per
1341 1939 1387 2006 le·

253 2049 365 2128 gaium
389 2043 480 2111 sedis
505 2044 692 2130 apostolice
710 2043 921 2127 subrogatur.
947 2039 1134 2108 Friderious
1160 2039 1232 2107 dux
1253 2037 1388 2106 Austrie

253 2143 387 2210 occisus
415 2149 476 2210 est.
509 2142 685 2209 Heinricus
715 2142 921 2228 lantgravius
954 2141 1110 2226 Turingie
1138 2157 1158 2206 a
1185 2137 1389 2225 quibusdam

252 2241 455 2330 principibus
476 2242 608 2328 cligitur
635 2243 669 2308 in
691 2259 823 2329 regem,
850 2247 884 2308 et
903 2237 1022 2308 eodem
1048 2256 1136 2306 anno
1154 2237 1248 2305 obiit.
1277 2235 1388 2304 Chun-

254 2339 355 2408 radus
386 2341 472 2408 hlius
506 2340 661 2408 Friderici
691 2341 898 2428 imperatoris
925 2339 1017 2406 duxit
1046 2355 1182 2406 uxorem
1220 2335 1388 2404 dominam

251 2439 435 2528 Elysabeth
455 2440 551 2508 filiam
568 2435 700 2508 Ottonis
719 2438 812 2508 ducis
828 2439 990 2506 Bouarie.

326 2539 521 2608 M.ec.xl.vii.
542 2539 773 2606 Wiiiehelmus
795 2555 908 2606 comes
928 2534 1105 2604 Holiandie
1125 2536 1158 2602 in
1186 2553 1304 2622 regem
1329 2533 1388 2601 eli-

253 2630 368 2724 gitur³
392 2637 568 2725 Rudgerus
587 2637 794 2706 Pataviensis
810 2637 989 2725 episeopus
1006 2635 1124 2702 multas
1148 2642 1318 2702 crematas
1334 2653 1390 2702 ec-

254 2738 375 2805 clesias
401 2740 610 2806 consecravit
628 2739 661 2804 in
687 2755 802 2804 mense
823 2743 978 2822 augusto.
1005 2733 1187 2802 Ludwicus
1210 2734 1299 2802 hiius
1326 2731 1389 2800 Ot-

254 2837 342 2904 tonis
368 2836 460 2905 ducis
484 2837 637 2906 Bawarie
666 2835 873 2904 Chunradum
900 2836 1050 2903 comitem
1071 2831 1112 2902 de
1139 2831 1390 2901 Wazzerburch

254 2955 327 3003 cum
354 2939 502 3005 exercitu
527 2939 666 3022 invasit,
694 2943 728 3003 et
752 2955 826 3003 eum
847 2935 888 3002 de
914 2935 1072 3002 comitatu
1095 2934 1208 3021 eiecit,
1235 2933 1389 3000 omnihus

254 3036 490 3103 munitionibus
515 3038 584 3104 suis
609 3037 725 3124 ceptis,
761 3035 942 3122 Phyiippus
971 3033 1055 3100 hlius
1079 3031 1264 3100 Bernhardi
1296 3031 1388 3098 ducis

254 3132 423 3201 Karinthie
443 3136 576 3220 eligitur
595 3137 628 3202 in
656 3135 944 3220 archiepiscopum
970 3131 1273 3220 Saizhnrgensem‚
1301 3132 1390 3198 cuia

254 3231 388 3300 domino
406 3252 494 3321 papa
508 3233 718 3302 Burchardus
739 3251 852 3300 comes
868 3232 909 3299 de
926 3231 1128 3316 Cygonheim
1140 3231 1388 3318 superponitur,

254 3338 287 3399 et
306 3342 525 3401 consecratus
546 3353 585 3400 ac
608 3333 708 3421 pallio
732 3331 1007 3420 archiepiscopali
1025 3329 1204 3398 decoratus
1222 3332 1365 3397 moritur.

289 3495 318 3556 1)
338 3492 387 3545 der·
405 3493 547 3548 versasser.
583 3496 614 3557 21
635 3493 706 3545 heere
724 3492 804 3545 stadie
822 3491 865 3544 1111
883 3493 1067 3557 zrveiwhrter‚
1086 3489 1205 3544 nimlich
1224 3489 1389 3542 1111011111(-

252 3561 342 3614 rentii.
387 3563 418 3628 3)
438 3561 496 3614 hier
522 3563 558 3614 ist
581 3561 630 3614 aus
651 3561 710 3612 dem
734 3560 960 3626 eingeschaheten
984 3559 1064 3614 blatto
1090 3558 1211 3611 welches
1238 3557 1285 3610 die
1312 3557 1389 3623 ohige

252 3627 331 3681 steiie
349 3629 416 3682 iiber
435 3629 535 3697 herzog
551 3629 690 3683 Friedrich
704 3629 806 3682 enthdit
820 3631 867 3682 mit
876 3627 1056 3696 sehriiizrigen
1068 3627 1115 3680 des
1126 3626 1305 3680 dreizohnteu
1324 3625 1388 3678 iahr·

253 3696 380 3750 hunderts
405 3699 466 3750 eine
485 3698 622 3751 neehricht
642 3697 709 3750 inber
727 3697 778 3749 den
796 3696 966 3749 rheinischen
985 3695 1146 3749 stidtebund
1164 3693 1388 3762 eingeiirgt‚wel-

253 3764 303 3816 che
320 3764 418 3817 iedoch
442 3781 509 3833 garrz
533 3767 630 3819 dessen
653 3764 805 3818 bekannten
829 3765 1022 3818 actenstrichen
1042 3772 1214 3816 entnommeu
1234 3765 1286 3816 ist:
1304 3762 1389 3814 Huius

251 3831 393 3885 Wiiheimi
412 3837 482 3901 regis
502 3843 621 3906 ternpore
640 3834 763 3886 civitates
781 3833 851 3904 apud
864 3833 987 3886 Rhenum
1004 3850 1064 3886 cum
1077 3831 1244 3902 principibus
1263 3832 1388 3901 optimam

253 3915 344 3980 pacem
369 3901 476 3967 ineunt,
493 3903 623 3969 eligentes
641 3901 691 3954 sibi
715 3902 878 3972 capitaneos,
896 3901 1056 3953 destruendo
1075 3909 1163 3953 castra
1181 3900 1291 3960 noeirs,
1310 3907 1337 3950 et
1355 3899 1388 3949 in·

253 3978 322 4021 ruste
342 3967 460 4021 thelonia
480 3979 657 4024 removentes.
685 3969 747 4035 Quo
765 3979 825 4040 post
841 3970 942 4022 obitum
961 3970 1045 4038 ipsius
1062 3970 1142 4036 regis,
1180 3969 1209 4020 ui
1229 3968 1297 4019 vixit
1314 3967 1387 4036 quasi

253 4053 349 4090 novem
368 4039 455 4101 annis,
472 4041 560 4090 omnia
570 4039 709 4090 redierunt
728 4039 752 4090 in
772 4039 912 4108 pristinum
932 4038 1031 4089 rnatum
1047 4045 1152 4090 statum.
1193 4042 1292 4087 uerunt
1301 4044 1386 4086 autem

252 4105 395 4174 subscripti
419 4109 553 4175 principes
581 4117 608 4158 et
632 4105 782 4176 subscripto
801 4107 923 4158 civitates
941 4107 987 4174 qui
1006 4113 1096 4158 sancte
1115 4106 1189 4174 pacis
1208 4103 1302 4156 federa
1321 4105 1387 4154 iura-

252 4180 363 4225 verunt:
385 4172 541 4226 Gerhardus
560 4174 777 4242 archiepiscopus
790 4174 1003 4240 Mogontineusis
1023 4205 1048 4212 -
1072 4182 1098 4225 et
1116 4173 1170 4224 atie
1188 4173 1313 4224 civitates
1331 4172 1387 4240 pius

253 4256 332 4308 (11111111
350 4243 489 4309 sexaginta
508 4259 568 4294 cum
587 4243 695 4294 civitate
714 4243 854 4296 Bermeusi
872 4241 1032 4313 Grunperch
1050 4240 1233 4294 Hirsvveiden.
