2886 4834
392 234 556 284 cuuomcon
578 234 795 282 conxnnrsxsu.
1121 205 1166 274 95

7 271 11 442 ι
48 381 127 467 parte
150 373 271 444 eadere
297 382 490 460 coegerunt.
524 373 599 442 Uno
627 374 731 442 ceiam
755 375 823 442 ietu
847 374 957 442 turrim
984 374 1166 459 tetigerunt
1185 381 1247 436 sset

7 447 9 518 b
49 485 75 544 et
89 477 119 544 in
136 480 262 542 tuntum
280 473 430 542 leserunt
447 471 536 560 quod
556 474 682 540 ruinam
700 472 880 541 fortissime
899 471 1093 540 minabatur.

7 575 8 588 ³
109 573 268 661 Hospites
285 571 439 640 videntes
458 591 582 640 murum
600 572 768 640 oeoidisse
787 573 973 660 timuerunt,
999 577 1033 639 et
1050 587 1167 639 omnes

7 723 8 760 3
49 673 204 740 machinas
229 679 263 740 et
288 673 507 740 instrumenta
533 689 598 758 que
624 670 778 740 leserunt
794 669 837 738 arl
855 669 1103 738 defendendum
1120 672 1182 738 ei-=

7 773 8 854 5
50 774 168 840 vitatem
194 771 359 839 velociter
384 770 621 857 desemerunt,
642 778 676 838 et
698 772 731 837 in
757 775 901 838 oestrum
920 787 957 837 se
977 787 1050 837 eum
1069 769 1169 837 iesti-

7 869 8 902 l
49 873 145 938 nantia
163 876 371 958 receperunt.
397 870 478 938 Post
493 870 555 938 heo
570 872 661 938 oiues
680 887 717 938 se
736 887 810 936 eum
827 870 943 958 pauois
961 867 1169 938 eonditioni-

49 969 98 1038 bus
116 969 341 1056 tradiderunt,
362 968 451 1056 qnod
470 975 503 1036 et
520 969 608 1038 oiroa
625 969 817 1057 principium
836 967 978 1035 libenter
993 967 1168 1057 iecissent,

7 1083 8 1148 ζ
49 1071 70 1136 si
93 1071 138 1135 eis
164 1069 320 1156 hospites
344 1069 582 1156 permisissent.
623 1067 704 1136 Cum
730 1067 874 1135 obsessa
893 1068 1011 1134 civitas
1038 1065 1168 1154 fuisset,

7 1183 9 1260 t
49 1168 196 1236 scultetus
225 1166 414 1255 hospitibus
442 1166 588 1234 dixerat:
624 1167 684 1236 Vos
711 1167 832 1232 domiui
860 1164 940 1251 putat
961 1168 1092 1250 oportet
1110 1183 1171 1232 uos

7 1271 9 1330 t
46 1267 155 1349 fouere,
171 1266 292 1334 melius
311 1271 398 1332 esset
412 1271 449 1334 ut
459 1264 523 1332 hoe
539 1265 707 1350 ludamus
728 1265 883 1350 quamdiu
903 1281 959 1331 res
977 1268 1010 1330 et
1024 1281 1171 1349 corporo

48 1365 262 1450 possidemus,
282 1381 382 1450 puum
398 1369 436 1432 ut
451 1381 524 1432 oum
542 1366 664 1432 uostris
679 1362 827 1431 omuibus
838 1365 969 1449 puriter
981 1381 1169 1448 pereamus.

7 1487 9 1496 ·
49 1465 127 1532 luno
158 1465 314 1553 hospites
346 1464 468 1552 pariter
497 1464 657 1532 irruerant
686 1469 720 1531 et
752 1481 826 1531 eum
856 1462 1083 1531 miserabiliter
1106 1479 1170 1530 oo-

7 1579 9 1628 ι
48 1563 187 1631 uiderant.
1263 1640 1268 1648 ,

107 1663 256 1734 Fuerunt
274 1662 352 1749 equi
369 1662 530 1750 phalerati
549 1679 610 1730 seu
628 1659 783 1729 dextrarii
802 1680 862 1730 seu
881 1662 1015 1730 militum
1026 1715 1035 1751 ‚
1061 1668 1171 1750 preter

7 1759 9 1800 ³
50 1761 170 1828 aliorum
189 1761 377 1850 hominum,
403 1761 470 1829 duo
490 1761 576 1828 milia
599 1760 732 1828 ducenti
749 1761 783 1828 in
802 1761 867 1829 hoo
885 1763 1032 1829 exereitu
1050 1779 1170 1828 nume-

7 1861 9 1942 ἦ
49 1861 105 1926 rati.
129 1860 310 1928 Hominum
338 1865 447 1926 autem
469 1865 562 1927 tanta
589 1858 650 1927 suit
672 1859 846 1927 multitudo
872 1859 961 1946 quod
980 1877 1049 1927 non
1067 1867 1169 1948 pote-

7 1947 9 2026 ἰ
49 1965 109 2026 rant
131 1959 329 2047 eomputeri.
373 1956 526 2026 Obsessa
553 1963 606 2025 est
631 1958 693 2026 hee
720 1959 837 2026 eivitas
863 1959 985 2044 Bingin
1012 1977 1055 2026 ex
1076 1966 1169 2046 parte

7 2031 9 2132 l
47 2057 155 2148 Rheni,
183 2059 266 2145 quia
288 2063 377 2124 totus
403 2057 538 2124 Rhenus
563 2057 710 2145 repletus
737 2057 878 2124 navibus
898 2063 968 2125 erat
985 2059 1089 2124 elvia
1106 2076 1169 2146 pa-

7 2155 9 2240 l
48 2157 98 2222 tuit
118 2155 382 2226 transeuntibus.
414 2156 559 2224 Fuerunt
584 2162 617 2224 et
643 2155 732 2242 galei
754 2157 890 2224 militurn
909 2155 1049 2224 ordinati
1068 2173 1171 2244 super

7 2263 9 2320 t
48 2273 160 2345 noros,
187 2261 224 2323 et
256 2273 371 2323 eorum
401 2255 533 2322 olaritas
560 2256 593 2322 in
620 2254 787 2322 montibus
815 2256 1004 2343 apparebat.
1038 2254 1111 2323 Ruit
1138 2261 1170 2322 et

7 2375 9 2406 ε
49 2353 177 2423 obsessa
197 2373 243 2422 ex
261 2359 353 2442 purte
371 2355 491 2443 altera,
512 2355 567 2440 qui
586 2354 690 2421 eoiam
714 2371 774 2421 eos
793 2355 940 2440 graviter
956 2353 1169 2422 inlesi-abant.

7 2467 9 2558 ξ
48 2452 87 2520 Ex
108 2459 200 2541 purte
228 2460 315 2521 terre
340 2452 472 2520 fuerunt
497 2452 630 2520 obsessi
655 2470 713 2540 per
737 2459 859 2520 uatium
883 2460 983 2540 atque
1002 2471 1169 2542 sanonum,

7 2561 9 2648 ς
49 2553 113 2637 quia
129 2554 226 2621 solus
246 2569 366 2620 oanoer
383 2553 587 2640 quingentos
606 2551 757 2620 homines
776 2551 971 2638 oeoupabat.

7 2683 9 2760 3
108 2650 208 2720 Anno
238 2651 379 2719 mceoii.
412 2648 505 2718 duxit
529 2647 684 2719 hibertus
710 2667 769 2717 rex
793 2651 825 2716 in
853 2650 1023 2723 Coloniam
1050 2649 1169 2736 viginti
1187 2657 1253 2712 ¹302

7 2771 9 2806 r
48 2749 123 2817 milia
140 2749 308 2838 quartalia
326 2749 479 2816 humenti
498 2758 532 2817 et
549 2767 610 2816 sex
629 2747 716 2816 milia
734 2747 919 2816 haratarum
937 2749 1013 2816 vini.

7 2807 9 2916 l
110 2849 240 2917 Eodem
265 2865 354 2916 annno
381 2866 440 2916 rex
465 2850 553 2916 misit
579 2849 783 2935 sollempnes
808 2848 944 2916 nuntios
970 2847 1013 2916 ud
1039 2865 1169 2936 papam,

7 2921 9 3054 f
50 2947 163 3015 scilieet
195 2947 391 3035 episcopum
423 2947 612 3016 Tutiensem
646 2952 679 3014 et
712 2964 806 3013 suum
838 2947 1071 3016 cancellarium
1097 2964 1170 3013 oum

7 3055 8 3064 ¹
51 3049 168 3132 magnis
195 3048 366 3134 expensis.
394 3043 457 3126 Qui
483 3051 560 3114 unte
579 3045 699 3114 festum
719 3047 826 3114 saneti
844 3043 1007 3114 lobannis
1026 3043 1170 3134 baptiste

7 3221 8 3226 η
51 3161 112 3210 urm
136 3147 242 3214 literis
269 3146 393 3212 clausis
420 3144 604 3234 redierunt,
630 3161 695 3231 que
721 3149 830 3212 tamen
856 3147 966 3213 statim
991 3145 1080 3214 laete
1103 3162 1170 3212 non

51 3251 131 3332 sunt,
151 3245 234 3332 quia
251 3262 309 3312 rex
327 3263 401 3312 oum
419 3245 489 3312 suis
508 3245 621 3330 legere
640 3243 825 3311 timuerunt.

7 3395 8 3422 2
115 3342 210 3410 Ciroa
228 3341 349 3410 testum
368 3349 483 3412 sanote
502 3341 606 3412 Mario
624 3340 827 3427 Magdalene
840 3337 914 3432 [iuli
934 3339 998 3432 22]
1018 3339 1171 3409 dominus

7 3437 8 3468 ³
52 3436 196 3510 hibertus
226 3459 285 3510 rex
308 3459 380 3509 eum
407 3439 594 3510 hominibus
621 3438 753 3508 nostrie
778 3440 918 3508 Bovario
937 3439 1081 3525 Ungarie
1100 3439 1171 3508 Bo-

7 3601 8 3604 ,
53 3537 145 3608 hemie
173 3547 208 3609 et
233 3542 414 3628 superioris
437 3539 543 3609 Rheni
560 3539 748 3608 hominibus
772 3537 944 3618 Coloniam
962 3539 1119 3625 perrexit,
1139 3543 1172 3604 et

53 3641 207 3708 restrium
228 3637 552 3729 a‘rehiepiseoporum
572 3645 604 3708 et
622 3638 759 3705 aliorum
785 3639 1018 3727 episcoporum
1038 3651 1172 3704 suorum

54 3735 307 3815 adversariomm
332 3737 374 3806 ad
398 3737 523 3806 libitum
548 3737 745 3806 devastavit.
771 3735 861 3804 Dixit
880 3737 964 3804 enim
985 3753 1022 3804 se
1040 3733 1172 3804 Holen-

55 3831 129 3902 tliam
154 3843 256 3925 etque
286 3836 471 3905 Flandriam
497 3836 639 3904 breviter
668 3841 910 3924 perventurum.
935 3835 1062 3904 Inimiei
1082 3835 1172 3922 regis

54 3932 211 4016 plurimum
238 3938 350 4004 vexati
374 3953 447 4002 eum
470 3954 550 4023 rege
569 3940 845 4022 oomposuemnt,
871 3940 904 4002 et
930 3934 1080 4004 homines
1099 3953 1172 4002 oum

55 4033 183 4102 navibus
207 4033 357 4104 Rhenum
382 4033 565 4104 ascendere
591 4051 630 4101 ao
656 4032 864 4101 descendere
891 4031 993 4100 libere
1011 4034 1172 4120 permise-

55 4137 125 4198 mnt.

116 4229 211 4299 hnno
230 4231 353 4299 domini
372 4233 525 4298 meoeiii.
545 4231 648 4300 nuntii
668 4229 789 4298 domini
809 4229 900 4314 regis
918 4228 1062 4318 Alberti,
1082 4245 1168 4315 quos
1189 4250 1255 4304 teos
