2888 4824
240 153 312 222 ll36
631 183 669 228 ux
690 181 820 228 rouruuu
841 182 879 228 un
901 181 988 228 auur.

239 319 330 410 apud
350 319 576 409 Worirrgiam,
602 325 702 408 atque
724 319 908 388 triduanam
924 321 990 388 ianr
1011 319 1218 410 explevisset
1241 319 1379 406 curiam,

241 425 359 508 quarta
378 418 499 487 debinc
526 425 642 487 exorta
661 419 755 510 luce,
781 436 855 488 cum
877 418 1026 487 brumale
1047 420 1128 506 gelu
1150 419 1380 504 graminosam

240 524 326 587 terre
348 517 557 606 superficiem
581 519 616 585 in
645 535 766 586 aurora
794 519 1057 606 constringeret,
1083 517 1307 586 tubicinatum
1329 525 1381 584 est

241 623 352 685 castra
371 617 489 684 tollere
504 621 537 684 et
557 617 724 685 civitatem
742 615 936 705 liquensem
954 616 1131 686 obsidione
1148 617 1301 702 cingere.
1324 614 1379 683 Ci-

239 734 301 784 ues
326 723 436 783 autern
455 713 635 802 Aquenses
658 721 772 784 contra
800 715 1043 784 festinaverunt
1068 717 1239 804 externplo
1262 721 1379 804 portas

240 814 398 883 claudere
417 819 450 881 et
470 814 587 883 valvas
606 814 788 882 obstruere.
815 813 886 883 Nec
909 833 1001 883 mora
1023 816 1100 902 quin
1121 821 1155 882 et
1173 813 1265 882 idern
1283 815 1380 882 eleo-

240 919 293 981 tus
314 931 387 981 cum
404 913 536 981 invictis
554 912 770 982 bellatoribus
788 913 977 1002 papiliones
999 915 1033 981 iu
1054 931 1174 1000 gyrum
1197 914 1329 1002 erexit,
1348 919 1380 978 et

240 1029 315 1082 curu
338 1011 542 1100 principibus
572 1030 694 1081 arcana
719 1013 859 1081 consilia
888 1014 1042 1080 tractavit
1067 1013 1210 1100 qualiter
1239 1011 1378 1100 aliquod

239 1110 540 1180 machinamentum
559 1115 679 1200 posset
694 1111 894 1201 excogitari,
914 1129 980 1200 quo
996 1115 1091 1198 regia
1108 1112 1229 1180 civitas
1246 1111 1378 1197 absque

239 1211 411 1278 tormentis
434 1213 554 1299 posset
569 1209 718 1279 obtineri.
743 1209 896 1298 Denique
916 1228 976 1299 per
996 1209 1157 1298 quosdam
1173 1211 1377 1296 ingeniosos

240 1308 379 1398 opifices
407 1307 574 1377 decretum
598 1314 668 1400 est,
700 1315 735 1376 ut
755 1309 916 1397 populare
940 1308 1062 1396 vulgus
1086 1309 1210 1378 vallum
1235 1326 1378 1398 precere

241 1407 449 1477 celsitudinis
471 1413 648 1498 extmeret,
667 1408 833 1476 acurbem
851 1409 886 1476 in
904 1408 1037 1476 modurn
1056 1409 1192 1494 aggeris
1205 1406 1378 1476 undicun-

241 1525 306 1593 que
325 1507 483 1593 cingeret.
509 1507 644 1574 Etcum
664 1505 781 1575 cadem
802 1507 918 1576 civitas
935 1509 969 1574 in
987 1507 1195 1576 convallibus
1214 1508 1380 1576 montium

240 1606 362 1673 situata
376 1605 522 1694 plurimis
545 1607 641 1693 aquis
665 1605 843 1694 sulphuriis
862 1611 915 1674 est
933 1607 1070 1696 irrigua,
1091 1607 1277 1694 multisque
1298 1605 1378 1674 iou-

238 1703 328 1771 tibus
349 1703 601 1792 lympidissimis
624 1703 848 1794 superabindc
876 1705 994 1795 liuida,
1018 1705 1096 1774 ideo
1118 1723 1256 1794 semper
1278 1706 1378 1773 inun-

240 1801 325 1872 dans
342 1821 429 1890 aqua
445 1803 559 1870 nullibi
577 1802 777 1872 defluentem
797 1803 925 1872 habens
947 1811 1107 1895 meatum,
1126 1803 1214 1873 adeo
1228 1803 1378 1873 breviter

239 1900 421 1970 exuberare
443 1903 585 1993 incepit,
616 1908 653 1970 ut
679 1902 791 1970 nullus
821 1904 942 1970 civium
969 1903 1098 1991 absque
1122 1903 1264 2000 navigio
1294 1919 1378 1992 pro-

237 2001 344 2090 prium
367 1999 566 2069 domicilium
594 2000 767 2070 commode
789 2007 909 2090 posset
934 2003 1035 2070 exire.
1075 2000 1150 2070 Hoc
1173 2019 1259 2088 ergo
1283 2002 1377 2088 gravi

240 2099 418 2188 dispendio
434 2099 625 2188 burgenses
640 2099 751 2168 afflicti
760 2153 770 2191 ,
788 2102 1010 2189 promiserunt
1035 2100 1143 2168 electo
1165 2103 1240 2188 regi
1260 2107 1376 2189 portas

237 2198 329 2267 urbis
349 2199 477 2286 absque
493 2199 674 2268 rebellione
693 2198 901 2290 patefacere,
921 2205 955 2268 et
971 2199 1113 2268 eundern
1130 2218 1190 2288 pro
1207 2217 1295 2268 vero
1311 2199 1375 2268 do-

238 2298 327 2365 mino
344 2299 458 2366 votive
478 2299 648 2386 suscipere
657 2351 668 2388 ,
685 2303 723 2366 ut
738 2299 992 2387 circumseptum
1006 2299 1127 2366 vallum
1142 2297 1283 2384 infringi
1298 2315 1375 2386 pre-

239 2397 381 2485 ciperet,
401 2401 434 2464 et
450 2395 667 2464 inundantem
684 2415 803 2484 aquarn
821 2403 986 2466 consueto
1006 2403 1117 2465 meatu
1137 2415 1277 2466 manare
1298 2415 1374 2486 per-

238 2495 392 2562 mitteret.
418 2495 522 2581 Igitur
548 2494 688 2565 infracto
710 2495 798 2564 vallo
820 2513 879 2564 rex
903 2497 1018 2564 ultima
1043 2495 1095 2564 die
1122 2497 1251 2564 mensis
1280 2502 1375 2564 octo-

238 2592 308 2661 bris
331 2593 446 2662 urbem
468 2595 644 2681 ingressus
668 2599 739 2686 est,
763 2600 796 2663 ct
820 2593 862 2664 ab
886 2596 1049 2664 universis
1069 2595 1196 2664 civibus
1222 2595 1373 2682 gloriose

238 2697 404 2781 receptus.

313 2791 451 2862 Postera
473 2810 553 2861 vero
585 2791 655 2884 die,
682 2811 747 2882 que
775 2801 827 2881 cst
850 2795 992 2863 omniun
1025 2793 1223 2862 Sanctorum
1249 2791 1373 2862 festiva

240 2890 450 2980 solemnitas,
469 2893 629 2960 universa
647 2893 821 2962 multitudo
838 2894 1038 2982 prelatorum
1058 2898 1093 2960 et
1108 2893 1301 2980 principum
1316 2891 1374 2960 de-

240 2987 334 3056 duxit
362 2990 503 3058 electum
526 3009 640 3077 regern
664 2991 706 3060 ad
727 2993 897 3062 basilicam
913 2997 1074 3080 perpetue
1091 2992 1231 3077 virginis
1249 2990 1371 3068 Mario,

238 3092 276 3154 ut
294 3087 476 3156 solemnem
493 3089 760 3171 benedictionem
778 3093 944 3179 acciperet
962 3089 1145 3158 secuudum
1164 3091 1262 3157 ritum
1281 3091 1370 3158 anti·

241 3203 306 3272 que
324 3187 586 3256 consuetudinis.
613 3187 717 3270 Quem
731 3190 1009 3258 Mcuasterieusis
1029 3187 1260 3257 etMindcnsis
1282 3191 1372 3278 epis-

240 3287 316 3372 copi
335 3286 431 3352 simul
449 3285 640 3355 ordinarunt
656 3287 741 3358 inira
761 3290 947 3378 sacrarium,
967 3287 1028 3356 sed
1045 3285 1187 3355 eundem
1199 3286 1371 3356 Lccdien-

240 3385 286 3452 sis
305 3389 338 3451 et
356 3384 580 3454 Traieclcnsis
599 3389 750 3476 episcopi
773 3389 930 3456 vestitum
949 3387 1151 3454 ornamentis
1165 3387 1317 3477 leviticis
1342 3387 1371 3454 iu

240 3482 372 3552 modum
391 3483 522 3552 diaconi
546 3485 772 3573 produxerunt
794 3493 873 3554 ante
899 3487 1013 3572 regale
1039 3486 1177 3574 solium,
1203 3503 1306 3572 quem
1332 3503 1371 3553 er

240 3587 317 3649 tunc
343 3582 556 3652 Coloniensis
581 3585 854 3674 archiepiscopus
874 3585 1091 3652 cancellarius
1108 3583 1201 3652 Italic
1221 3583 1369 3652 colloca-

239 3681 287 3748 vit
302 3683 337 3748 in
356 3682 437 3750 sede
456 3684 654 3772 maiestatis,
672 3685 717 3752 ita
735 3683 870 3752 diceus:
896 3683 1004 3769 Super
1021 3681 1169 3773 thronum
1188 3684 1285 3768 repat
1296 3683 1368 3768 plu

238 3780 328 3846 rtose
349 3781 486 3864 sedeas,¹
505 3783 660 3850 iudicium
686 3784 901 3850 oblecticium
923 3785 1072 3870 interro
1090 3781 1213 3866 fuctus
1245 3780 1366 3850 Archi·

240 3878 420 3966 episcopus
444 3898 523 3948 uero
549 3881 817 3967 Maguntinensis
842 3881 1061 3949 cancellarius
1094 3881 1268 3948 Germanic
1296 3898 1366 3948 curu

240 3976 315 4044 oleo
334 3978 537 4046 sanctificato
562 3979 712 4048 dextram
732 3982 803 4049 cius
822 3980 911 4048 loras
930 3981 1038 4070 unxit,
1056 3981 1102 4046 ita
1119 3978 1254 4047 dicens:
1279 3980 1364 4047 Coo·

237 4092 375 4142 sacrare
392 4079 423 4142 te
443 4077 593 4162 dtpnetur
617 4071 818 4165 omnipotens
844 4079 923 4146 deus
950 4081 985 4146 tc
1007 4097 1119 4165 repom
1138 4077 1367 4159 Romanorum,

238 4177 293 4257 put
316 4174 429 4242 Dauid
443 4193 508 4260 per
528 4195 660 4244 monum
677 4177 841 4246 Samuelis
864 4177 1023 4264 propbeta
1041 4195 1152 4264 regem
1172 4178 1287 4264 inungi
1301 4179 1366 4245 tus·
