2878 4834
283 229 353 298 212
659 255 788 303 luntres
809 253 1048 304 wonurrrrssns.

284 414 352 466 non
365 401 510 487 possunt
525 395 640 464 baberi
659 395 815 486 venales,
841 393 932 462 dabit
955 393 1041 462 duos
1062 395 1204 462 iuvenes
1220 393 1327 483 pullos
1344 395 1399 462 bo-

282 513 346 564 nos
362 500 422 584 pro
444 512 614 586 cappouo,
634 494 687 563 vel
708 501 775 562 tres
797 493 940 581 gallinas
960 511 1020 583 pro
1043 493 1176 562 duobus
1198 493 1398 582 capponibus.

282 592 474 682 Antiquitas
497 601 606 664 autem
632 593 771 662 dabatur
801 599 899 662 aneta
924 588 1129 686 (antvogcl)
1161 611 1222 682 pro
1253 611 1399 682 cappone.

282 695 364 763 Item
389 695 494 762 eciam
513 693 604 761 dabit
621 693 784 762 scultetus
801 692 935 760 domino
957 693 1118 782 episcopo
1143 691 1290 761 sedecim
1312 692 1398 760 libras

282 811 397 862 worm.
422 795 532 862 statim
559 799 638 882 post
657 794 883 881 receptionem
908 791 1010 862 oldoii
1026 798 1061 861 et
1077 792 1210 878 triginta
1229 790 1353 860 solidos
1365 790 1398 858 ad

283 893 352 961 vini
366 900 521 981 emptum,
541 891 630 979 quod
648 891 768 960 dicitur
779 890 952 974 νοοὶοΙνοοΙ.
979 891 1169 960 Tenebatur
1186 908 1320 978 quoque
1334 890 1398 958 dare

282 993 393 1060 multis
411 991 700 1080 militibuslrbraS,
728 997 766 1059 ut
779 989 989 1059 vicedomino
1015 989 1253 1060 Wormatiensi
1272 995 1306 1058 ot
1328 991 1398 1076 allis,

283 1110 423 1179 quorum
443 1109 570 1160 summa
586 1089 648 1158 luit
662 1091 835 1176 octoginta
853 1095 886 1158 οι
903 1095 978 1158 octo
1003 1089 1057 1157 lib.
1079 1109 1209 1182 worm,
1228 1094 1337 1178 preter
1355 1092 1398 1156 vi-

283 1209 362 1258 num
384 1196 417 1258 et
441 1208 612 1280 capponos
634 1195 669 1258 et
696 1191 771 1258 alia.
797 1188 835 1256 ln
858 1187 912 1260 die
932 1189 1113 1278 palmarum
1134 1183 1238 1258 tribus
1260 1187 1398 1256 iratribus

283 1289 479 1358 Camerariis
504 1290 609 1357 eciam
628 1288 707 1358 dare
728 1289 913 1375 cogebatur
941 1305 1003 1356 sex
1019 1289 1119 1357 libras
1135 1291 1244 1356 minus
1268 1289 1398 1375 quinque

283 1389 344 1458 sol.
364 1396 397 1457 et
409 1388 577 1457 dimidium
594 1405 709 1474 gruem
727 1394 762 1457 et
778 1387 945 1455 dimidiam
959 1387 1071 1456 libram
1085 1389 1221 1478 piperis.
1249 1387 1331 1456 ltem
1348 1386 1397 1456 do

282 1489 379 1556 minis
397 1489 530 1557 maioris
550 1488 692 1556 ecclesie
713 1488 748 1554 in
764 1504 847 1556 cena
861 1485 984 1558 domini
1001 1505 1101 1556 unam
1115 1488 1229 1556 libram
1249 1485 1293 1554 ad
1318 1505 1399 1554 mar-

283 1587 445 1656 detumet
463 1589 609 1675 quinque
624 1586 725 1654 libras
741 1587 807 1655 olei
830 1585 918 1655 olivo
942 1586 984 1656 ad
1001 1593 1153 1656 sanctum
1168 1587 1320 1656 chrisma.
1344 1585 1401 1654 Hec

283 1687 502 1755 servabantur
527 1685 719 1754 m.cc.l.viiii.
744 1685 940 1774 Recipiebat
966 1693 1076 1756 autem
1101 1683 1264 1756 scultetus
1288 1685 1332 1753 ab
1352 1703 1399 1752 au·

282 1791 456 1855 tecessore
482 1804 545 1854 suo
559 1786 676 1872 viginti
699 1785 800 1854 libras
823 1803 954 1876 worm,
981 1804 1001 1852 a
1022 1787 1152 1856 civibus
1171 1785 1291 1871 viginti
1312 1785 1398 1851 libras

281 1903 412 1976 worm,
439 1885 481 1954 ab
509 1884 663 1953 officiatis
692 1885 915 1972 (amptemau)
932 1885 1051 1971 viginti
1074 1885 1175 1953 libras
1184 1938 1194 1976 ‚
1218 1903 1238 1952 a
1263 1882 1399 1952 'sedecim
1428 1913 1429 1934 ν

281 1985 596 2072 boimburgensibus
620 1981 798 2053 duodecim
818 1983 919 2052 libras
940 2001 1053 2054 worm.
1079 1987 1159 2054 ltenr
1185 1984 1266 2054 daut
1296 1984 1328 2051 ei
1350 2000 1397 2050 err-
1428 2003 1429 2046 ν

280 2089 442 2154 tractores
460 2102 633 2165 vasorum,
653 2086 709 2169 qui
721 2090 883 2152 vocantur
898 2082 1133 2172 borncdrepclc
1152 2076 1399 2178 (bomdreger),
1428 2111 1429 2146 ν

281 2194 411 2270 septem
431 2183 532 2252 libras
557 2188 590 2251 et
608 2190 758 2250 ventrem
776 2185 864 2269 agni.
889 2182 971 2251 ltem
989 2183 1070 2253 dant
1086 2185 1149 2254 sibi
1168 2184 1396 2252 examinatores
1428 2201 1429 2246 ν

279 2300 455 2371 vasorum,
475 2283 531 2369 qui
550 2287 715 2350 vocantur
731 2280 834 2350 loberi
856 2278 1048 2375 (eicherer)
1072 2302 1171 2352 unam
1191 2283 1319 2370 libram,
1337 2297 1398 2348 cor·
1428 2299 1429 2346 l

281 2382 463 2451 deweuarii
476 2379 651 2473 (lromder,
670 2377 834 2474 mitterer)
845 2400 942 2450 unam
955 2383 1079 2474 libram,
1094 2383 1273 2452 macellarii
1288 2379 1398 2474 (metz-
1426 2439 1428 2444 ,

279 2481 345 2572 ler,
365 2475 605 2570 deisohbauer)
623 2497 722 2548 uuam
739 2480 991 2571 libram-dodel
1010 2482 1126 2552 decem
1145 2482 1286 2570 solidos²
1305 2481 1398 2548 bein·
1427 2533 1428 2546 ,

280 2581 469 2666 burgenses
502 2585 579 2648 arrte
609 2587 739 2666 portam
773 2581 881 2649 sancti
905 2581 1038 2651 Martini
1065 2589 1141 2650 coto
1166 2599 1241 2650 uno.
1275 2580 1398 2648 Dabitur

280 2682 385 2750 eciam
411 2679 555 2748 sculteto
580 2677 622 2746 do
643 2679 790 2768 qualibet
806 2683 897 2749 curia
916 2699 980 2767 que
998 2681 1152 2750 venditur
1171 2686 1204 2749 et
1222 2699 1241 2748 a
1260 2697 1396 2748 camera·
1427 2699 1428 2770 ν

279 2782 328 2848 rio
346 2780 504 2866 recipitur
528 2796 649 2848 aureus
677 2779 831 2850 denarius
857 2781 911 2848 vel
930 2782 1077 2869 quinque
1096 2782 1157 2850 sol.
1177 2797 1291 2847 worm.
1330 2781 1394 2847 lton
1427 2795 1428 2852 l

280 2881 471 2968 quicunque
494 2879 613 2946 civium
638 2874 774 2946 habebit
791 2880 899 2948 oleum
918 2882 1037 2948 venale
1057 2880 1149 2948 dabit
1165 2897 1266 2946 unam
1284 2879 1393 2958 libram,

279 2976 521 3047 cordowenarii
546 2978 768 3064 quadraginta
792 2977 949 3048 denarios
974 2998 1035 3068 pro
1062 2980 1194 3048 duobus
1222 2980 1345 3066 ocreis,
1362 2974 1393 3042 dc

279 3077 430 3164 quolibet
451 3093 535 3144 vaso
562 3079 618 3162 qui
635 3079 840 3146 examinatur
858 3075 926 3172 (so'
940 3079 1075 3165 geeicbt
1093 3073 1197 3166 wird)
1216 3078 1393 3145 hallensem.

351 3174 404 3242 De
426 3169 633 3260 betmdurpls.
666 3178 703 3244 lu
729 3174 817 3246 iestc
845 3175 978 3246 Martini
1004 3178 1232 3246 denominabit
1257 3175 1392 3265 pedellus

278 3275 423 3343 civitatis
454 3275 488 3341 iu
519 3279 617 3360 stega
644 3275 919 3368 sedecimviros,
939 3280 994 3366 qui
1012 3277 1164 3346 dicuutur
1182 3277 1392 3360 heimburgcq

278 3393 364 3462 quos
387 3375 460 3463 ipse
486 3372 579 3441 solus
601 3393 661 3462 per
684 3393 721 3442 se
746 3376 779 3442 iu
799 3384 941 3463 quatuor
958 3377 1142 3466 parrochiis
1160 3377 1255 3461 eligit
1274 3382 1307 3442 et
1323 3391 1392 3441 cou-

277 3475 391 3542 stituit.
418 3473 459 3541 Et
476 3473 522 3540 illi
542 3475 687 3542 sedecim
702 3474 977 3544 iurabantcoram
993 3478 1161 3563 magistris
1177 3477 1307 3564 civium,
1320 3468 1392 3560 quod
1426 3487 1427 3492 ¹

276 3591 338 3661 per
363 3591 485 3640 anuum
510 3573 600 3640 illum
625 3591 799 3642 mensuras
826 3575 1078 3664 qualescunque
1103 3575 1145 3642 ab
1165 3574 1319 3643 omuibus
1336 3570 1392 3638 eri·

277 3679 360 3758 gant
386 3673 577 3740 examinent
602 3679 636 3740 et
658 3671 855 3764 iustificent,
884 3673 986 3742 ialsas
1012 3675 1199 3762 dirumpant
1224 3675 1297 3740 sine
1320 3670 1392 3752 dolo,

277 3773 387 3838 nullas
414 3772 580 3839 amicicias
612 3778 645 3839 et
668 3772 863 3841 inimicicias
889 3773 1105 3844 attendendo.
1145 3775 1227 3841 Item
1252 3770 1338 3859 quod
1360 3765 1392 3833 ad

276 3870 499 3956 pulsationem
531 3887 691 3959 campane
719 3873 807 3940 curie
834 3889 966 3960 semper
998 3875 1104 3962 parati
1136 3874 1291 3940 existant.
1327 3870 1391 3934 ltem

277 3967 368 4054 quod
398 3987 470 4036 oum
489 3988 509 4038 a
527 3971 706 4038 camerario
733 3972 882 4057 requisiti
908 3971 1046 4062 luerint,
1074 3971 1164 4059 quod
1191 3987 1232 4038 ea
1251 3971 1391 4038 accusent

276 4085 341 4154 que
360 4069 514 4134 noverint
531 4068 732 4136 accusanda.
1159 4127 1161 4132 a

349 4163 401 4232 De
421 4165 540 4233 todtrto
559 4167 872 4252 condempnatorum
901 4171 1081 4255 antiquitas
1104 4171 1138 4237 lc
1154 4168 1234 4237 ardo
1261 4167 1389 4236 Wormo-

275 4264 385 4329 elensi,
413 4262 591 4330 Sciendum
611 4267 772 4352 estquod
791 4285 892 4356 super
909 4271 997 4336 curia
1016 4269 1139 4340 domini
1156 4268 1304 4356 episcopi
1321 4265 1389 4331 siml
