2916 4834
421 269 552 316 anninus
573 269 800 317 eonunnrurrses.
1112 319 1115 323 ,
1158 243 1178 310 9

45 406 176 476 tembris
198 403 290 498 [aug.
305 403 381 497 25].
408 405 515 475 Pridie
531 423 640 476 nonas
656 408 733 474 maii
750 403 832 497 [mai
842 403 882 498 6]
899 410 991 476 venit
1011 406 1174 478 basileam
1195 419 1261 472 rare

46 505 217 593 presbyter
238 503 416 574 oardinalis
437 505 479 574 de
499 504 630 595 Capua,
652 511 807 593 reeeptus
825 524 842 574 a
863 523 944 592 rege
960 513 994 574 et
1015 509 1177 597 episeopo

45 603 153 689 legato
167 603 419 693 lombardiae
442 605 531 673 elero
558 609 592 672 et
612 605 715 672 totius
737 605 878 672 civitatis
896 605 1032 693 populo.
1071 605 1178 674 Pridie

45 718 147 768 nonas
173 701 322 770 oetobris
346 699 427 792 [oet.
449 699 488 793 6]
513 702 695 788 Gregorius
721 719 808 790 papa
838 704 931 772 venit
955 703 1178 780 lausannam.

45 797 107 867 Rex
122 797 290 870 Rudollus
303 803 395 868 venit
411 799 453 870 ad
474 819 549 868 eum
567 800 656 870 lesto
669 800 760 868 Luce
783 798 867 892 [oet.
885 797 948 891 18]
967 819 1041 870 eum
1061 804 1178 889 regina

45 904 75 965 et
90 915 180 985 pene
203 916 278 967 eum
301 899 413 968 liberis
438 901 509 968 suis
530 900 708 968 universis.
742 897 813 967 Rex
835 901 965 988 aeeepit
989 918 1120 969 orueem
1147 909 1180 969 et

45 997 175 1088 regina,
199 1005 232 1065 et
257 1014 370 1066 eomes
389 998 607 1067 Pbirretensis
628 1005 661 1066 et
681 998 870 1087 eomitissa,
890 1005 923 1066 et
936 1016 1024 1086 pene
1047 999 1178 1068 nobiles

46 1095 96 1181 qui
113 1093 157 1163 ad
181 1097 305 1164 auriam
326 1114 413 1185 pape
428 1103 590 1166 venerant
602 1097 759 1165 universi.
785 1095 855 1164 Rex
872 1097 1060 1185 plusquam
1078 1096 1179 1166 donee

46 1209 169 1262 mareas
190 1193 396 1283 expenderet
410 1196 443 1263 in
460 1201 574 1264 vestes
589 1197 769 1284 pretiosas.
797 1195 885 1284 Papa
903 1197 977 1282 regi
990 1196 1179 1264 eonsuloral

46 1298 77 1358 ut
96 1289 237 1361 Romam
259 1291 299 1361 ed
321 1291 440 1362 festum
459 1301 677 1382 pentecostes
701 1311 774 1361 eum
800 1292 932 1362 duobus
951 1294 1092 1362 millibus
1112 1297 1178 1362 mi-

47 1390 131 1458 litum
146 1392 291 1473 veniret,
312 1399 349 1460 ut
362 1411 437 1460 eum
452 1395 487 1460 in
500 1395 731 1481 imperatorem
744 1390 965 1461 Romanorum
979 1392 1178 1482 sollempni-

3 1505 4 1560 ξ
48 1496 91 1555 ter
111 1497 303 1558 coronaret.
334 1491 424 1580 Papa
451 1491 580 1560 fratrem
598 1491 787 1559 Heinrienm
811 1490 937 1560 ordinis
954 1490 1119 1559 Minornm
1145 1493 1178 1560 in

49 1588 241 1677 episeopum
265 1589 482 1658 Basiliensem
503 1591 675 1659 eonstituit
701 1595 735 1657 et
755 1591 964 1658 oonseoravit
988 1589 1179 1659 Lausanne.

49 1685 192 1754 Eundem
207 1687 355 1773 legatum
373 1689 559 1758 Theutonie
574 1705 676 1776 super
697 1687 939 1774 oongreganda
955 1687 1084 1757 deeima
1104 1688 1179 1757 ele·

49 1785 180 1852 deorum
214 1787 401 1876 constituit,
443 1793 476 1855 et
498 1793 535 1856 ut
562 1785 739 1856 duodeoim
771 1786 871 1856 millia
900 1805 1082 1856 marearum
1107 1789 1177 1874 regi

3 1919 6 1926 .
51 1881 191 1952 liudolfo.
215 1883 311 1952 daret
331 1891 507 1974 postquam
529 1891 685 1955 montana
709 1886 872 1954 transiret.
908 1885 1012 1954 Crnee
1036 1887 1177 1972 signatis

3 2039 4 2042 ,
50 1999 127 2070 papa
142 1981 246 2071 dixit,
264 1989 301 2050 nt
313 1992 391 2072 pest
407 1984 493 2053 duos
509 2001 644 2054 menses
661 2003 680 2052 a
697 1982 784 2052 leste
801 1983 1039 2072 purilioationis
1056 1985 1178 2072 pariter

50 2079 306 2150 transfretarent.
342 2082 515 2152 Cellarium
539 2101 690 2152 soromm
713 2085 747 2154 in
764 2081 971 2152 Columbaria
994 2099 1176 2151 consumo·

51 2183 117 2245 turn.
143 2180 280 2248 Fratres
301 2180 448 2251 Minores
471 2181 637 2270 quendam
663 2182 816 2250 abbatem
837 2180 1091 2250 Cistereiensem
1120 2182 1176 2248 in-

51 2284 319 2368 temeraverunt,
344 2282 507 2369 penisque
526 2282 675 2349 maximis
699 2279 897 2349 afflixerunt.
934 2279 1176 2349 Cistereienses

51 2377 190 2463 eapitnlo
213 2379 364 2464 generali
382 2385 498 2448 eontra
519 2384 723 2473 statuerunt,
741 2396 783 2447 ne
795 2378 886 2447 ullus
902 2378 1070 2448 Minorum
1086 2379 1176 2446 reoi-

51 2473 148 2560 piatur
162 2475 311 2566 bospitio
330 2478 364 2544 in
382 2479 535 2547 elaustris
556 2479 611 2547 vel
631 2479 781 2564 grangiis
807 2479 890 2566 suis,
912 2495 976 2546 nee
995 2479 1097 2546 missa
1123 2478 1177 2546 vel

52 2573 231 2659 predicatio
258 2592 371 2643 eorum
392 2576 552 2646 audiatur.
579 2577 654 2645 Vidi
678 2578 712 2644 in
735 2583 846 2644 eastre
869 2575 1003 2644 Friburo
1023 2576 1176 2643 balistam

53 2673 136 2740 euius
164 2691 265 2741 arens
292 2673 334 2741 de
359 2692 462 2744 oornu
482 2675 585 2744 nobili
609 2674 851 2761 longitudinem
875 2673 1033 2742 tredeeim
1055 2673 1176 2762 pedum

52 2768 200 2840 babebat.
242 2771 420 2842 Castellum
450 2773 627 2844 Snltzbaeb
653 2775 687 2841 in
716 2772 804 2840 valle
834 2771 983 2858 Gregorii
1012 2772 1113 2840 muris
1145 2777 1179 2839 et

54 2866 175 2938 fossato
196 2872 340 2956 eingitur
359 2871 447 2940 testo
466 2875 574 2941 saneti
590 2872 690 2940 Luae.
716 2870 891 2940 lleinrious
914 2872 1093 2959 episeopus
1110 2871 1179 2938 Bu-

55 2966 193 3036 sdiensis
213 2971 307 3038 venit
321 2969 484 3040 Basileem
505 2969 594 3040 sesto
610 2971 764 3057 Dionysii
784 2965 866 3059 [oet.
886 2963 925 3059 9]
949 2987 1073 3058 apepa
1091 2968 1178 3036 Gre-

54 3067 139 3148 gorio
162 3067 388 3138 oonirrmatus.
416 3065 543 3138 Oetava
567 3069 672 3138 saneti
697 3068 830 3136 Martini
861 3064 1043 3158 [nou.18]
1070 3084 1128 3136 rex
1146 3075 1179 3135 et

55 3166 162 3250 regina
182 3171 216 3233 et
239 3167 420 3256 episeopus
439 3168 635 3236 basiliensis
652 3167 817 3236 Basileam
834 3167 990 3253 veniunt3
1006 3165 1178 3256 prandium

55 3260 196 3331 leeerunt
226 3265 260 3332 in
290 3264 389 3334 domo
413 3266 668 3336 Predieatorum.
714 3265 900 3353 Episeopus
926 3265 1060 3353 primam
1084 3283 1177 3332 suam

56 3362 181 3430 nissam
204 3361 385 3432 celebravit
398 3371 431 3432 et
449 3363 625 3454 synodum.
657 3364 824 3433 belsarius
850 3370 984 3432 monete
1008 3369 1124 3432 coetus
1145 3364 1177 3430 in

57 3457 192 3529 ealdar'io
217 3459 434 3530 Columbaria.

117 3559 327 3628 bloelxxvi.
359 3560 434 3629 Dux
467 3561 659 3648 Lotaringie
688 3563 795 3630 vietus
825 3579 842 3627 a
872 3561 990 3629 oomile
1027 3555 1178 3624 Gemini-

5 3699 6 3704 =
57 3659 175 3745 pontis3
201 3659 366 3746 utrimqne
387 3659 579 3728 oeciderunt
594 3659 685 3728 multi
702 3667 735 3728 et
750 3661 826 3748 equi
845 3664 878 3727 et
897 3657 1058 3726 homines.
1084 3653 1178 3722 Mili-

58 3757 100 3821 tes
124 3757 216 3842 regis
242 3754 372 3826 liudolfi
398 3756 661 3827 adversariorum
684 3758 804 3827 multos
831 3761 991 3846 oeperunt
1019 3754 1178 3843 plurimos

58 3853 252 3924 oeciderunt.
271 3857 305 3923 in
330 3855 530 3926 lombardia
561 3873 666 3946 prope
690 3855 915 3925 Mediolanum
924 3878 933 3943 3
967 3871 1009 3922 ex
1039 3854 1177 3942 eaptivis

58 3949 156 4035 plures
177 3953 359 4042 deeapitati
375 3955 607 4041 ignorantibus
624 3955 866 4045 stipendiariis;
886 3953 1039 4023 dolantes
1054 3951 1097 4021 ob
1115 3951 1179 4020 boe

78 4049 168 4118 iulius
189 4051 310 4120 ibidem
338 4070 471 4122 manere
501 4053 688 4123 noluerunt.
714 4054 844 4122 Fratres
868 4053 974 4120 saneti
1000 4048 1179 4136 Augustini

60 4047 76 4112 d

61 4145 94 4213 de
116 4149 293 4220 llulbusen
318 4168 356 4218 se
379 4153 618 4220 transtulerunt
644 4151 686 4219 ad
710 4152 889 4220 Basileam.
921 4150 1096 4218 Destrueta
1120 4147 1180 4216 lrrit

61 4243 164 4316 domus
185 4252 290 4318 saneti
300 4245 479 4335 Augustini
494 4251 528 4318 in
545 4249 738 4319 Nurenbere
758 4249 928 4338 apopulo,
947 4265 1026 4334 rege
1045 4247 1178 4314 minime
