2886 4834
272 188 342 256 lOIl
638 214 769 260 ravimus
790 213 1035 262 anenurmcuses.

188 367 255 422 aava
273 353 417 422 Heinrici
441 351 609 439 quondam
634 352 840 440 imperatoris
868 351 977 420 ulium
1003 350 1044 420 Et
1063 351 1172 420 literas
1189 369 1269 421 suas
1286 352 1395 421 direnit
1430 397 1431 402 ,

268 453 431 522 universis
446 459 531 519 terro
546 452 764 539 principibus,
784 451 904 538 quibus
920 451 1011 519 dedit
1026 452 1060 518 in
1075 450 1250 540 mandatis,
1265 459 1302 519 nt
1317 471 1392 520 eun-

269 553 343 621 dem
370 550 569 619 Fridericum
593 551 670 618 loco
695 551 785 636 regis
805 551 1015 638 susciperent
1031 555 1063 617 et
1080 556 1349 640 manutenerent,
1367 559 1394 618 et

268 655 302 719 in
319 650 471 720 omnibus
488 651 518 717 ci
536 655 700 738 astarent,
719 650 850 736 sibique
865 650 1047 717 transeunti
1061 666 1119 737 per
1134 654 1239 718 terras
1260 652 1392 737 quisquc

271 768 333 818 suo
349 751 425 819 loco
445 747 835 817 conductnmhonoriiroe
846 748 1030 837 preberent.
1058 746 1154 828 Quod
1165 748 1327 816 etiactum
1342 756 1394 815 ost.

345 848 559 936 Comperiens
578 865 661 932 ergo
680 843 758 914 Otto
776 847 931 916 Fridcrici
950 847 1144 934 adventum,
1170 846 1341 916 desistens
1358 850 1394 914 ab
1431 889 1432 896 κ

269 949 520 1036 impugnatione
550 947 743 1034 lantgravii,
775 946 995 1034 proficiscitur
1029 945 1159 1014 obviarn
1196 947 1393 1014 adversario.
1431 985 1432 996 κ

270 1045 332 1128 Qui
363 1046 438 1114 dum
463 1047 495 1112 in
522 1045 670 1134 partibus
698 1045 820 1112 Suevie
846 1047 1103 1136 convenissent,
1131 1042 1209 1114 Otto
1235 1063 1311 1113 cum
1334 1047 1394 1114 suis

271 1144 393 1213 cedere
411 1145 604 1233 compulsus
623 1151 690 1233 est,
718 1150 751 1211 et
767 1144 941 1231 prevalere
966 1161 1033 1212 non
1051 1145 1159 1232 potuit
1176 1146 1256 1231 quia
1274 1161 1334 1232 pro
1351 1151 1395 1212 te-

270 1246 413 1312 noeitatc
441 1262 501 1311 sua
525 1244 615 1312 multi
643 1261 717 1311 eum
739 1242 952 1330 reliquerant.
986 1241 1048 1322 Qui
1068 1242 1235 1310 secedens
1254 1243 1332 1311 inde
1349 1261 1395 1310 re·
1432 1284 1433 1297 κ

270 1353 389 1412 versus
411 1349 464 1410 cst
477 1344 508 1409 in
520 1343 709 1431 saxoniam,
728 1341 992 1410 conducentibus
1011 1360 1084 1410 eum
1099 1341 1300 1428 quibusdam
1318 1348 1395 1409 terre
1432 1359 1433 1376 ³

271 1441 450 1510 nobilibus.
483 1441 669 1510 Fridericus
694 1447 801 1509 autem
828 1441 974 1510 obsesso
1002 1448 1035 1509 ct
1060 1440 1174 1509 dedito
1201 1443 1267 1510 sibi
1296 1447 1396 1509 castro
1432 1453 1433 1494 1

272 1541 487 1630 Hagenowe,
516 1539 734 1627 qoodadlruc
753 1540 912 1609 tenebant
930 1540 1048 1608 lideles
1066 1537 1216 1630 Ottonis,
1250 1539 1397 1608 veniebat

273 1639 315 1708 de
341 1640 473 1706 civitate
496 1641 530 1706 in
549 1640 713 1706 civitatem
733 1645 766 1706 et
783 1646 981 1727 receperunt
1004 1657 1098 1729 euru,
1127 1645 1161 1707 et
1177 1640 1211 1706 in
1230 1639 1325 1706 brevi
1342 1639 1396 1707 ob-

275 1740 373 1806 tinuit
390 1744 517 1805 terram.
537 1737 627 1804 ldem
645 1737 833 1804 Fridericns
851 1740 914 1805 iam
933 1738 1071 1806 duxerat
1088 1755 1237 1828 uxorem,
1258 1739 1395 1824 reginam

272 1836 499 1926 Arragonum,
519 1836 560 1905 de
581 1855 645 1924 qua
663 1837 781 1923 genuit
799 1836 898 1904 lulium
915 1839 1048 1906 nomine
1065 1836 1267 1928 Heinricutn,
1288 1845 1396 1926 postca
1433 1851 1434 1854 ’

273 1955 396 2024 regem.

346 2035 446 2104 Anno
473 2033 596 2102 domini
621 2036 789 2103 mccxlii.
807 2034 991 2102 Fridericus
1010 2036 1133 2103 curiam
1151 2032 1355 2122 Aquisgrani
1371 2035 1397 2100 in
1433 2051 1434 2054 ’

274 2135 361 2204 lesto
380 2134 467 2202 beati
486 2134 604 2206 Jacobi
623 2135 755 2225 habult,
781 2133 835 2202 ubi
861 2133 903 2202 de
922 2151 1091 2203 consensu
1109 2136 1297 2223 principum
1314 2135 1398 2202 loca-

275 2241 329 2302 tus
349 2235 452 2322 estin
473 2232 588 2300 sedem
606 2235 712 2320 regni.

350 2331 448 2402 Anno
468 2332 590 2400 domini
608 2351 761 2400 nucemv.
781 2333 948 2400 celebrata
972 2339 1026 2400 est
1042 2337 1158 2400 sancta
1177 2339 1211 2399 et
1228 2333 1396 2399 universa-

275 2432 317 2499 lis
332 2430 483 2519 synodus
493 2429 595 2498 llorne
610 2437 671 2499 eto.
697 2430 785 2500 Ante
800 2437 946 2520 tempora
960 2431 1058 2500 huius
1073 2430 1202 2499 concilii
1218 2429 1291 2498 iere
1306 2432 1397 2497 trien-

276 2532 351 2619 nio,
371 2529 570 2618 disponente
590 2529 665 2620 deo,
684 2530 832 2620 heretici,
852 2533 1076 2618 quiperverso
1090 2529 1249 2616 dogmate
1269 2530 1398 2597 latenter
1434 2545 1435 2586 r

277 2629 442 2697 seducunt
461 2628 577 2697 fideles
598 2630 761 2718 ecclesie,
786 2629 1016 2717 comprehensi
1039 2635 1117 2696 sunt
1139 2630 1173 2696 in
1192 2630 1329 2696 civilate
1345 2625 1398 2694 Ar·
1434 2645 1435 2650 ¹

276 2731 422 2815 gentina.
449 2728 602 2796 Producti
627 2745 707 2796 vero
735 2747 809 2796 cum
833 2734 995 2814 negarent
1020 2727 1171 2817 heresin,
1191 2726 1317 2795 iudicio
1334 2726 1397 2794 icrri

278 2827 452 2895 candentis
480 2827 522 2893 ad
549 2827 730 2912 legitimum
749 2829 918 2895 terminum
937 2829 1165 2916 reservantur,
1185 2843 1328 2913 quorum
1345 2843 1397 2892 nu-

276 2944 385 2994 merus
405 2925 465 2992 luit
483 2928 654 3010 octoginta
673 2926 726 2993 vol
745 2927 885 3014 amplius
904 2924 946 2992 do
963 2931 1105 3012 utroque
1125 2941 1219 2992 sexu.
1254 2925 1298 2994 lit-
1314 2923 1397 3012 pauci

278 3023 409 3110 quidem
430 3042 471 3090 ex
490 3025 538 3090 eis
557 3025 997 3113 innocentcsapparuerunt.
1015 3023 1143 3111 Reliqui
1163 3041 1282 3091 omnes
1301 3039 1397 3090 coram

279 3123 425 3190 ecclesio
452 3123 615 3211 convicti,
642 3141 702 3211 por
728 3123 936 3192 adustionem
962 3141 1115 3190 manuum
1133 3121 1303 3211 dampnati
1322 3125 1397 3207 sunt,

279 3226 312 3289 et
329 3220 483 3288 incendio
502 3222 677 3307 perierunt.
1208 3305 1211 3312 ,

351 3319 449 3388 Anno
469 3318 592 3386 domini
610 3322 777 3389 m.cc.x.vi.
796 3320 1011 3388 lnnoccnlius
1030 3338 1117 3409 papa
1140 3319 1231 3388 obiit.
1261 3319 1319 3387 Cui
1337 3316 1398 3384 llo-

277 3419 392 3487 ncrius
412 3420 586 3487 successit.

351 3517 476 3588 Eodem
497 3535 630 3605 quoque
650 3523 796 3606 tempore
816 3515 895 3586 Otto
913 3519 1089 3605 imperator
1114 3516 1204 3584 obiit.

351 3613 450 3684 Anno
470 3616 592 3684 domini
618 3618 787 3684 mccxix.
813 3616 995 3684 Friderious
1018 3634 1076 3683 rex
1092 3631 1153 3703 pro
1172 3616 1330 3704 imperiali
1347 3612 1397 3677 be-

279 3715 468 3784 nedictionc
494 3715 627 3784 Romam
656 3715 885 3803 proficiscitur.
912 3715 975 3783 Ubi
993 3714 1034 3782 ab
1053 3713 1202 3782 Honorio
1220 3733 1308 3803 papa
1325 3714 1397 3779 circa

280 3814 400 3881 festum
424 3814 521 3880 beate
550 3813 671 3881 Cocllic
696 3810 790 3905 [nov.
811 3811 874 3906 22]
895 3815 928 3880 in
946 3815 1176 3902 imperatorem
1195 3815 1399 3881 consecratur

281 3914 314 3979 et
330 3914 409 3980 inun
436 3914 506 3980 itur.

355 3931 453 4077 buffo
472 4011 595 4079 domini
610 4012 811 4078 mccxxvii.
829 4004 1003 4078 Heinricus
1022 4010 1109 4078 lilius
1127 4010 1332 4098 imperatoris
1348 4004 1398 4073 ad·

281 4108 414 4178 niodum
437 4127 519 4196 puer
546 4112 641 4196 quasi
668 4109 829 4178 decennis
848 4127 907 4198 per
925 4099 1082 4178 Ottonem
1100 4109 1399 4196 wirzeburgensem

282 4209 494 4297 episcopum,
524 4209 618 4274 errius
644 4208 746 4277 trrtelc
774 4208 953 4297 deputatus
972 4208 1096 4298 luerat,
1124 4213 1254 4296 apatrc
1273 4206 1312 4276 de
1330 4221 1400 4272 con-
