2878 4834
411 245 539 292 aurnuns
559 245 800 294 wonnnrrrrsrs.
1103 217 1173 286 213

46 383 210 469 atdngitur
235 399 255 450 a
280 385 484 453 monasterio
508 343 617 471 usque
643 382 686 452 ad
707 385 866 472 capellam
886 385 994 454 sancti
1013 383 1174 472 Stephani

48 490 76 550 at
103 484 150 550 sic
172 487 266 549 extra
291 482 411 551 domus
436 485 468 552 in
494 485 582 552 ouria
609 481 782 552 edificatas
806 490 918 573 potest
941 485 1174 572 uanusquisquc

46 599 149 669 usquc
167 580 209 648 ad
235 579 380 650 bocedor
398 602 493 650 suum
516 581 761 652 malefactorem
779 584 1002 651 inimiatcrem
1021 585 1093 651 sive
1111 581 1173 651 de-

47 682 178 750 bitorem
204 699 264 769 per
288 681 416 751 iudices
445 682 616 750 seculares
644 681 788 750 civitatis
814 683 1003 750 convenire.
1030 681 1072 750 Et
1089 682 1173 752 tales

48 781 72 848 si
82 780 200 848 luerint
210 783 376 872 conventi,
388 780 512 850 debant
526 799 546 848 a
558 780 723 850 iudicibus
741 780 925 850 secundum
939 780 1074 850 sormam
1090 799 1173 848 con-

48 880 208 950 ventionis
236 880 387 950 custodie
407 881 540 949 sculteti
558 882 746 970 mancipari.
778 881 857 950 ltern
877 898 995 950 omnes
1014 879 1174 948 malcino·

48 985 131 1047 tores
150 978 350 1066 deprehensi
366 981 401 1048 in
418 980 522 1068 primo
541 997 655 1069 mane,
674 981 703 1048 si
720 997 789 1048 non
811 980 909 1048 luerit
926 979 1000 1048 dies
1018 979 1172 1068 festivus,

48 1079 203 1147 ducentur
221 1095 321 1168 super
339 1080 478 1169 curiam,
498 1079 594 1146 et'ibi
613 1077 796 1148 secundum
819 1079 1030 1150 commissum
1049 1097 1069 1145 a
1088 1096 1173 1146 con·

48 1175 169 1246 sulibus
188 1183 221 1244 el
244 1176 409 1247 iudicibus
433 1180 504 1246 sive
523 1178 669 1246 scabinis
687 1197 747 1267 par
766 1179 965 1246 sententiam
984 1175 1173 1265 condemp-

48 1277 222 1367 rabuntur,
247 1285 280 1345 et
306 1278 370 1344 hoc
388 1277 477 1346 saclo
496 1295 657 1366 campana
675 1278 764 1346 curie
783 1276 887 1344 tribus
906 1276 1034 1344 vicibus
1053 1277 1172 1364 pulsa-

48 1377 126 1444 bitur
153 1375 194 1443 ad
221 1377 379 1467 populum
404 1376 666 1444 convocandum.
705 1375 747 1444 El
772 1382 850 1443 tunc
873 1375 1026 1464 pedellus
1053 1377 1173 1443 civium

49 1475 230 1544 ascendens
250 1483 380 1563 stegam
398 1474 578 1566 adponam
598 1478 669 1544 sive
688 1474 730 1543 ad
749 1481 896 1563 mortem,
916 1473 1100 1543 secundum
1115 1492 1172 1542 re-

50 1593 172 1643 cessum
190 1574 320 1665 iudicii,
339 1575 415 1643 illos
433 1575 594 1643 velillum
614 1593 725 1644 coram
744 1576 832 1642 omni
849 1573 976 1664 populo
995 1573 1172 1642 deiudica-

49 1673 96 1741 bit.
122 1671 227 1754 Quem
252 1676 412 1745 continuo
438 1675 601 1744 scultetus
626 1675 793 1762 recipiens
813 1673 855 1741 ad
872 1673 982 1742 locum
1001 1691 1088 1762 pene
1108 1671 1172 1741 dc·

50 1773 157 1864 ducet,
184 1779 216 1840 et
233 1774 280 1842 ibi
306 1775 413 1862 ipsum
439 1773 490 1841 vel
509 1775 604 1862 ipsos
624 1775 735 1842 comiti
752 1773 977 1862 presentabit,
997 1774 1053 1860 qui
1072 1791 1173 1862 super

48 1873 106 1940 hoc
129 1872 283 1941 iudicium
309 1873 451 1941 edictum
477 1871 647 1962 supplebit
664 1872 717 1940 vel
735 1872 896 1960 perimere
915 1873 1073 1940 continuo
1092 1889 1171 1960 prc-

50 1969 175 2040 curabit.
203 1972 238 2040 Si
266 1971 363 2040 ltrerit
388 1972 439 2040 lur
464 1991 536 2041 cum
564 1969 606 2040 ad
624 1979 752 2060 portam
772 1989 868 2058 quam
887 1977 1010 2039 vocant
1027 1967 1172 2039 hovedor

9 2139 10 2142 ,
50 2069 202 2139 deductus
237 2070 352 2162 luerit,
385 2072 495 2140 statim
522 2071 564 2139 ab
591 2069 648 2139 illo
667 2073 723 2158 qui
740 2069 893 2138 habuerit
917 2072 1076 2138 telonium
1104 2069 1172 2138 do-

49 2171 119 2238 mini
145 2173 314 2260 episcopi,
346 2169 435 2259 quod
463 2171 581 2239 dicitur
610 2161 790 2260 cuntzoll¹‚
823 2169 910 2237 lunis
937 2169 1172 2259 suspensionis

51 2270 129 2338 collo
145 2269 225 2338 luris
243 2271 436 2358 imponetur.
453 2270 636 2338 Locavero
648 2269 799 2359 supplicii
815 2269 979 2337 iudicialis
996 2267 1060 2338 hec
1078 2275 1172 2336 sunt:

49 2365 145 2437 lnrmn
168 2370 201 2437 in
225 2369 393 2460 patibulo,
425 2367 662 2438 homicidarum
685 2371 719 2436 in
744 2375 817 2437 rota
843 2371 875 2436 in
901 2373 1004 2437 strata
1029 2385 1173 2455 magun-

49 2469 160 2536 tinensi
191 2472 338 2538 exterius
364 2469 484 2536 vallum
514 2470 728 2557 exteriorem,
753 2469 913 2536 mutilatio
939 2469 1083 2558 capitum
1112 2467 1173 2537 erit

49 2573 132 2636 extra
156 2575 283 2656 portam
306 2569 413 2637 sancti
439 2565 575 2636 Andree
599 2585 701 2657 super
718 2563 894 2653 Asgrabcn
913 2585 1016 2656 prope
1035 2568 1173 2634 cemite-

49 2668 121 2733 rium
146 2665 339 2736 ludentum.
373 2669 454 2736 llem
481 2667 635 2736 mulieres
660 2683 724 2754 qne
749 2669 839 2735 viros
863 2683 945 2734 suros
965 2665 1170 2755 occiderunt,

49 2765 272 2836 comburentur
289 2769 322 2835 in
343 2773 446 2835 strata
463 2767 519 2835 uhi
544 2765 597 2833 via
624 2763 665 2834 de
685 2764 932 2834 Piellelnlsheim
952 2769 984 2832 et
1009 2763 1171 2832 Hocheim

49 2867 245 2953 contingunt.
263 2865 344 2934 ltem
363 2865 522 2936 mutilatio
541 2883 695 2933 manuum
715 2865 826 2934 critic
845 2873 941 2955 porta
960 2863 1066 2932 sancti
1080 2863 1172 2932 lilar-

49 2965 107 3032 tini.
122 2965 201 3033 ltern
212 2968 345 3034 exustio
356 2965 560 3034 maxillarum
579 2971 612 3033 et
629 2981 717 3054 pena
735 2984 866 3034 crurum
878 2970 910 3034 et
926 2965 1023 3052 cutm,
1043 2979 1107 3052 que
1120 2961 1172 3031 di-

50 3064 242 3132 citurselrerz
255 3055 473 3156 ombwillen²,
493 3065 554 3132 crit
568 3065 601 3132 in
617 3069 714 3154 porta
729 3061 989 3133 sanctilindree.
1008 3063 1043 3132 Si
1054 3063 1172 3150 aliquis

51 3163 231 3233 malefactor
248 3164 280 3233 in
299 3166 432 3232 civitate
451 3169 600 3254 repertus
620 3163 717 3232 luerit
735 3163 768 3232 in
788 3163 1064 3252 damnabamus,
1083 3163 1172 3230 illum

50 3269 150 3348 potest
175 3281 289 3333 comes
314 3265 456 3333 civitatis
483 3264 639 3352 excipere
665 3269 698 3330 el
716 3261 875 3354 educere,
895 3263 1044 3350 exceptis
1063 3261 1172 3330 dorni-

50 3359 102 3428 bus
118 3369 149 3430 et
160 3363 259 3432 curiis
271 3363 468 3432 clericorum
485 3361 744 3432 ministerialium
762 3363 1019 3431 monetariorum
1036 3367 1068 3428 et
1082 3360 1172 3427 wilt-

50 3454 190 3530 werhcr³
214 3463 400 3549 husgenos.
437 3459 505 3530 Sed
530 3461 563 3528 in
592 3459 744 3530 domibus
765 3460 1023 3530 ministerialium
1052 3459 1172 3527 educat

51 3563 254 3652 camerarius,
282 3561 324 3630 dc
349 3559 504 3630 domibus
527 3561 780 3630 monetariorum
799 3561 973 3650 magister,
997 3557 1051 3626 vel
1077 3556 1171 3626 solus

50 3661 194 3745 magister
213 3678 344 3750 eorum,
363 3661 405 3730 de
427 3659 656 3728 mansionibus
679 3657 879 3730 wiltwerlrer
900 3658 1076 3744 husgcncs
1100 3674 1171 3724 ma·

50 3758 140 3842 gister
157 3778 281 3830 eorum.
306 3761 348 3829 Et
364 3767 441 3830 tuuc
458 3765 693 3848 presentantur
714 3759 888 3828 iudicibus.

112 3857 256 3946 Singulis
280 3861 376 3928 annis
401 3857 435 3928 iu
455 3857 508 3926 die
529 3859 638 3929 sancti
661 3857 794 3928 Martini
816 3857 1064 3930 constituuntur
1082 3854 1170 3924 iudi-

51 4048 246 4196 nllrdl‘ltl
265 4047 1171 4188 llll1l‘hlbdtllnl‘hllzl'ltlli„lttlnnilll

51 4191 130 4249 gulam
147 4182 186 4240 als
210 4184 300 4242 barlen
324 4185 387 4240 luch
414 4183 482 4240 lrans
502 4203 528 4241 u.
547 4203 570 4242 s.
591 4203 625 4240 w.
644 4201 676 4240 so
695 4187 736 4240 ins
755 4181 890 4240 haulhrus
906 4183 1035 4252 gebracht
1052 4181 1169 4236 werden.

52 4253 75 4317 ²)
91 4251 371 4380 ⁵⁰h2⁰n¹n¹¹¹3¹d²fffflss¹¹
391 4254 435 4310 bei
453 4253 533 4309 Zorn.
572 4257 603 4322 ³)
621 4251 797 4310 whilwerlrer
815 4251 858 4308 bei
877 4252 958 4306 Zara.
1026 4293 1034 4309 .
