2886 4834
294 181 340 250 50
661 208 825 256 cnaomcon
848 206 1057 255 conunnrrnsa.

211 358 276 412 lara
329 413 333 424 ,
368 349 458 416 Uxor
475 346 621 436 Rudoli‚
641 348 706 416 ilia
723 345 905 416 Burchardi
922 344 965 414 de
981 344 1192 436 Holrenberc,
1211 345 1342 434 quando
1360 365 1409 416 rex

293 449 380 516 misit
397 463 457 536 pro
474 465 517 514 ea
536 445 667 515 domum
686 446 825 532 regebat
841 448 875 512 in
892 446 1029 513 Bruceo.
1055 444 1240 514 Descendit
1256 447 1290 513 in
1307 444 1410 514 Rheno

294 554 327 615 et
344 548 436 615 venit
454 547 488 614 in
505 545 621 613 Buken
648 545 690 614 ad
708 547 798 614 viros
825 544 1004 630 religiosos
1031 542 1191 631 providos
1212 549 1245 612 et
1261 545 1411 612 honestos

293 646 336 714 de
355 645 453 714 domo
472 645 673 736 Teutonico,
701 663 720 711 a
739 644 858 730 quibus
876 641 1058 711 honorifice
1084 644 1241 730 recipitur
1258 661 1411 712 necessa-

294 746 350 812 riis
369 743 576 812 abundanter
602 743 849 811 administratis.
891 740 990 809 Cives
1015 739 1249 810 Rinieldenses
1268 759 1310 810 eo
1330 761 1412 810 corn-

195 881 197 886 ,
293 844 434 910 muniier
453 850 665 911 occurrerunt
683 849 717 910 et
733 843 832 910 xenia
849 841 989 929 plurima
1008 838 1208 929 detulerunt,
1227 843 1411 929 promitten-

294 949 346 1009 tes
366 959 403 1010 se
423 941 530 1009 eidem
547 959 607 1028 pro
626 959 729 1029 posse
746 941 845 1008 robus
865 946 898 1007 et
908 956 1047 1028 corpore
1065 940 1097 1005 in
1113 939 1267 1010 omnibus
1283 939 1413 1008 obedire.

293 1041 460 1111 Basileam
479 1041 570 1108 venit
595 1047 712 1127 quarto
738 1039 814 1107 idus
840 1038 986 1107 octobris
1008 1033 1090 1128 [oct.
1111 1033 1186 1127 12].
1220 1037 1350 1124 Magno
1365 1056 1415 1106 oo-

293 1141 408 1206 mitatu
435 1140 589 1226 recipitur
619 1158 638 1206 a
666 1138 795 1206 civibus
823 1138 993 1206 canonicis
1023 1143 1055 1203 et
1081 1137 1233 1205 omnibus
1259 1139 1414 1223 religiosis

294 1257 365 1306 curn
392 1239 537 1325 reliquiis
572 1243 606 1305 et
622 1237 744 1324 magna
770 1237 965 1305 reverentia.
1002 1234 1131 1302 Dantur
1149 1237 1180 1304 ei
1211 1253 1362 1324 expense
1390 1245 1415 1302 et

293 1341 391 1405 xenia
411 1337 521 1404 multa.
551 1335 736 1404 Descendit
761 1336 871 1406 multis
898 1333 1039 1402 navibus
1068 1333 1110 1402 ad
1136 1333 1336 1425 regem,'ut
1356 1353 1415 1401 cun

294 1438 369 1523 ipso
388 1440 612 1504 coronaretur.
630 1434 920 1504 columbarienses
939 1431 1114 1502 duodecim
1126 1435 1291 1502 vasavini
1305 1436 1414 1521 optimi,

223 1575 226 1582 ·
295 1531 562 1620 Argentinenses
596 1537 773 1621 sexaginta
806 1540 839 1602 et
868 1551 986 1602 navem
1016 1549 1170 1617 magnam
1196 1532 1332 1620 plenam
1358 1532 1415 1598 iru-

296 1639 407 1700 mento
434 1633 631 1702 obtulerunt.
667 1632 826 1702 Civitates
851 1633 977 1720 imperii
1003 1647 1120 1698 omnes
1146 1632 1299 1717 reginam
1319 1632 1416 1699 bono·

296 1732 386 1800 riiice
405 1732 594 1819 suscipirmt
611 1750 747 1800 munera
767 1738 800 1800 et
817 1733 917 1800 xenia
934 1729 1123 1800 offerentes.
1150 1781 1152 1786 .

370 1829 407 1896 ln
425 1830 538 1917 vigilia
556 1832 699 1899 omnium
718 1836 906 1900 sanctorum
927 1826 1009 1920 [oet.
1030 1826 1093 1914 31]
1111 1825 1277 1896 Rudolius
1296 1844 1355 1895 rex
1371 1843 1418 1892 oo-

296 1935 440 1997 ronatur.
482 1929 524 1998 Et
548 1935 615 1998 turn
633 1932 741 2018 spallo
767 1931 866 1998 unius
885 1929 965 1996 bore
983 1929 1136 2014 apparuit
1158 1926 1270 1994 nubes
1290 1923 1416 1993 candida

297 2029 331 2094 in
349 2027 480 2096 modurn
500 2030 608 2096 crucis
627 2029 782 2118 formata,
810 2046 875 2116 quo
893 2034 1013 2114 postea
1030 2026 1064 2092 in
1082 2025 1234 2093 ruborem
1253 2025 1417 2111 sanguinis
1439 2071 1440 2074 ,

299 2133 352 2194 est
370 2125 611 2195 transformata.
651 2125 730 2195 Cum
748 2129 916 2216 principes
935 2126 1000 2194 hoc
1018 2125 1090 2210 regi
1108 2123 1323 2213 retulissent,
1354 2122 1419 2190 dixit

297 2223 477 2294 liudolius:
504 2226 540 2293 Si
553 2227 711 2294 Dominae
733 2227 809 2296 mitt
830 2228 929 2293 citam
953 2224 1274 2309 prosperitatemque
1299 2222 1440 2300 dederit*

298 2325 540 2392 transmarinos
564 2329 681 2410 portes
703 2327 816 2410 odilo,
848 2329 881 2391 et
899 2341 962 2409 pro
983 2322 1136 2408 peccatis·
1165 2322 1245 2389 meis
1280 2320 1440 2388 moral

298 2425 488 2508 saumonem
511 2441 613 2490 merem
631 2426 833 2494 consecrabo
850 2423 978 2490 domino
996 2421 1077 2487 desa
1092 2417 1231 2488 Christo.

297 2655 348 2722 De
375 2654 567 2740 qoibrrsdorn
592 2653 721 2742 liudolfi
745 2657 833 2742 repis
858 2654 976 2723 liberis.
1093 2687 1096 2694 ·

217 2819 283 2873 lars
374 2811 472 2881 Anno
490 2813 691 2881 moclxnvi.
717 2830 800 2901 puer
824 2815 971 2902 quinque
998 2833 1157 2884 annorum
1183 2815 1272 2884 lilius
1303 2811 1439 2888 Rudolil

301 2911 392 2996 regis
413 2913 519 2979 acutis
538 2911 685 2979 febribus
704 2910 880 2980 laborabat
905 2911 966 2982 sed
985 2917 1095 2982 statim
1112 2915 1288 2982 restitutus
1308 2922 1360 2982 est
1376 2929 1439 2989 sar

300 3011 404 3077 nitati.
431 3009 494 3076 llio
510 3012 656 3078 iusserat
678 3015 793 3078 vestes
820 3012 1021 3100 pauperibus
1051 3014 1181 3099 elargiri
1206 3019 1241 3080 et
1267 3013 1420 3080 baldionn

300 3107 430 3175 cuidam
448 3107 588 3177 incluse.
622 3108 748 3178 liudem
775 3128 864 3178 anno
882 3129 967 3180 uxor
983 3111 1112 3180 Rudolir
1131 3111 1232 3180 srlinm
1251 3112 1382 3200 peperit
1396 3109 1421 3175 in

298 3205 478 3294 Rinieldia3
510 3209 703 3295 episcopum
723 3207 1028 3300 constantiensem,
1062 3215 1242 3297 cognatum
1261 3212 1372 3298 regis,
1396 3211 1438 3296 ut

300 3305 442 3374 eundern
459 3306 639 3394 baptizaret
664 3308 806 3376 vocavit.
837 3307 1026 3398 Episcopus
1044 3311 1145 3395 igitur
1163 3307 1422 3378 constantiensis
1437 3359 1438 3368 ,

301 3404 441 3473 sabbato
459 3405 584 3494 pasche
610 3407 745 3474 missam
763 3405 944 3476 celebravit
969 3415 1003 3476 et
1026 3409 1225 3495 baptismum
1251 3405 1422 3490 benedixit,

301 3505 400 3572 irater
416 3504 638 3572 Hartmannus
664 3507 776 3573 socius
800 3506 920 3593 prioris
938 3506 1182 3578 Predicatorum
1199 3506 1423 3574 Basiliensiun

302 3604 511 3688 evangelium
539 3609 572 3671 et
596 3604 730 3670 limitet
756 3605 824 3670 lom
850 3603 1056 3698 decantavit,
1088 3607 1269 3696 episcopus
1298 3619 1422 3693 puerum

302 3700 497 3791 baptizavit,
523 3699 715 3771 Alexander
738 3702 844 3770 lector
861 3702 1107 3775 Predicatorum
1126 3703 1423 3774 constantiensium

303 3799 345 3867 de
364 3817 459 3869 sacro
478 3800 570 3868 iente
587 3803 728 3890 levavit,
752 3800 852 3869 irater
868 3800 1044 3872 Heinrious
1064 3806 1147 3874 alter
1164 3804 1345 3870 levantium
1365 3799 1423 3882 luit,

303 3899 359 3984 qui
383 3905 417 3965 ot
440 3901 556 3984 regine
583 3900 733 3968 medicus
762 3905 794 3967 et
821 3901 947 3969 amicus
974 3906 1088 3972 extitit
1146 3904 1229 3970 Puer
1247 3900 1303 3968 hic
1321 3898 1424 3988 paucis

304 3998 496 4084 septimanis
515 4004 636 4084 postea
653 3999 743 4088 obiit,
763 3999 940 4087 sepultus
931 4021 963 4069 rn
980 4003 1082 4071 choro
1100 4000 1302 4069 Basiliensis
1322 3997 1437 4064 eccle

304 4096 363 4162 sie.
397 4095 556 4182 Exequiis
583 4097 799 4166 interfuerant
825 4115 941 4167 ornnes
966 4102 1077 4170 elerici
1095 4108 1128 4170 ot
1146 4099 1297 4185 religiosi
1316 4096 1437 4163 milites

304 4195 396 4261 cives
415 4194 625 4263 honestiores
650 4195 771 4264 familia
796 4199 912 4283 regine
930 4218 1017 4287 pene
1046 4219 1119 4270 cunr
1143 4195 1337 4267 mulieribus
1356 4169 1437 4260 uni-
