<?xml version="1.0" encoding="UTF-8"?>
<!DOCTYPE html PUBLIC "-//W3C//DTD XHTML 1.0 Transitional//EN"
    "http://www.w3.org/TR/xhtml1/DTD/xhtml1-transitional.dtd">
<html xmlns="http://www.w3.org/1999/xhtml" xml:lang="en" lang="en">
 <head>
  <title>
</title>
<meta http-equiv="Content-Type" content="text/html;charset=utf-8" />
  <meta name='ocr-system' content='tesseract 3.04.00' />
  <meta name='ocr-capabilities' content='ocr_page ocr_carea ocr_par ocr_line ocrx_word'/>
</head>
<body>
  <div class='ocr_page' id='page_1' title='image "./fontesrerumgerm00hubegoog_0214.png"; bbox 0 0 2884 4834; ppageno 0'>
   <div class='ocr_carea' id='block_1_1' title="bbox 11 61 1404 4288">
    <p class='ocr_par' dir='ltr' id='par_1_1' title="bbox 11 61 1165 432">
     <span class='ocr_line' id='line_1_1' title="bbox 11 61 13 100; baseline 0 0"><span class='ocrx_word' id='word_1_1' title='bbox 11 61 13 100; x_wconf 94' lang='lat' dir='ltr'>l</span> 
     </span>
     <span class='ocr_line' id='line_1_2' title="bbox 11 111 12 142; baseline 0 0"><span class='ocrx_word' id='word_1_2' title='bbox 11 111 12 142; x_wconf 93' lang='lat' dir='ltr'>l</span> 
     </span>
     <span class='ocr_line' id='line_1_3' title="bbox 11 143 1161 252; baseline 0.003 -3"><span class='ocrx_word' id='word_1_3' title='bbox 11 143 13 184; x_wconf 61' lang='grc' dir='ltr'>Ι</span> <span class='ocrx_word' id='word_1_4' title='bbox 459 195 587 250; x_wconf 78' lang='lat' dir='ltr'>niumm</span> <span class='ocrx_word' id='word_1_5' title='bbox 609 203 772 252; x_wconf 74' lang='lat' dir='ltr'>sntnunsts.</span> <span class='ocrx_word' id='word_1_6' title='bbox 1097 176 1161 242; x_wconf 81' lang='grc'>151</span> 
     </span>
     <span class='ocr_line' id='line_1_4' title="bbox 11 339 1165 432; baseline 0.003 -24"><span class='ocrx_word' id='word_1_7' title='bbox 11 419 12 430; x_wconf 17' lang='lat'>¹</span> <span class='ocrx_word' id='word_1_8' title='bbox 44 341 87 408; x_wconf 90' lang='lat' dir='ltr'>die</span> <span class='ocrx_word' id='word_1_9' title='bbox 104 339 287 430; x_wconf 81' lang='lat' dir='ltr'>dominloa,</span> <span class='ocrx_word' id='word_1_10' title='bbox 307 357 371 429; x_wconf 88' lang='lat' dir='ltr'>qne</span> <span class='ocrx_word' id='word_1_11' title='bbox 391 343 516 410; x_wconf 86' lang='lat' dir='ltr'>exstitit</span> <span class='ocrx_word' id='word_1_12' title='bbox 533 343 567 412; x_wconf 93' lang='lat' dir='ltr'>iii</span> <span class='ocrx_word' id='word_1_13' title='bbox 585 361 662 411; x_wconf 91' lang='lat' dir='ltr'>non.</span> <span class='ocrx_word' id='word_1_14' title='bbox 682 342 887 431; x_wconf 78' lang='lat' dir='ltr'><strong>decembris,</strong></span> <span class='ocrx_word' id='word_1_15' title='bbox 911 344 1003 412; x_wconf 93' lang='lat' dir='ltr'>venit</span> <span class='ocrx_word' id='word_1_16' title='bbox 1022 344 1165 432; x_wconf 85' lang='lat' dir='ltr'>impera·</span> 
     </span>
    </p>

    <p class='ocr_par' dir='ltr' id='par_1_2' title="bbox 42 439 1178 1400">
     <span class='ocr_line' id='line_1_5' title="bbox 45 439 1166 531; baseline 0.004 -25"><span class='ocrx_word' id='word_1_17' title='bbox 45 449 85 507; x_wconf 93' lang='lat' dir='ltr'>tor</span> <span class='ocrx_word' id='word_1_18' title='bbox 100 439 142 506; x_wconf 92' lang='lat' dir='ltr'>ad</span> <span class='ocrx_word' id='word_1_19' title='bbox 160 440 338 528; x_wconf 93' lang='lat' dir='ltr'>Limpuroh</span> <span class='ocrx_word' id='word_1_20' title='bbox 356 458 477 508; x_wconf 88' lang='lat' dir='ltr'>novam</span> <span class='ocrx_word' id='word_1_21' title='bbox 502 443 669 510; x_wconf 90' lang='lat' dir='ltr'>abbatiam</span> <span class='ocrx_word' id='word_1_22' title='bbox 696 461 808 531; x_wconf 79' lang='lat' dir='ltr'>suam,</span> <span class='ocrx_word' id='word_1_23' title='bbox 834 449 867 511; x_wconf 90' lang='lat' dir='ltr'>et</span> <span class='ocrx_word' id='word_1_24' title='bbox 884 445 1020 510; x_wconf 89' lang='lat' dir='ltr'>inventa</span> <span class='ocrx_word' id='word_1_25' title='bbox 1038 442 1083 512; x_wconf 93' lang='lat' dir='ltr'>ibi</span> <span class='ocrx_word' id='word_1_26' title='bbox 1101 444 1166 512; x_wconf 92' lang='lat' dir='ltr'>im-</span> 
     </span>
     <span class='ocr_line' id='line_1_6' title="bbox 43 539 1166 626; baseline 0.004 -23"><span class='ocrx_word' id='word_1_27' title='bbox 43 540 195 626; x_wconf 81' lang='lat' dir='ltr'>peratrice</span> <span class='ocrx_word' id='word_1_28' title='bbox 224 539 335 608; x_wconf 89' lang='lat' dir='ltr'>Gisela</span> <span class='ocrx_word' id='word_1_29' title='bbox 362 543 577 608; x_wconf 91' lang='lat' dir='ltr'>oomrnuniter</span> <span class='ocrx_word' id='word_1_30' title='bbox 602 541 818 610; x_wconf 78' lang='lat' dir='ltr'>celebrabant</span> <span class='ocrx_word' id='word_1_31' title='bbox 836 541 1015 610; x_wconf 91' lang='lat' dir='ltr'>adventum</span> <span class='ocrx_word' id='word_1_32' title='bbox 1034 541 1166 610; x_wconf 93' lang='lat' dir='ltr'>domini.</span> 
     </span>
     <span class='ocr_line' id='line_1_7' title="bbox 43 637 1178 733; baseline 0.004 -29"><span class='ocrx_word' id='word_1_33' title='bbox 43 638 104 704; x_wconf 87' lang='lat' dir='ltr'>luit</span> <span class='ocrx_word' id='word_1_34' title='bbox 120 643 236 705; x_wconf 89' lang='lat' dir='ltr'>autem</span> <span class='ocrx_word' id='word_1_35' title='bbox 259 637 304 705; x_wconf 95' lang='lat' dir='ltr'>ibi</span> <span class='ocrx_word' id='word_1_36' title='bbox 329 639 508 727; x_wconf 86' lang='lat' dir='ltr'>episeopus</span> <span class='ocrx_word' id='word_1_37' title='bbox 527 639 686 709; x_wconf 85' lang='lat' dir='ltr'>Hazeoho</span> <span class='ocrx_word' id='word_1_38' title='bbox 705 639 746 709; x_wconf 91' lang='lat' dir='ltr'>de</span> <span class='ocrx_word' id='word_1_39' title='bbox 766 641 960 729; x_wconf 87' lang='lat' dir='ltr'>Wormatia,</span> <span class='ocrx_word' id='word_1_40' title='bbox 979 639 1178 733; x_wconf 82' lang='lat' dir='ltr'>Reginbol-¹</span> 
     </span>
     <span class='ocr_line' id='line_1_8' title="bbox 44 717 1167 906; baseline 0.003 -102"><span class='ocrx_word' id='word_1_41' title='bbox 44 734 95 804; x_wconf 91' lang='lat' dir='ltr'>dus</span> <span class='ocrx_word' id='word_1_42' title='bbox 121 737 306 826; x_wconf 86' lang='lat' dir='ltr'>episeopus</span> <span class='ocrx_word' id='word_1_43' title='bbox 337 737 378 805; x_wconf 94' lang='lat' dir='ltr'>de</span> <span class='ocrx_word' id='word_1_44' title='bbox 405 738 518 830; x_wconf 84' lang='lat' dir='ltr'>Spira,</span> <span class='ocrx_word' id='word_1_45' title='bbox 545 739 738 823; x_wconf 82' lang='lat' dir='ltr'>Waltberus</span> <span class='ocrx_word' id='word_1_46' title='bbox 766 741 947 906; x_wconf 50' lang='lat' dir='ltr'>epjppppus</span> <span class='ocrx_word' id='word_1_47' title='bbox 981 737 1023 808; x_wconf 89' lang='lat' dir='ltr'>de</span> <span class='ocrx_word' id='word_1_48' title='bbox 1048 717 1167 828; x_wconf 62' lang='lat' dir='ltr'>beina,</span> 
     </span>
     <span class='ocr_line' id='line_1_9' title="bbox 43 829 1167 930; baseline 0.004 -28"><span class='ocrx_word' id='word_1_49' title='bbox 43 834 228 904; x_wconf 88' lang='lat' dir='ltr'>Heribertus</span> <span class='ocrx_word' id='word_1_50' title='bbox 248 837 428 926; x_wconf 89' lang='lat' dir='ltr'>episeopus</span> <span class='ocrx_word' id='word_1_51' title='bbox 455 837 496 906; x_wconf 90' lang='lat' dir='ltr'>de</span> <span class='ocrx_word' id='word_1_52' title='bbox 521 837 722 930; x_wconf 77' lang='lat' dir='ltr'>Exstbedm,</span> <span class='ocrx_word' id='word_1_53' title='bbox 750 829 842 908; x_wconf 88' lang='lat' dir='ltr'>Gode</span> <span class='ocrx_word' id='word_1_54' title='bbox 868 837 968 908; x_wconf 89' lang='lat' dir='ltr'>ardus</span> <span class='ocrx_word' id='word_1_55' title='bbox 988 839 1167 928; x_wconf 86' lang='lat' dir='ltr'>episeopus</span> 
     </span>
     <span class='ocr_line' id='line_1_10' title="bbox 43 907 1168 1026; baseline 0.003 -24"><span class='ocrx_word' id='word_1_56' title='bbox 43 933 76 1002; x_wconf 90' lang='lat' dir='ltr'>de</span> <span class='ocrx_word' id='word_1_57' title='bbox 99 933 351 1024; x_wconf 89' lang='lat' dir='ltr'>Hildensheim,</span> <span class='ocrx_word' id='word_1_58' title='bbox 377 907 502 1005; x_wconf 70' lang='lat' dir='ltr'>fiozelo</span> <span class='ocrx_word' id='word_1_59' title='bbox 528 939 720 1026; x_wconf 79' lang='lat' dir='ltr'><strong>prepositus</strong></span> <span class='ocrx_word' id='word_1_60' title='bbox 748 937 790 1006; x_wconf 87' lang='lat' dir='ltr'>do</span> <span class='ocrx_word' id='word_1_61' title='bbox 815 938 992 1024; x_wconf 89' lang='lat' dir='ltr'>llloguntia</span> <span class='ocrx_word' id='word_1_62' title='bbox 1010 944 1043 1006; x_wconf 91' lang='lat' dir='ltr'>et</span> <span class='ocrx_word' id='word_1_63' title='bbox 1065 939 1168 1024; x_wconf 91' lang='lat' dir='ltr'>legati</span> 
     </span>
     <span class='ocr_line' id='line_1_11' title="bbox 42 1033 1168 1126; baseline 0.005 -26"><span class='ocrx_word' id='word_1_64' title='bbox 42 1033 209 1117; x_wconf 88' lang='lat' dir='ltr'>multorum</span> <span class='ocrx_word' id='word_1_65' title='bbox 229 1035 477 1123; x_wconf 84' lang='lat' dir='ltr'>episeopomm,</span> <span class='ocrx_word' id='word_1_66' title='bbox 503 1038 558 1124; x_wconf 88' lang='lat' dir='ltr'>qui</span> <span class='ocrx_word' id='word_1_67' title='bbox 577 1055 693 1104; x_wconf 92' lang='lat' dir='ltr'>omnes</span> <span class='ocrx_word' id='word_1_68' title='bbox 720 1037 989 1106; x_wconf 79' lang='lat' dir='ltr'>contradixerunt</span> <span class='ocrx_word' id='word_1_69' title='bbox 1006 1037 1168 1126; x_wconf 88' lang='lat' dir='ltr'>episeopo</span> 
     </span>
     <span class='ocr_line' id='line_1_12' title="bbox 42 1130 1168 1222; baseline 0.003 -21"><span class='ocrx_word' id='word_1_70' title='bbox 42 1131 74 1201; x_wconf 91' lang='lat' dir='ltr'>de</span> <span class='ocrx_word' id='word_1_71' title='bbox 98 1130 292 1219; x_wconf 85' lang='lat' dir='ltr'>Argentina</span> <span class='ocrx_word' id='word_1_72' title='bbox 316 1140 350 1202; x_wconf 91' lang='lat' dir='ltr'>et</span> <span class='ocrx_word' id='word_1_73' title='bbox 375 1136 496 1222; x_wconf 92' lang='lat' dir='ltr'>pariter</span> <span class='ocrx_word' id='word_1_74' title='bbox 520 1135 730 1204; x_wconf 86' lang='lat' dir='ltr'>firmaverunt</span> <span class='ocrx_word' id='word_1_75' title='bbox 754 1135 933 1204; x_wconf 87' lang='lat' dir='ltr'>adventum</span> <span class='ocrx_word' id='word_1_76' title='bbox 958 1135 1168 1204; x_wconf 91' lang='lat' dir='ltr'>domininon</span> 
     </span>
     <span class='ocr_line' id='line_1_13' title="bbox 43 1231 1167 1326; baseline 0.004 -28"><span class='ocrx_word' id='word_1_77' title='bbox 43 1249 109 1300; x_wconf 89' lang='lat' dir='ltr'>esse</span> <span class='ocrx_word' id='word_1_78' title='bbox 132 1231 372 1302; x_wconf 80' lang='lat' dir='ltr'>celebrandum</span> <span class='ocrx_word' id='word_1_79' title='bbox 398 1235 463 1302; x_wconf 93' lang='lat' dir='ltr'>nisi</span> <span class='ocrx_word' id='word_1_80' title='bbox 488 1235 522 1301; x_wconf 92' lang='lat' dir='ltr'>in</span> <span class='ocrx_word' id='word_1_81' title='bbox 550 1236 666 1322; x_wconf 89' lang='lat' dir='ltr'>quinto</span> <span class='ocrx_word' id='word_1_82' title='bbox 693 1236 758 1303; x_wconf 86' lang='lat' dir='ltr'>kal.</span> <span class='ocrx_word' id='word_1_83' title='bbox 784 1234 1021 1326; x_wconf 84' lang='lat' dir='ltr'>deoembriset</span> <span class='ocrx_word' id='word_1_84' title='bbox 1037 1236 1070 1302; x_wconf 91' lang='lat' dir='ltr'>iii</span> <span class='ocrx_word' id='word_1_85' title='bbox 1089 1252 1167 1304; x_wconf 91' lang='lat' dir='ltr'>non.</span> 
     </span>
     <span class='ocr_line' id='line_1_14' title="bbox 43 1330 342 1400; baseline 0.003 -3"><span class='ocrx_word' id='word_1_86' title='bbox 43 1330 183 1399; x_wconf 88' lang='lat' dir='ltr'>eiusdem</span> <span class='ocrx_word' id='word_1_87' title='bbox 203 1333 342 1400; x_wconf 83' lang='lat' dir='ltr'>mensis.</span> 
     </span>
    </p>

    <p class='ocr_par' dir='ltr' id='par_1_3' title="bbox 44 1429 1264 2786">
     <span class='ocr_line' id='line_1_15' title="bbox 107 1429 1168 1501; baseline 0.004 -5"><span class='ocrx_word' id='word_1_88' title='bbox 107 1429 285 1500; x_wconf 84' lang='lat' dir='ltr'>Cunradus</span> <span class='ocrx_word' id='word_1_89' title='bbox 313 1438 345 1499; x_wconf 92' lang='lat' dir='ltr'>et</span> <span class='ocrx_word' id='word_1_90' title='bbox 370 1430 481 1499; x_wconf 89' lang='lat' dir='ltr'>Gisela</span> <span class='ocrx_word' id='word_1_91' title='bbox 505 1434 638 1501; x_wconf 89' lang='lat' dir='ltr'>unioum</span> <span class='ocrx_word' id='word_1_92' title='bbox 655 1431 842 1500; x_wconf 89' lang='lat' dir='ltr'>babuemnt</span> <span class='ocrx_word' id='word_1_93' title='bbox 860 1431 1017 1500; x_wconf 89' lang='lat' dir='ltr'>heredem</span> <span class='ocrx_word' id='word_1_94' title='bbox 1036 1430 1168 1500; x_wconf 89' lang='lat' dir='ltr'>Heinri-</span> 
     </span>
     <span class='ocr_line' id='line_1_16' title="bbox 44 1515 1168 1622; baseline 0.003 -26"><span class='ocrx_word' id='word_1_95' title='bbox 44 1547 122 1619; x_wconf 87' lang='lat' dir='ltr'>oum,</span> <span class='ocrx_word' id='word_1_96' title='bbox 155 1548 260 1615; x_wconf 85' lang='lat' dir='ltr'>quem</span> <span class='ocrx_word' id='word_1_97' title='bbox 291 1531 325 1598; x_wconf 91' lang='lat' dir='ltr'>in</span> <span class='ocrx_word' id='word_1_98' title='bbox 360 1515 693 1622; x_wconf 43' lang='lat' dir='ltr'>stildtgenuemnt,</span> <span class='ocrx_word' id='word_1_99' title='bbox 721 1529 812 1619; x_wconf 81' lang='lat' dir='ltr'>quod</span> <span class='ocrx_word' id='word_1_100' title='bbox 835 1531 1094 1620; x_wconf 79' lang='lat' dir='ltr'>prophetaverat</span> <span class='ocrx_word' id='word_1_101' title='bbox 1118 1533 1168 1599; x_wconf 91' lang='lat' dir='ltr'>eis</span> 
     </span>
     <span class='ocr_line' id='line_1_17' title="bbox 44 1627 1168 1722; baseline 0.004 -28"><span class='ocrx_word' id='word_1_102' title='bbox 44 1633 169 1695; x_wconf 88' lang='lat' dir='ltr'>sanetus</span> <span class='ocrx_word' id='word_1_103' title='bbox 193 1629 319 1696; x_wconf 90' lang='lat' dir='ltr'>Bartbo</span> <span class='ocrx_word' id='word_1_104' title='bbox 328 1682 338 1718; x_wconf 89' lang='lat'><em>,</em></span> <span class='ocrx_word' id='word_1_105' title='bbox 359 1627 421 1696; x_wconf 91' lang='lat' dir='ltr'>sub</span> <span class='ocrx_word' id='word_1_106' title='bbox 440 1631 534 1698; x_wconf 91' lang='lat' dir='ltr'>ouius</span> <span class='ocrx_word' id='word_1_107' title='bbox 553 1636 703 1720; x_wconf 87' lang='lat' dir='ltr'>ternpore</span> <span class='ocrx_word' id='word_1_108' title='bbox 722 1629 870 1722; x_wconf 86' lang='lat' dir='ltr'>Sybiobo</span> <span class='ocrx_word' id='word_1_109' title='bbox 890 1637 923 1698; x_wconf 93' lang='lat' dir='ltr'>et</span> <span class='ocrx_word' id='word_1_110' title='bbox 939 1629 1168 1716; x_wconf 90' lang='lat' dir='ltr'>Reginbaldus</span> 
     </span>
     <span class='ocr_line' id='line_1_18' title="bbox 44 1727 1168 1818; baseline 0.004 -24"><span class='ocrx_word' id='word_1_111' title='bbox 44 1727 185 1815; x_wconf 77' lang='lat' dir='ltr'>episcopi</span> <span class='ocrx_word' id='word_1_112' title='bbox 213 1727 445 1814; x_wconf 74' lang='lat' dir='ltr'>gubernabant</span> <span class='ocrx_word' id='word_1_113' title='bbox 471 1730 649 1798; x_wconf 80' lang='lat' dir='ltr'>eeclesiam</span> <span class='ocrx_word' id='word_1_114' title='bbox 676 1729 877 1818; x_wconf 82' lang='lat' dir='ltr'>spirensem.</span> <span class='ocrx_word' id='word_1_115' title='bbox 913 1727 976 1810; x_wconf 84' lang='lat' dir='ltr'>Qui</span> <span class='ocrx_word' id='word_1_116' title='bbox 995 1729 1168 1816; x_wconf 69' lang='lat' dir='ltr'>cunradus</span> 
     </span>
     <span class='ocr_line' id='line_1_19' title="bbox 45 1823 1169 1919; baseline 0.004 -28"><span class='ocrx_word' id='word_1_117' title='bbox 45 1827 202 1894; x_wconf 92' lang='lat' dir='ltr'>sueoessit</span> <span class='ocrx_word' id='word_1_118' title='bbox 221 1823 336 1894; x_wconf 91' lang='lat' dir='ltr'>Ottoni</span> <span class='ocrx_word' id='word_1_119' title='bbox 355 1826 431 1895; x_wconf 89' lang='lat' dir='ltr'>duoi</span> <span class='ocrx_word' id='word_1_120' title='bbox 453 1825 542 1894; x_wconf 85' lang='lat' dir='ltr'>tratri</span> <span class='ocrx_word' id='word_1_121' title='bbox 559 1829 681 1919; x_wconf 83' lang='lat' dir='ltr'>Gisele,</span> <span class='ocrx_word' id='word_1_122' title='bbox 702 1829 757 1916; x_wconf 89' lang='lat' dir='ltr'>qui</span> <span class='ocrx_word' id='word_1_123' title='bbox 774 1828 1169 1916; x_wconf 88' lang='lat' dir='ltr'>palaoiumSebipbirstat</span> 
     </span>
     <span class='ocr_line' id='line_1_20' title="bbox 44 1923 1169 2015; baseline 0.004 -24"><span class='ocrx_word' id='word_1_124' title='bbox 44 1923 188 2015; x_wconf 85' lang='lat' dir='ltr'>babebat,</span> <span class='ocrx_word' id='word_1_125' title='bbox 208 1926 243 1992; x_wconf 90' lang='lat' dir='ltr'>in</span> <span class='ocrx_word' id='word_1_126' title='bbox 261 1925 411 1994; x_wconf 90' lang='lat' dir='ltr'>omnibus</span> <span class='ocrx_word' id='word_1_127' title='bbox 425 1927 704 2014; x_wconf 84' lang='lat' dir='ltr'>possessionibus</span> <span class='ocrx_word' id='word_1_128' title='bbox 716 1925 996 2014; x_wconf 87' lang='lat' dir='ltr'>etprinoipatibus</span> <span class='ocrx_word' id='word_1_129' title='bbox 1014 1928 1086 1994; x_wconf 90' lang='lat' dir='ltr'>sitis</span> <span class='ocrx_word' id='word_1_130' title='bbox 1098 1929 1169 1996; x_wconf 89' lang='lat' dir='ltr'>suis</span> 
     </span>
     <span class='ocr_line' id='line_1_21' title="bbox 46 2025 1169 2112; baseline 0.004 -22"><span class='ocrx_word' id='word_1_131' title='bbox 46 2025 112 2109; x_wconf 85' lang='lat' dir='ltr'>quia</span> <span class='ocrx_word' id='word_1_132' title='bbox 133 2025 232 2112; x_wconf 91' lang='lat' dir='ltr'>prole</span> <span class='ocrx_word' id='word_1_133' title='bbox 260 2025 373 2092; x_wconf 89' lang='lat' dir='ltr'>oamit.</span> <span class='ocrx_word' id='word_1_134' title='bbox 401 2025 520 2094; x_wconf 88' lang='lat' dir='ltr'>Genito</span> <span class='ocrx_word' id='word_1_135' title='bbox 545 2025 700 2095; x_wconf 91' lang='lat' dir='ltr'>Heinrioo</span> <span class='ocrx_word' id='word_1_136' title='bbox 728 2026 962 2111; x_wconf 88' lang='lat' dir='ltr'>teroiovigilia</span> <span class='ocrx_word' id='word_1_137' title='bbox 980 2025 1169 2111; x_wconf 87' lang='lat' dir='ltr'>Margareto</span> 
     </span>
     <span class='ocr_line' id='line_1_22' title="bbox 46 2123 1264 2215; baseline 0.002 -26"><span class='ocrx_word' id='word_1_138' title='bbox 46 2123 137 2191; x_wconf 82' lang='lat' dir='ltr'>erexit</span> <span class='ocrx_word' id='word_1_139' title='bbox 161 2125 353 2212; x_wconf 85' lang='lat' dir='ltr'>primarium</span> <span class='ocrx_word' id='word_1_140' title='bbox 377 2123 520 2212; x_wconf 86' lang='lat' dir='ltr'>lapidem</span> <span class='ocrx_word' id='word_1_141' title='bbox 546 2124 718 2215; x_wconf 86' lang='lat' dir='ltr'>Limpuro‚</span> <span class='ocrx_word' id='word_1_142' title='bbox 745 2129 779 2192; x_wconf 88' lang='lat' dir='ltr'>et</span> <span class='ocrx_word' id='word_1_143' title='bbox 804 2125 935 2194; x_wconf 89' lang='lat' dir='ltr'>ieiunus</span> <span class='ocrx_word' id='word_1_144' title='bbox 954 2126 1045 2192; x_wconf 90' lang='lat' dir='ltr'>venit</span> <span class='ocrx_word' id='word_1_145' title='bbox 1063 2124 1169 2214; x_wconf 81' lang='lat' dir='ltr'>Spina,</span> <span class='ocrx_word' id='word_1_146' title='bbox 1262 2151 1264 2156; x_wconf 94' lang='lat'>·</span> 
     </span>
     <span class='ocr_line' id='line_1_23' title="bbox 46 2221 1170 2310; baseline 0.004 -23"><span class='ocrx_word' id='word_1_147' title='bbox 46 2228 73 2286; x_wconf 88' lang='lat' dir='ltr'>ot</span> <span class='ocrx_word' id='word_1_148' title='bbox 88 2223 192 2289; x_wconf 87' lang='lat' dir='ltr'>erexit</span> <span class='ocrx_word' id='word_1_149' title='bbox 210 2221 256 2288; x_wconf 92' lang='lat' dir='ltr'>ibi</span> <span class='ocrx_word' id='word_1_150' title='bbox 273 2223 458 2310; x_wconf 86' lang='lat' dir='ltr'>primarium</span> <span class='ocrx_word' id='word_1_151' title='bbox 476 2224 519 2294; x_wconf 90' lang='lat' dir='ltr'>nd</span> <span class='ocrx_word' id='word_1_152' title='bbox 536 2225 692 2292; x_wconf 90' lang='lat' dir='ltr'>maiorem</span> <span class='ocrx_word' id='word_1_153' title='bbox 710 2225 889 2298; x_wconf 80' lang='lat' dir='ltr'>eeclesiam</span> <span class='ocrx_word' id='word_1_154' title='bbox 907 2223 1000 2292; x_wconf 91' lang='lat' dir='ltr'>etad</span> <span class='ocrx_word' id='word_1_155' title='bbox 1018 2229 1170 2292; x_wconf 88' lang='lat' dir='ltr'>sanetum</span> 
     </span>
     <span class='ocr_line' id='line_1_24' title="bbox 46 2303 1170 2424; baseline 0.006 -39"><span class='ocrx_word' id='word_1_156' title='bbox 46 2318 225 2388; x_wconf 83' lang='lat' dir='ltr'>iohannem</span> <span class='ocrx_word' id='word_1_157' title='bbox 242 2322 501 2414; x_wconf 80' lang='lat' dir='ltr'>evangelistam,</span> <span class='ocrx_word' id='word_1_158' title='bbox 521 2328 554 2390; x_wconf 91' lang='lat' dir='ltr'>et</span> <span class='ocrx_word' id='word_1_159' title='bbox 570 2323 712 2410; x_wconf 84' lang='lat' dir='ltr'>reliquid</span> <span class='ocrx_word' id='word_1_160' title='bbox 729 2303 947 2424; x_wconf 46' lang='lat' dir='ltr'>imperfectas.)</span> <span class='ocrx_word' id='word_1_161' title='bbox 972 2320 1064 2402; x_wconf 86' lang='lat' dir='ltr'>Quas</span> <span class='ocrx_word' id='word_1_162' title='bbox 1083 2322 1170 2392; x_wconf 85' lang='lat' dir='ltr'>filius</span> 
     </span>
     <span class='ocr_line' id='line_1_25' title="bbox 46 2417 1170 2510; baseline 0.004 -26"><span class='ocrx_word' id='word_1_163' title='bbox 46 2417 185 2504; x_wconf 86' lang='lat' dir='ltr'>persenit.</span> <span class='ocrx_word' id='word_1_164' title='bbox 213 2417 351 2490; x_wconf 88' lang='lat' dir='ltr'>Amator</span> <span class='ocrx_word' id='word_1_165' title='bbox 377 2419 436 2490; x_wconf 91' lang='lat' dir='ltr'>luit</span> <span class='ocrx_word' id='word_1_166' title='bbox 455 2427 645 2490; x_wconf 82' lang='lat' dir='ltr'>sanatorum</span> <span class='ocrx_word' id='word_1_167' title='bbox 669 2428 702 2490; x_wconf 96' lang='lat' dir='ltr'>et</span> <span class='ocrx_word' id='word_1_168' title='bbox 720 2417 934 2510; x_wconf 82' lang='lat' dir='ltr'>ooliportator</span> <span class='ocrx_word' id='word_1_169' title='bbox 951 2422 1170 2509; x_wconf 79' lang='lat' dir='ltr'>reliquiarum.</span> 
     </span>
     <span class='ocr_line' id='line_1_26' title="bbox 47 2516 1171 2608; baseline 0.003 -25"><span class='ocrx_word' id='word_1_170' title='bbox 47 2516 265 2586; x_wconf 87' lang='lat' dir='ltr'>lbeoderious</span> <span class='ocrx_word' id='word_1_171' title='bbox 284 2521 463 2608; x_wconf 86' lang='lat' dir='ltr'>episeopus</span> <span class='ocrx_word' id='word_1_172' title='bbox 482 2520 669 2588; x_wconf 90' lang='lat' dir='ltr'>blethonsis</span> <span class='ocrx_word' id='word_1_173' title='bbox 688 2521 774 2588; x_wconf 86' lang='lat' dir='ltr'>lilius</span> <span class='ocrx_word' id='word_1_174' title='bbox 793 2522 919 2588; x_wconf 92' lang='lat' dir='ltr'>sororis</span> <span class='ocrx_word' id='word_1_175' title='bbox 931 2520 1171 2588; x_wconf 90' lang='lat' dir='ltr'>suebraobiurn</span> 
     </span>
     <span class='ocr_line' id='line_1_27' title="bbox 46 2617 1171 2708; baseline 0.004 -26"><span class='ocrx_word' id='word_1_176' title='bbox 46 2621 150 2684; x_wconf 81' lang='lat' dir='ltr'>sanate</span> <span class='ocrx_word' id='word_1_177' title='bbox 168 2617 275 2685; x_wconf 88' lang='lat' dir='ltr'>Lueio</span> <span class='ocrx_word' id='word_1_178' title='bbox 295 2617 385 2706; x_wconf 86' lang='lat' dir='ltr'>quod</span> <span class='ocrx_word' id='word_1_179' title='bbox 404 2625 457 2686; x_wconf 90' lang='lat' dir='ltr'>est</span> <span class='ocrx_word' id='word_1_180' title='bbox 478 2619 632 2708; x_wconf 86' lang='lat' dir='ltr'>Limpura</span> <span class='ocrx_word' id='word_1_181' title='bbox 651 2620 789 2688; x_wconf 83' lang='lat' dir='ltr'>eontulit</span> <span class='ocrx_word' id='word_1_182' title='bbox 807 2619 887 2708; x_wconf 90' lang='lat' dir='ltr'>sibi,</span> <span class='ocrx_word' id='word_1_183' title='bbox 914 2636 996 2704; x_wconf 90' lang='lat' dir='ltr'>ergo</span> <span class='ocrx_word' id='word_1_184' title='bbox 1015 2619 1171 2686; x_wconf 88' lang='lat' dir='ltr'>lamiliam</span> 
     </span>
     <span class='ocr_line' id='line_1_28' title="bbox 48 2715 506 2786; baseline 0.007 -5"><span class='ocrx_word' id='word_1_185' title='bbox 48 2731 130 2782; x_wconf 88' lang='lat' dir='ltr'>suam</span> <span class='ocrx_word' id='word_1_186' title='bbox 148 2715 244 2784; x_wconf 86' lang='lat' dir='ltr'>dedit</span> <span class='ocrx_word' id='word_1_187' title='bbox 261 2722 377 2784; x_wconf 84' lang='lat' dir='ltr'>saneto</span> <span class='ocrx_word' id='word_1_188' title='bbox 394 2717 506 2786; x_wconf 86' lang='lat' dir='ltr'>Lunie.</span> 
     </span>
    </p>

    <p class='ocr_par' dir='ltr' id='par_1_4' title="bbox 38 2815 1404 4288">
     <span class='ocr_line' id='line_1_29' title="bbox 87 2815 1404 2922; baseline 0.001 -40"><span class='ocrx_word' id='word_1_189' title='bbox 87 2816 194 2908; x_wconf 89' lang='lat' dir='ltr'>Post</span> <span class='ocrx_word' id='word_1_190' title='bbox 215 2816 305 2884; x_wconf 91' lang='lat' dir='ltr'>huno</span> <span class='ocrx_word' id='word_1_191' title='bbox 328 2816 503 2884; x_wconf 90' lang='lat' dir='ltr'>Heinrious</span> <span class='ocrx_word' id='word_1_192' title='bbox 529 2819 605 2906; x_wconf 91' lang='lat' dir='ltr'>pius</span> <span class='ocrx_word' id='word_1_193' title='bbox 631 2816 686 2884; x_wconf 91' lang='lat' dir='ltr'>vel</span> <span class='ocrx_word' id='word_1_194' title='bbox 711 2817 808 2904; x_wconf 89' lang='lat' dir='ltr'>nigor</span> <span class='ocrx_word' id='word_1_195' title='bbox 834 2815 919 2884; x_wconf 87' lang='lat' dir='ltr'>filius</span> <span class='ocrx_word' id='word_1_196' title='bbox 939 2816 1011 2882; x_wconf 86' lang='lat' dir='ltr'>eius</span> <span class='ocrx_word' id='word_1_197' title='bbox 1030 2818 1086 2904; x_wconf 86' lang='lat' dir='ltr'>qui</span> <span class='ocrx_word' id='word_1_198' title='bbox 1105 2822 1200 2884; x_wconf 64' lang='lat' dir='ltr'>tros‘</span> <span class='ocrx_word' id='word_1_199' title='bbox 1296 2825 1373 2922; x_wconf 38' lang='lat' dir='ltr'>pff</span> <span class='ocrx_word' id='word_1_200' title='bbox 1397 2853 1404 2865; x_wconf 82' lang='lat'>·</span> 
     </span>
     <span class='ocr_line' id='line_1_30' title="bbox 49 2909 1353 3004; baseline 0.004 -27"><span class='ocrx_word' id='word_1_201' title='bbox 49 2909 180 2982; x_wconf 87' lang='lat' dir='ltr'>labrioes</span> <span class='ocrx_word' id='word_1_202' title='bbox 205 2915 309 3002; x_wconf 90' lang='lat' dir='ltr'>patris</span> <span class='ocrx_word' id='word_1_203' title='bbox 333 2915 473 3003; x_wconf 84' lang='lat' dir='ltr'>persenit</span> <span class='ocrx_word' id='word_1_204' title='bbox 497 2915 591 3004; x_wconf 86' lang='lat' dir='ltr'>Spire</span> <span class='ocrx_word' id='word_1_205' title='bbox 617 2920 650 2982; x_wconf 91' lang='lat' dir='ltr'>et</span> <span class='ocrx_word' id='word_1_206' title='bbox 672 2913 836 3004; x_wconf 78' lang='lat' dir='ltr'>bimpnro.</span> <span class='ocrx_word' id='word_1_207' title='bbox 863 2915 944 2982; x_wconf 90' lang='lat' dir='ltr'>Post</span> <span class='ocrx_word' id='word_1_208' title='bbox 960 2913 1048 2982; x_wconf 92' lang='lat' dir='ltr'>buno</span> <span class='ocrx_word' id='word_1_209' title='bbox 1066 2911 1170 2982; x_wconf 93' lang='lat' dir='ltr'>Hein-</span> <span class='ocrx_word' id='word_1_210' title='bbox 1349 2910 1353 2920; x_wconf 86' lang='lat'>&#39;</span> 
     </span>
     <span class='ocr_line' id='line_1_31' title="bbox 50 3012 1364 3104; baseline 0.003 -28"><span class='ocrx_word' id='word_1_211' title='bbox 50 3012 125 3082; x_wconf 88' lang='lat' dir='ltr'>rious</span> <span class='ocrx_word' id='word_1_212' title='bbox 144 3015 260 3082; x_wconf 92' lang='lat' dir='ltr'>senior</span> <span class='ocrx_word' id='word_1_213' title='bbox 277 3013 363 3082; x_wconf 89' lang='lat' dir='ltr'>lrlius</span> <span class='ocrx_word' id='word_1_214' title='bbox 382 3015 454 3082; x_wconf 90' lang='lat' dir='ltr'>eius</span> <span class='ocrx_word' id='word_1_215' title='bbox 464 3067 473 3103; x_wconf 90' lang='lat'><em>‚</em></span> <span class='ocrx_word' id='word_1_216' title='bbox 494 3015 549 3102; x_wconf 85' lang='lat' dir='ltr'>qui</span> <span class='ocrx_word' id='word_1_217' title='bbox 568 3015 810 3102; x_wconf 83' lang='lat' dir='ltr'>quinquaginta</span> <span class='ocrx_word' id='word_1_218' title='bbox 828 3015 924 3082; x_wconf 89' lang='lat' dir='ltr'>annis</span> <span class='ocrx_word' id='word_1_219' title='bbox 943 3015 1110 3104; x_wconf 87' lang='lat' dir='ltr'>regnavit,</span> <span class='ocrx_word' id='word_1_220' title='bbox 1138 3021 1171 3081; x_wconf 95' lang='lat' dir='ltr'>et</span> <span class='ocrx_word' id='word_1_221' title='bbox 1244 3034 1250 3060; x_wconf 56' lang='grc' dir='ltr'>ι·</span> <span class='ocrx_word' id='word_1_222' title='bbox 1269 3045 1274 3054; x_wconf 85' lang='lat'><em>·</em></span> <span class='ocrx_word' id='word_1_223' title='bbox 1338 3047 1342 3056; x_wconf 77' lang='lat'><em>,</em></span> <span class='ocrx_word' id='word_1_224' title='bbox 1361 3045 1364 3052; x_wconf 71' lang='lat'><em>=</em></span> 
     </span>
     <span class='ocr_line' id='line_1_32' title="bbox 51 3111 1170 3205; baseline 0.004 -30"><span class='ocrx_word' id='word_1_225' title='bbox 51 3112 159 3179; x_wconf 87' lang='lat' dir='ltr'>scisma</span> <span class='ocrx_word' id='word_1_226' title='bbox 178 3130 254 3180; x_wconf 92' lang='lat' dir='ltr'>oum</span> <span class='ocrx_word' id='word_1_227' title='bbox 271 3113 402 3184; x_wconf 85' lang='lat' dir='ltr'>Pasoali</span> <span class='ocrx_word' id='word_1_228' title='bbox 419 3131 507 3205; x_wconf 88' lang='lat' dir='ltr'>papa</span> <span class='ocrx_word' id='word_1_229' title='bbox 524 3113 647 3198; x_wconf 82' lang='lat' dir='ltr'>babuit.</span> <span class='ocrx_word' id='word_1_230' title='bbox 673 3113 755 3182; x_wconf 91' lang='lat' dir='ltr'>Post</span> <span class='ocrx_word' id='word_1_231' title='bbox 771 3114 860 3182; x_wconf 91' lang='lat' dir='ltr'>hune</span> <span class='ocrx_word' id='word_1_232' title='bbox 877 3111 1052 3181; x_wconf 89' lang='lat' dir='ltr'>Heinrious</span> <span class='ocrx_word' id='word_1_233' title='bbox 1071 3113 1170 3200; x_wconf 87' lang='lat' dir='ltr'>quin-</span> 
     </span>
     <span class='ocr_line' id='line_1_33' title="bbox 50 3190 1170 3308; baseline 0.004 -35"><span class='ocrx_word' id='word_1_234' title='bbox 50 3214 93 3276; x_wconf 91' lang='lat' dir='ltr'>tus</span> <span class='ocrx_word' id='word_1_235' title='bbox 117 3211 205 3280; x_wconf 88' lang='lat' dir='ltr'>lilius</span> <span class='ocrx_word' id='word_1_236' title='bbox 231 3212 314 3280; x_wconf 86' lang='lat' dir='ltr'>eius.</span> <span class='ocrx_word' id='word_1_237' title='bbox 341 3209 405 3292; x_wconf 85' lang='lat' dir='ltr'>Qui</span> <span class='ocrx_word' id='word_1_238' title='bbox 430 3190 582 3308; x_wconf 58' lang='lat' dir='ltr'>tres‘bli‘n</span> <span class='ocrx_word' id='word_1_239' title='bbox 601 3211 750 3302; x_wconf 54' lang='lat' dir='ltr'>babuit,</span> <span class='ocrx_word' id='word_1_240' title='bbox 779 3229 862 3300; x_wconf 86' lang='lat' dir='ltr'>quas</span> <span class='ocrx_word' id='word_1_241' title='bbox 881 3211 1102 3300; x_wconf 91' lang='lat' dir='ltr'>desponsavit</span> <span class='ocrx_word' id='word_1_242' title='bbox 1119 3211 1170 3278; x_wconf 89' lang='lat' dir='ltr'>vi-</span> 
     </span>
     <span class='ocr_line' id='line_1_34' title="bbox 50 3231 1259 3418; baseline 0.002 -45"><span class='ocrx_word' id='word_1_243' title='bbox 50 3325 138 3400; x_wconf 83' lang='lat' dir='ltr'>vens,</span> <span class='ocrx_word' id='word_1_244' title='bbox 157 3329 260 3378; x_wconf 88' lang='lat' dir='ltr'>unam</span> <span class='ocrx_word' id='word_1_245' title='bbox 279 3309 355 3379; x_wconf 89' lang='lat' dir='ltr'>duoi</span> <span class='ocrx_word' id='word_1_246' title='bbox 373 3231 785 3418; x_wconf 51' lang='lat' dir='ltr'>Saxonieffli{lf})fflteram</span> <span class='ocrx_word' id='word_1_247' title='bbox 799 3309 953 3379; x_wconf 87' lang='lat' dir='ltr'>Cunrado</span> <span class='ocrx_word' id='word_1_248' title='bbox 967 3309 1042 3378; x_wconf 90' lang='lat' dir='ltr'>duoi</span> <span class='ocrx_word' id='word_1_249' title='bbox 1057 3310 1169 3378; x_wconf 88' lang='lat' dir='ltr'>orion·</span> <span class='ocrx_word' id='word_1_250' title='bbox 1256 3354 1259 3362; x_wconf 32' lang='grc' dir='ltr'><strong><em>ι</em></strong></span> 
     </span>
     <span class='ocr_line' id='line_1_35' title="bbox 50 3407 1169 3500; baseline 0.003 -30"><span class='ocrx_word' id='word_1_251' title='bbox 50 3407 113 3476; x_wconf 86' lang='lat' dir='ltr'>talis</span> <span class='ocrx_word' id='word_1_252' title='bbox 137 3408 277 3478; x_wconf 82' lang='lat' dir='ltr'>Praneie</span> <span class='ocrx_word' id='word_1_253' title='bbox 303 3407 344 3476; x_wconf 91' lang='lat' dir='ltr'>de</span> <span class='ocrx_word' id='word_1_254' title='bbox 367 3409 563 3500; x_wconf 82' lang='lat' dir='ltr'>Rotinburo,</span> <span class='ocrx_word' id='word_1_255' title='bbox 589 3410 725 3478; x_wconf 84' lang='lat' dir='ltr'>terciam</span> <span class='ocrx_word' id='word_1_256' title='bbox 749 3409 914 3480; x_wconf 88' lang='lat' dir='ltr'>Friderioo</span> <span class='ocrx_word' id='word_1_257' title='bbox 941 3408 1017 3476; x_wconf 91' lang='lat' dir='ltr'>duoi</span> <span class='ocrx_word' id='word_1_258' title='bbox 1036 3408 1169 3476; x_wconf 90' lang='lat' dir='ltr'>Swevie</span> 
     </span>
     <span class='ocr_line' id='line_1_36' title="bbox 38 3479 1295 3596; baseline 0.001 -26"><span class='ocrx_word' id='word_1_259' title='bbox 38 3507 216 3576; x_wconf 69' lang='lat' dir='ltr'>&#39;nonooulo</span> <span class='ocrx_word' id='word_1_260' title='bbox 236 3507 279 3576; x_wconf 89' lang='lat' dir='ltr'>de</span> <span class='ocrx_word' id='word_1_261' title='bbox 298 3507 427 3576; x_wconf 88' lang='lat' dir='ltr'>Stboul.</span> <span class='ocrx_word' id='word_1_262' title='bbox 454 3508 530 3596; x_wconf 93' lang='lat' dir='ltr'>lpse</span> <span class='ocrx_word' id='word_1_263' title='bbox 549 3479 1014 3596; x_wconf 62' lang='lat' dir='ltr'>antediiinperatonbabebat</span> <span class='ocrx_word' id='word_1_264' title='bbox 1031 3509 1065 3573; x_wconf 96' lang='lat' dir='ltr'>in</span> <span class='ocrx_word' id='word_1_265' title='bbox 1082 3523 1170 3572; x_wconf 87' lang='lat' dir='ltr'>uxo·</span> <span class='ocrx_word' id='word_1_266' title='bbox 1234 3508 1237 3516; x_wconf 86' lang='lat'><em>&#39;</em></span> <span class='ocrx_word' id='word_1_267' title='bbox 1292 3515 1295 3522; x_wconf 88' lang='grc'>’</span> 
     </span>
     <span class='ocr_line' id='line_1_37' title="bbox 50 3606 1171 3676; baseline 0.002 -8"><span class='ocrx_word' id='word_1_268' title='bbox 50 3621 105 3672; x_wconf 89' lang='lat' dir='ltr'>rem</span> <span class='ocrx_word' id='word_1_269' title='bbox 123 3625 274 3676; x_wconf 93' lang='lat' dir='ltr'>sororem</span> <span class='ocrx_word' id='word_1_270' title='bbox 291 3607 459 3675; x_wconf 88' lang='lat' dir='ltr'>Wellonis</span> <span class='ocrx_word' id='word_1_271' title='bbox 478 3606 573 3676; x_wconf 89' lang='lat' dir='ltr'>dueis</span> <span class='ocrx_word' id='word_1_272' title='bbox 592 3607 796 3676; x_wconf 89' lang='lat' dir='ltr'>Norieorum.</span> <span class='ocrx_word' id='word_1_273' title='bbox 822 3607 902 3674; x_wconf 90' lang='lat' dir='ltr'>Post</span> <span class='ocrx_word' id='word_1_274' title='bbox 925 3606 1012 3674; x_wconf 90' lang='lat' dir='ltr'>buno</span> <span class='ocrx_word' id='word_1_275' title='bbox 1030 3621 1171 3672; x_wconf 83' lang='lat' dir='ltr'>strenes-</span> 
     </span>
     <span class='ocr_line' id='line_1_38' title="bbox 53 3703 1230 3794; baseline 0.003 -27"><span class='ocrx_word' id='word_1_276' title='bbox 53 3703 87 3768; x_wconf 89' lang='lat' dir='ltr'>sit</span> <span class='ocrx_word' id='word_1_277' title='bbox 101 3704 265 3774; x_wconf 92' lang='lat' dir='ltr'>Lutherus</span> <span class='ocrx_word' id='word_1_278' title='bbox 286 3705 375 3774; x_wconf 87' lang='lat' dir='ltr'>Saxo</span> <span class='ocrx_word' id='word_1_279' title='bbox 394 3705 585 3794; x_wconf 82' lang='lat' dir='ltr'>grandevus</span> <span class='ocrx_word' id='word_1_280' title='bbox 613 3707 694 3794; x_wconf 86' lang='lat' dir='ltr'>quia</span> <span class='ocrx_word' id='word_1_281' title='bbox 708 3705 782 3774; x_wconf 87' lang='lat' dir='ltr'>filiis</span> <span class='ocrx_word' id='word_1_282' title='bbox 802 3703 924 3794; x_wconf 71' lang='lat' dir='ltr'>earuit&#39;,</span> <span class='ocrx_word' id='word_1_283' title='bbox 952 3712 985 3770; x_wconf 92' lang='lat' dir='ltr'>et</span> <span class='ocrx_word' id='word_1_284' title='bbox 1004 3704 1172 3792; x_wconf 88' lang='lat' dir='ltr'>oppressit</span> <span class='ocrx_word' id='word_1_285' title='bbox 1223 3718 1230 3744; x_wconf 74' lang='lat'><em>‘</em></span> 
     </span>
     <span class='ocr_line' id='line_1_39' title="bbox 52 3801 1171 3900; baseline 0.003 -33"><span class='ocrx_word' id='word_1_286' title='bbox 52 3805 263 3892; x_wconf 85' lang='lat' dir='ltr'>genealoyam</span> <span class='ocrx_word' id='word_1_287' title='bbox 287 3805 408 3900; x_wconf 88' lang='lat' dir='ltr'>llaroli.</span> <span class='ocrx_word' id='word_1_288' title='bbox 444 3805 566 3890; x_wconf 87' lang='lat' dir='ltr'>Contra</span> <span class='ocrx_word' id='word_1_289' title='bbox 593 3823 691 3892; x_wconf 86' lang='lat' dir='ltr'>quem</span> <span class='ocrx_word' id='word_1_290' title='bbox 717 3804 823 3874; x_wconf 86' lang='lat' dir='ltr'>erexit</span> <span class='ocrx_word' id='word_1_291' title='bbox 847 3821 884 3872; x_wconf 86' lang='lat' dir='ltr'>se</span> <span class='ocrx_word' id='word_1_292' title='bbox 912 3801 1084 3872; x_wconf 81' lang='lat' dir='ltr'>Corradus</span> <span class='ocrx_word' id='word_1_293' title='bbox 1104 3801 1171 3870; x_wconf 84' lang='lat' dir='ltr'>dux</span> 
     </span>
     <span class='ocr_line' id='line_1_40' title="bbox 53 3897 1172 3994; baseline 0.003 -28"><span class='ocrx_word' id='word_1_294' title='bbox 53 3897 86 3966; x_wconf 91' lang='lat' dir='ltr'>de</span> <span class='ocrx_word' id='word_1_295' title='bbox 100 3901 319 3994; x_wconf 85' lang='lat' dir='ltr'>Rotbinburo,</span> <span class='ocrx_word' id='word_1_296' title='bbox 339 3901 425 3971; x_wconf 78' lang='lat' dir='ltr'>lilius</span> <span class='ocrx_word' id='word_1_297' title='bbox 445 3903 510 3972; x_wconf 90' lang='lat' dir='ltr'>lrlie</span> <span class='ocrx_word' id='word_1_298' title='bbox 528 3903 735 3992; x_wconf 82' lang='lat' dir='ltr'>imperatoris</span> <span class='ocrx_word' id='word_1_299' title='bbox 753 3901 792 3970; x_wconf 90' lang='lat' dir='ltr'>H.</span> <span class='ocrx_word' id='word_1_300' title='bbox 811 3903 851 3970; x_wconf 88' lang='lat' dir='ltr'>Et</span> <span class='ocrx_word' id='word_1_301' title='bbox 867 3902 1033 3992; x_wconf 85' lang='lat' dir='ltr'>Luthorus</span> <span class='ocrx_word' id='word_1_302' title='bbox 1053 3901 1172 3970; x_wconf 89' lang='lat' dir='ltr'>eodem</span> 
     </span>
     <span class='ocr_line' id='line_1_41' title="bbox 54 3977 1171 4088; baseline 0.005 -27"><span class='ocrx_word' id='word_1_303' title='bbox 54 4014 128 4068; x_wconf 88' lang='lat' dir='ltr'>arrno</span> <span class='ocrx_word' id='word_1_304' title='bbox 146 4008 294 4070; x_wconf 90' lang='lat' dir='ltr'>mortuus</span> <span class='ocrx_word' id='word_1_305' title='bbox 314 4009 376 4070; x_wconf 86' lang='lat' dir='ltr'>est.</span> <span class='ocrx_word' id='word_1_306' title='bbox 403 3977 780 4088; x_wconf 74' lang='lat' dir='ltr'>Qaltbbibtusnome</span> <span class='ocrx_word' id='word_1_307' title='bbox 798 4002 832 4068; x_wconf 94' lang='lat' dir='ltr'>in</span> <span class='ocrx_word' id='word_1_308' title='bbox 846 3983 1099 4070; x_wconf 75' lang='lat' dir='ltr'>consectatione</span> <span class='ocrx_word' id='word_1_309' title='bbox 1111 4019 1171 4068; x_wconf 87' lang='lat' dir='ltr'>suo</span> 
     </span>
     <span class='ocr_line' id='line_1_42' title="bbox 53 4080 1170 4189; baseline 0.001 -26"><span class='ocrx_word' id='word_1_310' title='bbox 53 4100 140 4180; x_wconf 86' lang='lat' dir='ltr'>periit.</span> <span class='ocrx_word' id='word_1_311' title='bbox 178 4080 623 4170; x_wconf 60' lang='lat' dir='ltr'>Cui⁹suooossit‘Friderious</span> <span class='ocrx_word' id='word_1_312' title='bbox 643 4101 730 4168; x_wconf 90' lang='lat' dir='ltr'>lrlius</span> <span class='ocrx_word' id='word_1_313' title='bbox 750 4081 1057 4189; x_wconf 48' lang='lat' dir='ltr'>monooulislrater</span> <span class='ocrx_word' id='word_1_314' title='bbox 1076 4099 1170 4167; x_wconf 84' lang='lat' dir='ltr'>dunis</span> 
     </span>
     <span class='ocr_line' id='line_1_43' title="bbox 53 4194 1169 4288; baseline 0.002 -28"><span class='ocrx_word' id='word_1_315' title='bbox 53 4194 180 4268; x_wconf 86' lang='lat' dir='ltr'>Svevie.</span> <span class='ocrx_word' id='word_1_316' title='bbox 217 4198 276 4268; x_wconf 84' lang='lat' dir='ltr'>Cui</span> <span class='ocrx_word' id='word_1_317' title='bbox 295 4201 459 4269; x_wconf 88' lang='lat' dir='ltr'>suooossit</span> <span class='ocrx_word' id='word_1_318' title='bbox 485 4201 661 4270; x_wconf 88' lang='lat' dir='ltr'>Heinrious</span> <span class='ocrx_word' id='word_1_319' title='bbox 687 4201 862 4288; x_wconf 84' lang='lat' dir='ltr'>imperator·</span> <span class='ocrx_word' id='word_1_320' title='bbox 887 4199 1074 4267; x_wconf 83' lang='lat' dir='ltr'>filiuseius.</span> <span class='ocrx_word' id='word_1_321' title='bbox 1111 4196 1169 4264; x_wconf 86' lang='lat' dir='ltr'>Cui</span> 
     </span>
    </p>
   </div>
   <div class='ocr_carea' id='block_1_2' title="bbox 0 0 1452 4834">
    <p class='ocr_par' dir='ltr' id='par_1_5' title="bbox 0 0 1452 4834">
     <span class='ocr_line' id='line_1_44' title="bbox 0 0 1452 4834; baseline 0 0"><span class='ocrx_word' id='word_1_322' title='bbox 0 0 1452 4834; x_wconf 95' lang='lat' dir='ltr'> </span> 
     </span>
    </p>
   </div>
  </div>
 </body>
</html>
