2888 4824
406 231 447 280 ux
466 231 603 280 rourum.
617 233 654 280 ur
676 231 762 282 arm.
1081 205 1149 275 bil

24 370 210 441 distractus
229 369 303 462 luit,
321 376 481 458 quantum
500 372 601 460 paulo
622 372 715 461 prius
732 389 793 461 per
814 369 982 446 dominum
1000 368 1157 442 Ottonem

23 472 171 556 gloriose
202 471 396 539 sublimatus
422 467 492 538 luit.
525 471 720 540 Proviscms
746 475 855 539 autem
878 471 1033 562 ecclesie,
1054 473 1157 541 totius

23 571 240 658 episcopatus
257 570 388 638 utilitati
408 568 549 638 fideliter
563 568 787 660 intendentes,
801 569 1076 650 coadunaverunt
1093 589 1157 658 ge·-

22 669 129 738 ueralc
150 669 348 757 capitulum,
367 673 403 736 ut
421 667 464 736 de
482 667 572 737 bono
591 673 680 736 statu
697 675 783 736 tarro
802 675 981 738 tractarent
995 670 1157 756 generale

23 768 236 854 colloquium.
255 767 491 836 Convenerunt
508 768 595 834 enirn
613 766 757 835 adhunc
775 768 941 856 synodum
958 768 1157 838 Wilbelmus

22 866 247 934 Romanorum
271 885 330 934 rex
347 867 524 954 egregius,
543 865 697 935 dominus
715 865 893 936 cardinalis
911 867 1027 936 Petrus
1046 867 1158 956 Capu·-

23 967 82 1032 tius
99 971 133 1032 et
147 963 326 1033 Comedus
341 963 552 1034 Coloniensis
566 965 849 1054 archiepiscopus.
868 967 906 1034 ln
923 983 1060 1054 quorum
1077 983 1158 1054 pre-

24 1065 127 1130 sentia
147 1063 320 1132 Gcsvinus
338 1063 467 1132 electus
492 1069 607 1131 astans
626 1063 743 1134 honori
761 1066 865 1132 cessit
884 1071 917 1132 et
934 1066 1027 1132 oneri
1036 1117 1046 1155 ,
1064 1083 1106 1132 ao
1122 1065 1157 1132 in

26 1181 136 1230 manus
154 1164 251 1248 regis
269 1169 303 1230 et
320 1161 497 1230 cardinalis
524 1165 731 1232 renunciavit
748 1163 968 1253 episcopatui.
993 1163 1156 1232 Dominus

24 1269 128 1329 autem
149 1261 330 1330 cardinalis
349 1260 391 1328 ad
408 1261 670 1350 postulationem
688 1261 931 1351 archiepiscopi
944 1262 1156 1332 Coloniensis

26 1366 143 1428 extunc
171 1360 363 1428 Heinricum
384 1360 426 1428 de
443 1359 575 1447 Vigcna
593 1361 779 1429 cathedrari
795 1361 910 1451 iussit,
928 1362 984 1428 cui
1009 1362 1157 1430 similiter

26 1467 54 1526 et
69 1461 142 1547 ipse
166 1477 228 1526 rex
250 1477 310 1548 per
330 1460 532 1548 pastoralem
557 1459 711 1527 baculum
731 1465 764 1527 et
785 1461 960 1550 annulum,
985 1465 1157 1550 tempora-

27 1560 83 1624 lem
99 1557 364 1627 iurisdictionem
383 1557 485 1626 dedit.
509 1558 582 1628 Fuit
599 1560 720 1626 etenim
737 1557 912 1628 Heinrious
930 1559 1080 1628 eiusdem
1098 1577 1157 1628 ar-

27 1657 231 1746 chiepiscopi
248 1659 541 1748 consanguinem,
559 1658 608 1724 vir
625 1657 760 1726 illustris
778 1664 811 1725 et
831 1663 993 1727 constans
1010 1663 1042 1726 et
1058 1677 1157 1745 mag-

28 1757 194 1846 nanimus,
221 1773 261 1824 ac
287 1755 433 1824 ecclesie
460 1753 674 1825 Coloniensis
700 1756 972 1847 archidiaconus,
998 1775 1059 1846 pro
1088 1775 1156 1844 quo

28 1861 110 1922 totus
126 1856 347 1944 episcopatus
362 1855 388 1922 T
392 1856 588 1923 raiectcnsis
609 1856 743 1924 nimium
761 1857 922 1924 exultavit
938 1860 1059 1924 etcum
1075 1873 1156 1943 gra·

30 1953 135 2021 tiaram
150 1954 288 2022 actione
307 1953 372 2022 deo
389 1953 452 2021 celi
473 1953 690 2038 devotissime
710 1953 891 2024 benedixit.
933 1957 936 1963 ’

93 2051 274 2120 Heindous
293 2055 406 2140 itaque
428 2053 759 2122 tricesimusoctavus
774 2053 947 2122 ordinatus
964 2053 1155 2144 episcopua,

33 2153 140 2236 pueris
159 2152 392 2220 ecclesiastica
406 2153 589 2220 ministeria
605 2152 662 2240 pia
672 2152 883 2222 solicitudine
899 2151 1074 2221 sublimare
1084 2158 1158 2220 stu-

31 2248 104 2339 duit,
122 2251 339 2318 uihilomiuus
358 2256 391 2318 et
404 2251 598 2339 temporalia
612 2252 684 2319 iura
697 2257 833 2320 strenua
849 2251 1014 2340 probitate
1029 2251 1157 2338 guber·

33 2366 100 2415 uara
114 2349 297 2438 disposuit.
325 2348 392 2417 Sed
405 2350 489 2418 livor
503 2355 536 2417 et
549 2347 733 2436 indignatio
748 2349 956 2421 dominorum
972 2350 1015 2418 de
1028 2349 1158 2418 Amstel

34 2454 61 2512 ct
69 2446 107 2514 de
122 2447 522 2516 Woerdenvehcmenter
537 2448 729 2518 inflammavi
739 2448 999 2538 cepitadversus
1014 2449 1157 2516 eundem

35 2547 350 2637 episcopum,proeo
361 2546 842 2637 quodGosvinuspropinquus
853 2547 1157 2638 eorumdestitutus

35 2650 116 2711 esset
131 2665 194 2733 per
213 2646 373 2731 generale
392 2646 580 2734 capitulum.
608 2645 671 2727 Qui
690 2648 928 2736 conspiratoric
948 2647 1059 2715 comiti
1077 2646 1158 2714 Gel-

36 2741 94 2810 drie
116 2744 258 2812 federati
278 2750 382 2812 totum
399 2747 630 2833 episcopatum
650 2744 797 2814 assiduis
811 2745 1089 2834 perturbaverunt
1102 2746 1157 2812 iu-

35 2843 237 2912 cursionibus
246 2895 256 2932 ,
275 2842 394 2930 quibus
414 2843 592 2912 Heinricus
608 2845 743 2912 viriliter
760 2862 798 2912 se
812 2844 971 2934 opposuit
990 2861 1064 2912 cum
1081 2844 1157 2931 ‹pui-

36 2937 163 3009 busdam
186 2943 256 3010 suis
275 2943 556 3010 ministerialibus.
582 2943 737 3031 Denique
754 2949 833 3032 post
849 2943 969 3011 multas
990 2943 1157 3010 incursic-

36 3055 88 3105 ues
109 3039 281 3109 definitum
300 3047 369 3130 est,
387 3045 424 3110 ut
440 3047 581 3129 utraque
602 3059 679 3131 pars
703 3043 737 3110 in
755 3041 898 3130 planicie
915 3041 1158 3130 pratorumvi-

37 3139 164 3206 rentium
183 3140 379 3208 conveniret
394 3139 437 3208 ad
453 3140 575 3209 bellum
597 3146 800 3230 campestre,
821 3146 854 3210 et
874 3140 997 3210 ibidem
1015 3139 1077 3210 sub
1102 3140 1157 3209 die

38 3233 241 3307 deteuniuata
264 3256 325 3326 pro
345 3255 470 3308 corona
484 3239 623 3308 victorie
644 3239 864 3308 decertarent.
889 3240 1024 3309 Ilomiui
1047 3240 1158 3326 siqui-

40 3332 102 3402 dem
125 3335 166 3404 do
187 3335 315 3405 Amstcl
337 3343 372 3404 et
385 3337 427 3406 de
443 3337 487 3404 W
490 3337 615 3408 oerden
635 3339 814 3408 contractis
832 3338 1055 3426 undecunque
1071 3337 1158 3405 mul-

40 3432 74 3500 tis
85 3435 313 3521 preliatcribus
327 3437 361 3502 in
372 3454 495 3523 magna
510 3437 665 3526 superbia
680 3436 886 3523 devenerunt
902 3437 944 3504 ad
958 3437 1069 3505 locum
1083 3454 1158 3504 oer-

42 3534 169 3625 taminis,
187 3540 225 3603 ut
241 3535 320 3602 totis
333 3535 457 3604 viribus
474 3535 697 3604 disturbarent
711 3537 888 3604 exercitum
907 3535 1053 3603 Heinrici
1069 3551 1158 3623 pon·

41 3629 134 3700 tiliois.
159 3633 303 3702 Eoontra
320 3652 399 3702 vero
416 3635 481 3716 iam
495 3634 603 3702 dictus
621 3636 801 3724 episcopus
817 3634 964 3703 vasallos
982 3651 1064 3703 suos
1084 3651 1158 3705 oum

43 3724 251 3816 burgensibus
270 3731 411 3800 fideliter
428 3731 616 3823 admonuit,
636 3739 669 3802 et
686 3734 908 3820 arrogantiam
925 3733 1053 3800 illorum
1070 3731 1159 3801 duc-

42 3843 101 3895 rum
118 3837 271 3918 potenter
285 3830 440 3900 edomare
458 3831 633 3920 disposuit.
661 3830 740 3900 Cum
765 3834 878 3919 itaque
897 3830 1061 3919 preliandi
1084 3831 1159 3900 dies

44 3924 96 3992 iam
118 3930 272 4019 instaret,
298 3936 335 3998 ut
361 3929 449 4000 idem
476 3933 656 4020 episcopus
683 3948 756 3999 cum
785 3949 848 4000 suo
875 3931 1022 3999 exercitu
1048 3931 1159 4000 locam

46 4029 214 4096 certaminis
241 4029 361 4118 adiret,
392 4029 606 4098 Coloniensis
637 4029 911 4119 archiepiscopus
938 4029 1057 4098 diebus
1091 4029 1158 4098 illis

46 4123 176 4196 existens
194 4129 228 4196 iu
247 4129 400 4198 Treiecto
418 4129 599 4217 pretiosum
617 4129 774 4197 anurdum
797 4128 890 4198 dedit
906 4127 1051 4197 Henrico
1069 4145 1157 4216 pcn-

45 4219 124 4313 tlioi,
151 4227 267 4298 dicens
300 4227 364 4297 hec
388 4227 497 4297 verba·
518 4245 628 4297 coram
653 4227 884 4298 innumerabili
902 4227 997 4296 turba
1015 4227 1157 4296 circum-
