2888 4824
417 261 610 311 mammo
633 261 757 310 rouorro.
1080 234 1153 304 463

36 415 194 469 manorum
211 400 243 468 in
262 397 473 468 dedicionem
488 400 666 490 accipitur,
691 405 792 488 atque
810 399 852 468 ab
868 401 943 489 ipso
961 401 1041 470 iuris
1059 417 1153 470 oom-
1174 411 1238 468 turo

35 498 211 588 petentibus
228 498 377 584 gloriose
395 499 571 566 investitur
577 521 586 585 ;
605 498 796 584 homagium
820 500 924 566 eoiam
942 501 1014 586 regi
1030 498 1157 568 Romu-

35 615 139 666 norum
156 595 297 688 faoiens,
316 598 467 685 promisit
483 598 623 685 prestito
643 603 852 666 sacramento
870 598 1019 666 retaxare
1044 599 1156 676 statim

34 702 102 784 post
118 713 213 764 suum
231 695 369 764 reditum
387 695 430 764 ad
447 698 582 785 propria
605 695 742 764 obsides
767 703 801 764 et
818 697 980 785 captivos.
1007 696 1076 766 Sed
1093 715 1157 765 ve·

35 797 119 864 niens
143 794 285 880 Progam
310 795 410 873 niobil
429 811 543 864 eorum
563 813 628 882 qne
646 795 858 884 promiserat,
876 796 1037 884 protentis
1056 797 1155 864 variis

34 893 276 983 oooasiouibus,
296 893 429 962 etleotui
451 895 660 982 manoipnvit.

95 989 193 1060 Anno
211 992 427 1060 m.oo.lxx.rii.
445 992 516 1062 Rex
533 991 695 1062 Rudollus
710 991 855 1060 Wienne
874 991 1069 1060 dominatur.
1096 989 1156 1060 Cui

34 1089 257 1160 rebellantibus
282 1090 430 1179 pluribus
453 1092 610 1161 Bohemis
636 1091 806 1159 nobilibus
830 1107 888 1158 rex
913 1091 1073 1160 Bohemie
1097 1108 1157 1158 re-

34 1189 225 1279 conciliatur,
244 1189 546 1260 dominoBrunone
561 1188 778 1259 Olmuuoeusi
797 1191 958 1280 episeopo
976 1188 1155 1279 mediante,

33 1287 157 1356 redditis
176 1288 353 1356 obsidibus
371 1294 405 1357 et
423 1291 574 1379 eaptivis.

94 1384 192 1456 Anno
211 1387 462 1457 mooluxxuiii.
483 1388 554 1458 Rex
578 1387 738 1457 Bohemie
755 1389 850 1474 gravi
868 1386 969 1456 oorde
987 1385 1154 1456 sufferens

33 1503 64 1553 se
85 1492 188 1554 torras
214 1487 350 1555 Austrie
372 1486 541 1556 Karintbie
566 1485 719 1556 Carniole
743 1493 777 1554 et
792 1487 942 1555 ltdarobie
960 1487 1033 1555 sine
1051 1501 1154 1574 opere

34 1584 139 1653 bolboo
165 1586 379 1674 resignasse,
404 1587 571 1675 prinoipes
598 1603 638 1654 ao
655 1585 741 1653 alios
760 1585 916 1654 subditos
933 1584 1071 1654 Romani
1088 1586 1155 1652 im-

33 1685 101 1770 perii
119 1685 152 1750 in
171 1683 315 1752 diversis
333 1684 444 1752 mundi
462 1685 611 1774 partibus
630 1683 673 1751 ad
691 1685 971 1773 oonspirationem
989 1683 1154 1752 sollicitat

32 1782 66 1848 bt
81 1785 223 1870 peounia
240 1783 368 1870 plurimi
388 1789 637 1872 oorrumpuntur
655 1801 793 1870 quorum
811 1783 867 1851 alii
885 1801 923 1850 se
941 1783 1014 1868 regi
1030 1781 1155 1852 Rorna-

33 1898 133 1948 nomm
153 1881 289 1969 publioe
313 1881 477 1972 obioiunt,
496 1884 550 1950 olii
574 1882 694 1950 ooultis
718 1881 849 1950 insidiis
872 1880 970 1950 irdem
988 1881 1154 1966 frangunt.

34 1979 168 2048 landem
188 1979 488 2066 oongredientibus
515 1983 585 2072 eis,
611 1999 669 2050 rex
687 1980 845 2050 Bohemie
865 1981 1042 2070 oompestri
1063 1978 1153 2048 bello

35 2079 130 2146 rietus
150 2079 332 2169 oooiditur,
349 2079 499 2167 pluribus
522 2077 714 2148 interiectis.

94 2177 136 2244 Μ.
139 2195 186 2246 oc
187 2178 301 2246 lxxix.
319 2175 390 2248 Rex
406 2177 626 2248 Romanorum
645 2177 711 2246 boo
728 2183 799 2247 toto
819 2178 1063 2247 annoWienne
1081 2193 1156 2244 mo-

33 2283 114 2343 ratur

96 2374 281 2445 Moolxxx.
312 2375 392 2444 Post
421 2373 580 2443 diutinum
605 2374 864 2444 rebellaoionem
888 2373 1088 2443 marchionis
1113 2371 1155 2442 de

35 2471 296 2563 Prandenburoh,
315 2492 374 2543 rex
392 2471 554 2542 Rudotlus
576 2473 767 2542 Bobemiam
783 2491 858 2542 oum
878 2474 1025 2542 exaroitu
1042 2471 1156 2540 vnttdo

34 2571 214 2657 ingreditur.
240 2574 281 2642 Et
295 2573 518 2642 marobionem
532 2573 746 2661 impotentem
760 2571 803 2640 ad
819 2571 1070 2660 ooenrrendum,
1084 2588 1156 2638 me-

35 2667 189 2740 diantibus
210 2671 344 2740 domino
363 2670 525 2740 Ludwioo
544 2669 629 2740 duae
644 2672 794 2740 Baworie
813 2671 955 2758 aliisque
973 2669 1155 2759 nobilibus,

35 2773 90 2836 tam
106 2787 163 2838 rex
187 2789 287 2858 quarn
312 2770 476 2858 marobio,
502 2770 652 2859 pluribus
670 2770 877 2859 interpositis
896 2767 1156 2852 conditionibus,

35 2866 70 2934 nd
85 2869 294 2938 oonoordiam
314 2869 491 2938 redierunt.

95 2967 302 3038 M.oo.lxxx.i.
332 2967 403 3038 Rex
428 2967 651 3038 Romanorum
674 2985 696 3035 a
719 2965 866 3035 Wieuna
892 2964 1026 3035 rediens
1054 2963 1157 3035 Sue-⁶

34 3062 108 3132 narr
127 3069 312 3136 revertitur.

97 3164 314 3235 ltl.oo.lxxx.ii.
340 3165 412 3236 Rex
432 3164 652 3234 Romanorum
671 3163 853 3256 Rudollus,
872 3165 950 3253 qula
968 3163 1157 3233 dominina-

35 3258 72 3328 lio
93 3263 216 3352 imperii
240 3283 261 3332 a
287 3265 481 3334 Coloniensi
505 3267 666 3354 episeopo
691 3265 827 3354 repetit,
852 3265 963 3351 gravis
987 3265 1072 3331 inter
1096 3279 1158 3332 eos

38 3361 126 3428 oritur
144 3362 333 3454 dissensio,
353 3366 398 3432 ito
424 3363 514 3452 quod
539 3363 753 3432 cotoniensis
782 3381 857 3431 oum
886 3362 974 3430 mille
999 3359 1156 3429 treoentis

37 3455 180 3531 talleratis
204 3463 300 3550 equis
327 3463 498 3532 adiutores
526 3462 616 3549 regis
641 3461 806 3530 hostiliter
824 3459 960 3529 invadit.
987 3457 1040 3528 rto
1059 3477 1157 3546 quam

37 3555 171 3628 iniuriam
202 3559 461 3651 propulsandam
493 3579 552 3630 rex
578 3559 720 3630 sollicite
753 3577 792 3628 so
817 3559 973 3648 disponit
1008 3555 1156 3626 Tandem

39 3652 238 3728 boloniensis
267 3662 448 3750 episeopus
481 3677 555 3729 oum
589 3677 670 3746 rege
706 3657 944 3746 oonoordatur,
971 3657 1155 3742 assignatis

39 3752 91 3820 sibi
115 3760 389 3845 possessionibus
414 3778 498 3848 quos
526 3758 707 3848 repetebat.
731 3756 868 3828 Remisit
885 3758 990 3825 eoiam
1009 3755 1156 3824 thelonia

40 3857 67 3917 et
80 3855 254 3944 vectigalia
272 3877 337 3946 que
355 3860 389 3928 in
407 3859 500 3928 terris
518 3858 645 3947 imperii
663 3856 705 3925 de
730 3874 820 3926 novo
837 3857 1036 3944 instituerat,
1057 3873 1157 3943 super

38 3957 238 4042 pereeptione
259 3963 479 4045 proventuum
497 3954 680 4026 eorundem
695 3973 763 4023 una
778 3971 851 4024 oum
872 3972 953 4041 rege
968 3956 1001 4023 in
1017 3961 1157 4042 quatuor

38 4050 187 4140 prinoipes
207 4058 487 4144 compromittens.

102 4149 326 4222 ltnatxxxitt.
359 4155 521 4224 Dominus
554 4152 716 4224 Rudollus
743 4172 801 4221 rex
827 4151 1056 4222 Romanomm-
1072 4151 1155 4219 oivi-

41 4250 126 4318 tatem
152 4254 315 4340 quandum
342 4256 375 4322 in
402 4253 597 4340 Burgundio
623 4253 779 4320 munitam
814 4249 935 4319 dietam
966 4250 1155 4334 Petentinge
