2878 4834
317 267 389 336 29i
674 291 799 337 neroum
821 291 883 337 err.
905 291 968 337 nrm
990 288 1091 335 conon.

316 432 408 503 didit.
426 431 489 500 iiio
503 430 932 520 imperatoremHeinrieum
947 426 989 496 de
1006 427 1207 514 Lucenhurg
1223 423 1326 509 elegit
1343 423 1374 492 in
1386 443 1428 493 ro-

316 552 393 620 gom
410 539 443 600 et
462 533 615 626 sacravit.
642 530 705 612 Qui
722 537 898 618 postquam
918 529 1000 595 rexit
1018 527 1195 594 ecclesiam
1212 523 1428 594 Colonienson

316 653 383 702 xxv
400 632 495 698 annis
514 633 547 698 in
564 646 668 719 pace,
687 629 865 698 defunctus
884 634 918 696 et
939 627 1092 716 sepultus
1116 631 1165 696 est
1191 625 1310 694 Bunnc
1333 626 1365 692 in
1384 643 1429 694 ee

316 732 421 800 alesia
436 735 612 818 martyrum
634 728 744 797 Cassii
768 733 802 796 et
820 727 987 796 sociorum
1003 726 1086 793 eius.

390 831 434 898 lv.
461 829 622 898 Dominus
655 827 864 916 Walramus,
889 825 1080 916 prepositus
1105 821 1326 913 Leodiensis,
1349 821 1430 892 irater

259 1004 261 1008 ,
316 929 519 998 marchionis
545 927 768 1017 iuliacensis,
787 927 862 1016 ipso
889 925 1079 994 marchione
1103 927 1138 993 in
1166 925 1257 992 ouria
1281 922 1429 1012 apudpa·

316 1029 467 1118 pamhoc
483 1033 691 1116 procurante,
703 1025 862 1094 succedit.
881 1021 944 1106 Qui
959 1024 1114 1093 dominus
1129 1025 1322 1104 Walramus
1340 1022 1428 1091 arcii·

317 1130 501 1217 episcopus
517 1127 559 1195 de
577 1126 708 1194 Juliaco
719 1126 850 1194 Parisiis
867 1127 1103 1193 moriturunno
1117 1123 1428 1194 dominimcconiin

318 1235 351 1296 et
368 1229 402 1294 in
421 1227 560 1295 Colonia
577 1227 610 1293 in
629 1227 743 1293 maiori
763 1225 909 1294 ecclesia
926 1225 1096 1313 sepelitur.

390 1327 445 1394 lvi.
453 1326 616 1394 Dominus
631 1323 831 1393 Wilhelmus
848 1322 890 1392 de
906 1324 1042 1412 Genepe
1065 1324 1250 1394 eanonicus
1270 1321 1429 1390 Colonien-

318 1426 365 1492 sis
382 1427 417 1492 in
435 1425 721 1514 archiepiscopum
742 1423 903 1493 succedit.
929 1423 1056 1492 Eodem
1081 1429 1232 1511 tempore
1255 1423 1430 1508 gravissim

316 1525 442 1613 incepit
459 1525 650 1593 mortalitas.
677 1524 771 1594 Tunc
796 1524 894 1592 etiam
912 1529 1006 1592 scota
1023 1522 1267 1612 flagellatorum
1294 1521 1430 1590 discurrit.

318 2137 518 2210 CAESARII
543 2137 939 2210 HEISTERBACENSIS
972 2139 1079 2210 vlrn
1105 2139 1263 2212 SANCTI
1290 2143 1429 2213 ENGdh·

347 2239 475 2309 ΒΕΚΤΙ
493 2237 817 2311 ARCHIEPISCOPI
837 2239 1134 2312 COLONIENSIS.
1154 2241 1409 2312 1201r-1225.

761 2443 1009 2454 -μ--ιι-

386 2563 611 2668 Reverendo
638 2597 772 2670 domino
799 2617 881 2692 suo,
913 2597 1070 2669 Heinrioo
1095 2603 1215 2668 sunote
1238 2599 1438 2668 coloniensis

319 2698 465 2770 ecclesie
484 2697 756 2789 archiepiscopo,
776 2698 875 2770 irater
893 2699 1065 2789 cesarius,
1092 2716 1230 2768 numero
1249 2717 1319 2768 non
1337 2699 1438 2766 meritot

319 2797 554 2868 monachasim
573 2797 659 2866 valle
678 2799 785 2866 sancti
803 2797 900 2890 Petri,
919 2817 993 2868 oum
1012 2799 1144 2868 devotis
1163 2799 1368 2868 orationihus
1383 2815 1437 2884 par

320 2905 422 2967 ratam
440 2896 482 2964 od
501 2896 665 2985 obsequia
688 2897 902 2967 voluntatem.
935 2898 1143 2968 Excellentie
1161 2903 1273 2966 vestre
1292 2903 1437 2986 precepto}

321 2997 502 3085 obediens,
529 2997 630 3064 vitam
654 3003 748 3066 actus
766 3000 960 3086 passionem
978 3003 1012 3068 ct
1029 2997 1186 3066 miracula
1204 2997 1303 3065 beate
1321 3013 1425 3064 memo-

320 3097 368 3162 rie
387 3095 509 3164 domini
535 3095 744 3186 ingelberti,
770 3096 1023 3189 predecessoris
1046 3098 1168 3186 v'estri,
1195 3115 1263 3166 non
1281 3093 1436 3184 qrromodow

322 3194 438 3284 debui,
457 3192 519 3261 sed
537 3195 705 3280 quomodo
722 3197 824 3285 potui,
844 3199 968 3285 scripio
987 3195 1232 3283 commendavi,
1251 3196 1316 3264 hoo
1330 3199 1424 3281 opium

321 3294 386 3364 hoc
405 3311 504 3361 orans
522 3293 639 3362 uideo
659 3299 799 3381 eiusque
817 3297 949 3383 martyri
968 3313 1044 3364 esse
1062 3297 1194 3383 possint
1211 3302 1360 3383 accepta,
1376 3310 1424 3357 ro-

321 3394 373 3462 bis
392 3401 425 3462 et
443 3392 585 3460 ecclesie
604 3400 714 3462 vostre
733 3401 844 3484 grata,
863 3397 1074 3482 posterisque
1099 3395 1299 3463 necessario.
1328 3391 1423 3459 Consi-

323 3493 444 3562 derans
463 3494 598 3560 materie
617 3491 811 3578 dignitatem
831 3511 898 3562 non
917 3497 989 3562 sine
1008 3495 1122 3562 timore
1141 3494 1184 3562 ad
1202 3495 1346 3562 iniuncta
1362 3489 1422 3557 ohe-

323 3593 408 3682 divi,
436 3609 510 3659 oum
528 3598 663 3680 propter
688 3593 828 3660 scientie
846 3593 1130 3684 insufficientiam,
1151 3600 1217 3660 tum
1234 3597 1363 3680 proptor
1376 3590 1422 3655 iin-

323 3711 409 3778 guas
436 3690 687 3760 detrahentium.
716 3691 835 3759 Sciens
860 3694 946 3761 enim
966 3695 1136 3780 scriptum:
1161 3694 1258 3777 prasi
1275 3691 1422 3776 peccatum

323 3791 491 3858 ariolandi
510 3794 560 3857 ert
580 3807 785 3876 repaprrarc,
803 3796 836 3858 ct
857 3794 954 3877 quasi
973 3791 1081 3860 coelas
1100 3791 1255 3858 idolatrie
1275 3789 1357 3856 nolle
1374 3802 1420 3850 oc-

323 3891 761 3974 paracoemomenum
787 3889 889 3976 digne
915 3890 1091 3958 scribendo
1118 3889 1343 3959 confusionem
1364 3901 1421 3951 sos·

323 3989 444 4076 tinore,
463 4008 561 4076 quam
578 4007 647 4058 non
665 3988 813 4058 obedire.
846 3988 943 4070 Quod
963 3992 991 4058 si
1010 3991 1063 4058 alii
1080 3991 1141 4057 viri
1159 3989 1291 4077 literati,
1310 3999 1421 4074 quorum

323 4087 358 4154 in
377 4086 504 4156 diocesi
528 4095 638 4157 vestra
656 4089 754 4177 copia
772 4106 849 4157 esse
868 4089 1068 4178 dinoscitur,
1094 4095 1173 4177 post
1190 4107 1241 4156 me
1259 4080 1421 4174 scripserint

324 4186 561 4274 excellentius,
579 4205 645 4256 non
664 4189 728 4257 iliis
744 4187 897 4276 invideo,
915 4191 980 4258 imo
1002 4188 1108 4274 glorie
1128 4189 1277 4276 martyris
1294 4197 1421 4268 congau-

325 4283 401 4352 deo.
427 4283 503 4355 Non
529 4286 614 4352 enim
641 4305 714 4355 mee
739 4286 961 4375 professionis
980 4293 1048 4378 est,
1077 4288 1207 4358 etiamsi
1229 4285 1358 4356 scientia
1376 4275 1433 4346 ad»
