2888 4824
394 191 562 240 canonicor
584 193 812 240 rueuoaornrsr.
872 257 877 264 .
1104 167 1169 238 391

40 329 238 402 occidemnt
271 327 427 420 Cuipost
444 329 533 399 buno
549 328 849 401 Hildesheimensis
876 332 1057 424 opiso'opns
1084 334 1170 405 lide'·
1189 348 1255 405 teau
1299 335 1302 344 ’

42 432 164 500 liter..
184 481 192 498 .
212 483 220 498 .
238 443 340 519 super
356 426 690 520 pertidosberetieos
715 429 835 500 eodem
850 449 947 500 anno
972 433 1005 501 in
1025 433 1173 504 Thurin-

41 532 91 618 gia
107 534 211 617 atque
226 528 373 598 Saxonia
390 529 549 618 populum
563 533 666 598 cruce
681 529 838 618 signavit.
871 531 952 599 Post
975 531 1039 602 hec
1063 538 1174 603 antem

41 631 68 698 ti.
85 629 149 696 kal.
169 627 358 700 decembris
377 624 546 720 [mondo]
566 627 602 696 hi
617 647 704 717 quos
718 629 878 716 magister
891 629 1064 700 Cnnradus
1083 620 1173 702 bone

39 729 189 796 memorie
225 731 285 816 pro
309 726 466 796 hereticis
493 726 700 818 totonderat,
736 727 806 796 fere
833 729 1077 817 quinquaginta
1099 731 1173 821 viri,

43 843 152 898 omnes
169 827 245 915 pari
261 826 462 896 unimc‘sine
481 826 631 914 qualibet
647 826 938 919 contradictione,
957 821 1174 899 subiecerunt

42 944 75 995 se
91 944 130 994 ao
149 927 263 994 omnia
283 943 346 994 sua
363 930 429 994 tam
447 926 607 1014 spirituali
626 945 724 1014 qnam
743 926 887 996 seculari
904 930 1072 1016 potestati.
1094 928 1173 998 'Sex

43 1026 122 1095 enim
141 1043 185 1094 ex
200 1025 305 1114 ipsis,
324 1025 381 1112 qui
399 1024 562 1114 occisioni
580 1025 761 1114 supradicti
780 1025 923 1094 Cunradi
941 1026 1171 1120 interfuerunt,

40 1128 196 1213 quantumi
217 1123 422 1193 adcausam
445 1123 608 1192 hereseos
630 1125 881 1214 ecclesiastico,
913 1129 1071 1213 quantum
1088 1145 1172 1196 vero

42 1223 78 1292 nd
94 1235 234 1306 cansam
250 1221 499 1292 vinteriectionis
525 1222 670 1293 seculari
694 1242 732 1292 se
755 1223 878 1292 iudicio
897 1225 1046 1308 similiter
1063 1243 1172 1314 spon-

39 1329 127 1392 tanee
141 1320 382 1412 tradiderunt,
409 1320 654 1410 presentandos
677 1323 783 1392 eciam
801 1324 903 1412 'ipsos
926 1323 1061 1412 publico
1086 1343 1170 1394 exa·

39 1423 107 1490 mini
123 1423 159 1490 in
186 1422 281 1490 curia
302 1421 468 1510 solempni
490 1420 743 1492 Frankenevnrt
763 1422 798 1489 ln
823 1421 1053 1510 purificatione
1085 1420 1171 1515 [leb.

40 1517 74 1612 t]
96 1519 318 1610 celebranda,
351 1524 579 1608 proponentes
611 1521 743 1590 tirmiter
773 1529 891 1590 omnes
922 1539 984 1590 eos
1016 1525 1086 1611 qui·
1104 1540 1169 1612 pro

39 1620 184 1689 hereticis
203 1613 310 1710 tonsi,
334 1617 547 1708 postmodnm
563 1620 715 1690 oonlessi
733 1625 812 1688 snnt
833 1620 986 1688 iniuriam
1005 1621 1073 1690 sibi
1089 1620 1166 1692 lao-

43 1725 108 1788 tam.
373 1761 375 1766 ·
1047 1725 1050 1730 '

102 1817 177 1887 Hoc
205 1819 313 1889 eciam
350 1835 439 1888 anno
466 1816 606 1888 Silridus
630 1817 851 1904 Mogontinus
881 1816 995 1886 habito
1027 1817 1171 1888 oonsilio

44 1919 303 1988 concanonicis
340 1917 550 2005 llognntinis
572 1934 640 2006 wpro
673 1917 728 1985 sui
755 1915 1007 2006 predecessoris
1036 1915 1169 2007 debitis,

42 2017 150 2102 quibus
175 2019 395 2107 episcopatus
421 2015 611 2086 iamdudum
635 2014 739 2086 Rome
774 2012 882 2084 luerat
907 2015 1095 2105 obligatus,
1135 2016 1170 2083 in

44 2119 103 2183 tota
120 2133 182 2184 sun
203 2116 339 2186 diocesi·
360 2115 523 2184 redituum
542 2115 736 2185 vicesimam
751 2118 877 2203 partem
896 2115 1086 2204 apersonis
1109 2131 1169 2183 eo-

44 2215 229 2284 olesiasticis
248 2215 361 2302 colligi
376 2214 562 2304 mandavit,
588 2232 628 2282 ae
642 2231 745 2302 super
758 2214 823 2282 hoo
840 2211 919 2282 dato
937 2213 1112 2302 privilegio
1130 2231 1169 2282 se

43 2328 197 2402 nunqnam
219 2315 346 2383 aelero
372 2331 435 2383 suo
453 2313 571 2382 diebus
591 2313 858 2400 suisquioquam
882 2311 1022 2401 amplius
1040 2313 1169 2401 petitu-

42 2429 109 2478 rum.
135 2412 296 2482 Canonici
313 2414 418 2482 weeia'm
437 2413 591 2490 matricis,
609 2404 753 2480 ecclesie
770 2409 973 2498 Mogontine
992 2409 1056 2480 tide
1074 2411 1168 2480 iurn-

44 2511 418 2602 toriaooniirmavemnt,
438 2529 476 2581 se
496 2510 539 2580 de
558 2516 670 2580 cetero
688 2510 814 2579 nullum
830 2510 1021 2600 pontificem
1038 2510 1168 2579 eloctu-

41 2626 97 2700 ros,
114 2611 177 2678 nisi
194 2611 230 2679 in
247 2611 335 2680 idem
352 2611 563 2700 privilegium
582 2627 835 2679 consensurum.

104 2706 176 2778 Hoc
193 2727 284 2779 anno
301 2710 346 2778 iii.
364 2709 439 2779 idus
464 2711 571 2778 martii
590 2705 696 2800 [maim
715 2706 779 2799 13]
806 2706 949 2776 Sitridus
966 2706 1166 2794 Mognntine

44 2805 121 2875 sedis
139 2809 414 2898 archiepiscopus
432 2807 608 2895 blognntie
635 2807 812 2878 concilium
830 2807 1026 2895 celebravit,
1052 2807 1166 2894 ponti-

45 2903 148 2974 inatus
165 2909 220 2978 sni
237 2925 326 2976 anno
345 2909 458 2977 tercio.
481 2905 555 2977 lloo
573 2924 661 2976 anno
681 2907 823 2974 maxima
839 2905 900 2974 luit
913 2904 1084 2974 inundatio
1100 2923 1166 2994 qne

45 3021 185 3090 magnum
203 3007 313 3075 intulit
330 3005 507 3096 dampnum
524 3004 836 3094 Emhordiensibus.
1083 3089 1086 3097 ¹

105 3101 201 3174 Anno
233 3105 359 3175 domini
389 3105 616 3174 mccxxxiiii.
651 3122 710 3173 rex
735 3101 912 3172 Heinrious
937 3103 1060 3172 curiam
1090 3104 1165 3173 sol-

45 3199 192 3291 lempnem
216 3204 469 3274 lranlenevnrt
485 3204 528 3272 in
550 3203 780 3294 purificatione
804 3201 887 3290 [leb.
906 3199 946 3295 2]
973 3203 1165 3293 celebravit,

46 3301 141 3370 multis
157 3301 281 3374 ibidem
293 3303 499 3393 principibus
526 3309 560 3372 et
584 3303 754 3392 episcopis
781 3303 997 3389 congregatis
1021 3319 1061 3369 ae
1078 3301 1164 3370 mul·-

47 3403 136 3468 tomm
152 3401 304 3471 ordinum
328 3401 498 3492 iratribus,
523 3402 652 3471 scilicet
670 3401 950 3469 Cisteroiensibns
970 3399 1163 3468 Predioato-

47 3496 123 3566 ribus
139 3505 238 3589 atque
255 3499 441 3570 Minoribus
465 3506 498 3569 et
523 3501 642 3570 ceteris
664 3499 832 3586 religiosis
850 3499 1013 3588 personis.
1046 3497 1163 3586 ltaque

47 3596 140 3665 multis
157 3600 308 3668 consiliis
334 3617 435 3688 super
461 3599 539 3668 fidei
564 3600 704 3686 negotio
730 3597 931 3688 prehabitiS,
962 3596 1096 3666 tandem
1119 3596 1163 3666 de

47 3691 146 3764 litteris
164 3697 286 3767 domini
303 3717 389 3788 pape
406 3717 512 3787 nuper
529 3697 573 3767 ad
591 3699 716 3768 curiam
732 3696 852 3766 delatis
871 3695 1075 3786 disceptatio
1094 3713 1162 3765 non

48 3793 159 3864 modica
176 3795 243 3866 luit.
280 3797 451 3886 Siquidem
475 3798 645 3886 plerisque
664 3815 724 3885 per
741 3797 937 3865 Teutoniam
961 3795 1097 3886 prelatis
1123 3813 1163 3864 ao

49 3889 157 3963 clericis
175 3914 235 3965 seu
253 3897 365 3966 eciam·
376 3897 471 3964 laicis
489 3897 639 3984 magistri
657 3894 800 3964 Cnnradi
817 3893 975 3964 visitandi
994 3895 1161 3963 hereticos

51 4005 100 4058 seu
115 3995 317 4064 examinandi
337 3995 443 4064 torma
456 3993 679 4085 displicuerat,
702 3993 861 4064 videlicet
874 3994 1051 4082 ut'aliquis
1070 3993 1122 4061 inl
1141 4027 1162 4044 ·

50 4095 137 4170 natus
154 4093 193 4162 ab
210 4093 321 4163 heresi
337 4094 472 4184 publico
489 4095 631 4164 examini
648 4099 913 4184 prosectarum,
934 4100 968 4162 et
982 4091 1162 4162 consessus

52 4201 173 4260 errorem
187 4210 226 4262 uo
245 4194 364 4263 reverti
379 4193 499 4264 volens
516 4193 717 4284 tonderetur,
730 4209 825 4262 suam
838 4211 920 4262 vero
935 4192 1160 4261 innocentiam
