2950 4836
270 227 338 296 532
634 257 827 306 uanaarnnus
849 261 1032 310 rurrucnsrs.

138 451 143 460 .
186 406 251 464 tarr
271 393 334 475 Qui
360 394 583 464 cathedralem
608 396 784 466 ecclesiam
809 395 900 465 beati
921 399 1009 467 Petri
1035 404 1265 488 consumptam
1286 400 1397 470 Ratis·
1472 431 1473 474 ³

266 512 354 582 pone
374 500 407 562 et
424 494 625 564 destructam
642 495 815 586 incendio,
841 503 873 565 at
891 495 933 565 ab
951 505 1168 567 antecessore
1186 517 1249 568 suo
1264 500 1397 568 reedili-
1472 529 1473 573 r

266 611 341 662 oure
358 594 541 684 inceptam,
561 601 897 685 sumptuoso-opere,
929 597 1020 684 quod
1042 603 1076 666 et
1102 599 1273 666 materiam
1296 618 1396 686 supe·

265 692 368 782 rabat,
390 699 425 760 ut
440 693 483 762 ad
500 692 597 760 linem
619 693 756 782 perduoi
773 701 892 784 posset
911 697 1021 764 multis
1042 695 1215 766 laboribus
1234 715 1394 785 procura·
1472 727 1473 772 t

266 794 328 879 vit,
357 797 389 858 et
414 792 516 860 multa
538 795 692 885 preciosa
725 799 918 862 ornamenta
940 795 1177 884 Ratispouensi
1200 797 1345 864 ecclesie
1367 804 1397 864 et
1472 827 1473 878 r

265 891 340 958 aliis
368 891 508 960 tradidit.
543 890 728 980 Campanas
755 893 860 961 eciam
887 896 1091 983 comparavit
1114 901 1148 963 et
1172 895 1264 964 dedit
1284 894 1396 962 lintis-
1472 889 1473 974 l

264 991 409 1078 portensi
441 991 586 1058 ecclesie
613 992 700 1060 siout
722 991 822 1061 bodie
853 999 969 1080 patent
1000 995 1161 1062 maximas
1192 1003 1227 1062 el
1251 1011 1399 1062 sonoras.
1472 1009 1473 1072 i

267 1089 369 1157 Suum
387 1091 491 1158 eciam
508 1091 757 1180 patrimonium,
789 1090 918 1160 scilicet
935 1095 1123 1161 comitatum
1141 1099 1176 1162 et
1195 1101 1341 1162 castrum
1366 1095 1396 1160 iu
1464 1134 1468 1145 ·

265 1188 440 1256 liotenelk
458 1207 532 1256 oum
546 1190 760 1278 pertinenciis
784 1191 854 1258 suis
876 1189 1039 1260 Ludwieo
1055 1191 1131 1260 duci
1146 1193 1291 1261 Bavarie
1312 1211 1395 1260 ven·
1472 1223 1473 1268 a

264 1287 356 1376 didit,
371 1294 404 1356 et
416 1286 694 1377 liatisponensem
709 1289 886 1356 eeclesiam
902 1297 1071 1359 oneratam
1086 1292 1197 1360 multis
1218 1291 1342 1360 debitis
1360 1292 1397 1358 ab

264 1387 376 1456 usuris
399 1393 432 1455 et
459 1386 610 1475 dampnis
629 1388 702 1458 aliis
723 1387 885 1456 liberavit.
919 1389 960 1458 Et
982 1389 1190 1458 advocatiam
1214 1393 1250 1458 iu
1270 1390 1398 1458 Veldeu

265 1493 299 1553 et
312 1485 434 1554 indicia
446 1485 617 1554 inVcldeu
632 1486 818 1575 Eberspent
827 1487 992 1575 Teispoob
1002 1489 1260 1558 Franoehausau
1274 1491 1398 1577 Egolz-

263 1585 349 1672 pac-h
364 1585 561 1672 Esscnpaob
574 1585 714 1672 Pilsting
728 1592 761 1654 et
772 1585 921 1673 Avating
936 1587 1111 1657 adominis
1125 1588 1267 1657 ducibus
1278 1591 1399 1658 Baua-

264 1684 310 1751 rie
327 1689 360 1750 et
382 1683 446 1751 alia
464 1683 565 1752 multa
581 1703 703 1770 magna
721 1686 865 1772 pecunia
885 1687 1097 1774 compararit.
1130 1689 1171 1756 Et
1194 1685 1265 1756 lere
1291 1690 1400 1757 omnia

263 1789 373 1850 castra
389 1783 535 1852 ecclesie
552 1784 652 1851 muris
679 1791 713 1852 et
729 1784 871 1852 turribus
891 1785 1013 1854 firmius
1032 1805 1129 1874 quam
1148 1793 1251 1856 antea
1267 1787 1398 1856 lucrant

264 1882 432 1950 exaltavit.
468 1881 630 1950 Redditus
648 1884 752 1951 eciam
777 1889 843 1950 tarn
865 1884 1077 1978 episcopales
1096 1905 1193 1972 quam
1212 1885 1399 1954 canonicas

263 1980 522 2070 prebendasper
532 1981 828 2070 suamiudustriam
837 1983 1025 2052 mirabiliter
1035 1985 1235 2074 ampliando.
1253 1986 1298 2054 Et
1312 1985 1401 2074 quod

261 2081 347 2148 inter
364 2097 426 2148 sua
444 2097 548 2168 opera
563 2082 720 2149 memorie
746 2083 852 2167 magis
879 2081 1014 2168 dignum
1038 2091 1177 2174 reputo,
1204 2083 1399 2172 ubicunque
1472 2099 1473 2110 ¹

261 2180 398 2266 patriam
416 2179 578 2248 bellorum
595 2181 650 2248 vel
667 2198 868 2266 gwerrarum
886 2181 1003 2250 horror
1020 2187 1202 2273 perterruit,
1221 2184 1269 2250 ibi
1287 2189 1327 2251 ut
1345 2202 1399 2252 sa-

262 2277 381 2346 cerdos
406 2295 549 2364 magnus
574 2285 722 2367 tempore
746 2278 917 2348 iracundie
948 2279 1054 2350 iactus
1080 2289 1133 2350 est
1150 2284 1396 2370 reconciliator,

261 2393 325 2444 nco
350 2377 385 2444 in
412 2376 478 2445 boc
503 2379 652 2466 pepercit
676 2377 846 2446 laboribus
872 2379 927 2446 vel
954 2382 1113 2468 expensis
1138 2387 1311 2468 quatenus
1330 2382 1399 2450 dis-

262 2474 439 2544 cordantes
458 2475 499 2544 ad
526 2475 738 2545 concordiam
761 2484 950 2567 revocaret,
975 2498 1093 2568 paoem
1111 2498 1179 2549 non
1197 2480 1312 2548 solum
1328 2481 1398 2548 Ba-

261 2575 363 2642 warie
381 2574 442 2644 sed
461 2576 564 2644 eciam
581 2577 698 2644 vicinis
716 2575 944 2666 procurando,
970 2585 1004 2646 ct
1025 2597 1086 2667 pro
1112 2579 1305 2670 republica,
1335 2597 1397 2667 que

260 2675 376 2762 paucis
396 2673 488 2743 cordi
506 2675 634 2765 existit,
654 2675 735 2763 plus·
749 2674 902 2744 omnibns
922 2693 984 2746 suo
1004 2683 1150 2767 tempore
1167 2678 1348 2747 laboravit.
1366 2674 1376 2714 ¹

330 2771 517 2841 Maelxxx.
544 2773 658 2842 Petrus
677 2773 885 2842 Pataviensis
904 2776 1086 2864 episcopus
1105 2776 1203 2866 obiit,
1231 2780 1289 2864 qui
1308 2796 1398 2867 pon-

261 2877 327 2940 tem
344 2877 433 2940 trans
452 2872 639 2940 Danubium
658 2871 792 2940 Patavie
810 2874 932 2961 primus
950 2873 1036 2944 iecit.
1065 2875 1124 2944 Cui
1142 2879 1315 2944 successit
1333 2877 1396 2946 do-

259 2971 581 3040 minus'Wiobardus
600 2971 750 3040 eiusdem
768 2973 912 3040 ecclesie
930 2977 1132 3062 prepositus.
1157 2975 1290 3043 Eodem
1310 2995 1396 3044 anno

260 3067 414 3136 dominus
431 3068 587 3138 Albertus
612 3069 654 3138 de
672 3070 754 3138 Hals
777 3089 840 3139 sua
862 3073 980 3140 virtute
1007 3080 1040 3142 et
1063 3077 1260 3144 strenuitate
1280 3077 1396 3144 meruit

260 3165 432 3236 adomino
450 3167 592 3237 liudolfo
609 3169 829 3238 Romanorum
855 3188 936 3257 rege
959 3171 1085 3242 bonore
1113 3178 1145 3242 et
1170 3176 1310 3262 nomine
1336 3193 1396 3243 oo-

259 3267 345 3334 mitis
363 3267 523 3353 insigniri.
540 3259 553 3303 ²

331 3365 538 3434 llloolxxxi.
563 3366 655 3436 Uxor
685 3365 824 3456 predicti
857 3367 980 3436 domini
1014 3366 1145 3435 Rudollr
1171 3365 1396 3438 Romanorum

292 3527 323 3590 1)
343 3531 405 3578 stati
428 3525 517 3579 dieses
540 3525 670 3595 lingarum
693 3525 815 3580 absatzes
838 3527 911 3581 steht
933 3529 959 3580 in
984 3527 1032 3580 der
1056 3527 1095 3580 bs.
1115 3543 1181 3579 nur:
1199 3527 1306 3580 Eodem
1326 3544 1392 3582 anno

257 3592 383 3646 domiuus
400 3593 456 3647 Leo
475 3593 680 3665 Ratisponensis
697 3597 839 3666 episcopus
857 3595 932 3648 obiit.
952 3597 1002 3650 (lui
1020 3597 1150 3649 successit
1167 3594 1296 3649 dominus
1307 3595 1392 3649 lleln-

255 3662 328 3714 ricus
346 3677 437 3715 comes
460 3662 493 3715 de
516 3662 662 3716 liutenclrlx
687 3663 807 3716 eiusdem
831 3663 948 3720 ecclesio
966 3665 1118 3718 carronlcus.
1136 3663 1235 3717 Dieses
1255 3665 1292 3718 ist
1311 3665 1391 3718 olien-

258 3728 305 3780 bar
322 3728 366 3780 die
389 3729 574 3798 gleichzeitlge
598 3731 812 3799 auizeicbnung.
835 3731 963 3786 wahrend
987 3731 1034 3785 das
1058 3730 1232 3785 lob'biscbof
1246 3732 1391 3786 Heinricbs

255 3804 311 3848 ersi
329 3795 396 3848 nach
415 3797 457 3851 lan
477 3815 539 3852 erer
555 3801 700 3868 regierung
717 3798 860 3853 desselben
878 3800 1051 3868 gescbriebeu
1069 3799 1181 3852 werden
1200 3798 1319 3866 kouutc',
1338 3799 1390 3853 und

227 3901 230 3908 .
256 3814 481 3918 κναὴτεοὴοίυΙὶοἱ
505 3874 559 3920 ersi
581 3866 650 3920 nach
673 3867 770 3920 dassen
789 3871 855 3922 laod
872 3867 1012 3936 eriolglem
1031 3867 1093 3920 tode
1111 3884 1165 3920 von
1183 3869 1290 3922 seluern
1307 3870 1390 3922 archi-

256 3929 351 3982 diacon
369 3932 507 3988 Eberhard
525 3935 613 4003 gleicb
632 3935 757 3988 auderem
775 3935 820 3988 bei
838 3936 886 3988 dor
903 3935 1107 3990 schliesslicbeu
1126 3935 1288 3989 reinsclrrist
1305 3937 1393 3989 dieser

254 3995 369 4051 annalem
393 4009 531 4068 zugesetzt
552 4003 665 4056 worden
688 4005 730 4056 isi.
757 4001 850 4072 Vergl.
874 4003 944 4058 noch
968 4004 1104 4057 mehreras
1130 4011 1214 4057 untcn
1243 4004 1317 4057 baim
1335 4005 1391 4057 iabr

258 4070 331 4119 rabo.
374 4069 405 4132 2)
423 4085 455 4121 so
468 4069 511 4122 die
529 4069 567 4124 bs.
577 4071 630 4124 uud
646 4072 694 4125 das
705 4070 804 4125 Gbron.
816 4072 959 4126 Osterbov.
970 4071 1091 4125 welches
1104 4071 1202 4124 iedocb
1214 4071 1268 4126 deu
1277 4076 1391 4126 zweitau

255 4145 311 4188 salz
329 4153 362 4187 zu
383 4139 446 4189 1281
467 4136 546 4203 gicht.
573 4139 676 4192 Eodem
700 4153 771 4192 auno
794 4139 925 4194 Albertus
950 4141 983 4194 de
1006 4139 1074 4192 Hals
1100 4140 1186 4192 l'aclus
1205 4149 1248 4192 est
1267 4157 1390 4194 comesa

256 4221 319 4268 rege
338 4203 455 4256 liudolfo
481 4204 563 4258 beisst
588 4223 617 4259 as
642 4223 692 4260 nur
711 4207 752 4259 boi
771 4207 895 4262 Cauisius
914 4209 968 4262 und
986 4209 1021 4260 im
1039 4207 1139 4262 (ibren.
1158 4206 1260 4263 Salisb.
1280 4209 1325 4262 bei
1344 4209 1388 4261 de·

255 4287 308 4322 neu
327 4270 417 4324 dieser
434 4271 525 4325 absalz
544 4272 605 4326 dein
623 4273 681 4327 iabr
701 4278 764 4328 1281
784 4275 931 4344 zugelbcilt
943 4279 992 4330 ist.
