2884 4834
403 240 528 287 ιιιιιιιι
551 237 788 286 woanrrnmsrs.
1090 211 1158 280 165

42 397 126 449 ιοιοι
141 377 261 447 dommi
277 378 367 464 regis
381 374 518 468 Anglie,
538 396 611 446 oum
630 395 695 464 qua
712 375 867 446 dominus
883 369 1079 467 imperator¹
1091 395 1157 448 oe-

6 463 164 546 3lobravit
179 478 320 566 nupcias
334 478 367 544 in
385 477 578 545 Wormaoia
591 476 843 565 sollempniter
834 493 867 543 m
886 473 1054 546 divisione
1069 493 1157 566 apo·

6 557 185 648 3stoloram
214 571 391 667 [iul.15].
426 573 982 664 Celebratisitaquenupoiisdie
1008 574 1159 664 prediolo

6 693 117 745 anno
143 674 267 744 domini
295 693 385 744 moe
388 693 495 744 xxxv
520 679 692 764 assumpta
709 672 845 743 domina
863 674 1072 763 imperatrice
1094 692 1157 745 ao-

6 767 462 889 resseruntHagenowiam.
475 771 1158 864 TraditoresverodominiLandoliepis·

6 833 8 922 3
6 876 123 982 ,ιορι,
141 875 197 961 qui
218 873 380 942 honorem
405 873 547 942 eoolesie
566 890 627 940 sue
647 871 792 942 totaliter
807 871 1059 960 relinquentes
1048 889 1158 961 rpsum

6 987 8 1068 ι
6 923 303 1062 3lnsequebantur,
322 979 357 1041 et
370 973 449 1061 qnia
463 971 581 1041 adhoo
593 971 764 1040 instabant
778 969 870 1060 quod
887 970 1043 1041 dommus
1052 969 1158 1041 Hem

6 1074 114 1140 rieus
129 1071 171 1140 de
190 1071 362 1140 Cathanea
378 1071 648 1160 prothonotarius
667 1089 687 1140 a
704 1069 839 1140 domino
856 1071 1053 1159 imperatore
1064 1071 1157 1161 epis·

6 1191 8 1240 ι
39 1187 131 1258 oopus
157 1171 422 1239 Wormaoiensis
446 1172 718 1260 eonstitueretur,
745 1169 823 1239 ideo
848 1169 1018 1252 habebant
1043 1170 1158 1240 literas

7 1351 8 1356 ,
39 1287 244 1358 quaseunquo
262 1269 438 1359 volebant,
458 1271 566 1338 statim
583 1269 805 1358 proourabnnt
819 1269 934 1338 literas
949 1267 991 1337 ad
1010 1270 1103 1339 oivos
1123 1275 1159 1338 ut

38 1368 192 1437 dominum
212 1367 406 1459 episcopum
421 1387 441 1438 a
454 1370 530 1452 loeo
544 1368 602 1437 illo
615 1369 815 1437 unanimiter
827 1373 1046 1438 removerent.
1059 1365 1158 1450 Quod

7 1541 8 1548 ἵ
39 1469 115 1536 aives
133 1467 247 1537 tacere
265 1468 451 1536 noluerunt.
470 1469 511 1536 Et
526 1467 605 1537 ideo
623 1467 733 1536 statim
751 1466 895 1536 iudioem
911 1466 1081 1537 adomino
1094 1468 1157 1540 im,-

7 1607 8 1610 =
37 1575 178 1655 peratore
202 1569 338 1636 missum
361 1567 550 1636 Wormaoie
574 1566 810 1655 Marquardum
827 1565 972 1635 nobilem
989 1568 1094 1636 virum
1115 1566 1157 1636 da

38 1666 163 1734 Sneitde
175 1671 450 1755 procuraverunt.
477 1665 605 1736 Videns
623 1666 686 1734 heo
704 1665 859 1735 dominus
877 1667 1058 1763 episeopus
1077 1665 1157 1735 bre-

7 1849 8 1852 ,
38 1767 106 1833 viter
132 1783 173 1834 se
200 1765 386 1855 expediens
412 1783 479 1834 una
497 1783 571 1834 oum
588 1765 836 1834 venerabilibus
854 1764 1004 1854 patribus
1021 1764 1157 1834 domino

38 1863 179 1934 Conrado
205 1863 247 1934 de
273 1865 367 1932 Than
394 1863 544 1964 Spirensi
569 1865 731 1954 episcopo
753 1871 788 1934 et
811 1864 947 1933 domino
965 1862 1156 1932 Hermanno

38 1963 260 2054 Herhipolensi
276 1965 446 2052 episeopo,
465 1965 569 2052 quiin
585 1962 702 2032 eadem
720 1962 960 2053 dampnacione
975 1967 1078 2053 erant,
1096 1980 1155 2031 aa·

37 2065 127 2132 eessit
146 2063 190 2132 ed
212 2065 336 2132 auriam
350 2061 543 2132 Romanam.
568 2061 680 2132 ludex
696 2081 777 2132 vero
795 2061 1032 2153 linquamus,
1050 2079 1155 2131 assu-

37 2179 115 2231 mens
134 2163 202 2230 sibi
220 2168 362 2250 quatuor
376 2162 497 2231 milites
512 2167 547 2231 ιι
565 2169 694 2251 septem
709 2163 819 2251 eirea,
838 2161 979 2230 eorrsilio
995 2159 1155 2251 presedit,
1189 2231 1192 2238 ,

37 2267 61 2329 ιι
74 2261 252 2330 iudicanda
267 2261 446 2351 iudioavit,
465 2279 506 2330 aa
526 2261 681 2330 tributum
699 2262 735 2330 in
754 2261 987 2330 ministeriales
1011 2259 1155 2330 eoelesie

36 2363 133 2450 posuit
152 2367 188 2430 et
205 2363 341 2450 recepit.
367 2359 438 2430 Hiis
454 2360 607 2430 omnibus
621 2360 720 2430 valde
737 2361 831 2430 inviti
845 2361 938 2430 eives
954 2361 1154 2430 eonseneie-

6 2521 8 2548 ,
35 2467 111 2551 mnt,
129 2461 211 2549 quia
225 2459 314 2528 aliud
331 2459 442 2529 faeere
460 2477 529 2529 non
545 2459 723 2529 audebant.

6 2571 8 2688 i
93 2557 248 2645 Audiens
271 2567 381 2629 autem
408 2561 587 2649 imperator
615 2559 680 2628 hos
706 2559 887 2649 episeopus
915 2559 958 2629 ad
986 2558 1154 2630 dominum

6 2689 8 2716 ι
33 2675 137 2747 papam
158 2657 372 2748 decessisse,
397 2657 497 2728 valde
519 2659 633 2727 timuit.
658 2659 699 2728 nt
723 2659 882 2727 eontinno
907 2660 996 2728 misit
1019 2657 1153 2728 tratrem

33 2754 244 2826 llermannum
256 2711 450 2845 magistrum
466 2757 584 2826 domus
599 2757 821 2846 Theutonioe,
840 2758 945 2826 virum
960 2755 1060 2826 valde
1072 2775 1153 2848 pru-

6 2855 171 2948 dentem,
191 2855 235 2926 ad
252 2860 374 2926 ouriam
385 2855 576 2926 Romanam
601 2855 665 2938 Qui
688 2874 762 2926 oum
778 2809 1038 2947 illudvenisset,
1056 2857 1153 2925 inve-

6 2955 72 3022 nit
90 2955 152 3025 hos
168 2962 239 3024 tres
255 2958 438 3046 episcopos
454 2955 509 3023 ibi.
535 2957 576 3026 Ει
596 2955 750 3024 dominas
772 2973 861 3044 papa
880 2955 1027 3025 totaliter
1050 2957 1153 3024 iratus

35 3051 104 3122 luit
95 3073 127 3122 m
143 3057 380 3143 imperatorem
396 3054 487 3143 quod
497 3055 560 3124 heo
573 3053 683 3124 faeere
699 3054 861 3144 audebat,
880 3053 986 3124 voluit
1002 3073 1075 3124 eum
1091 3055 1153 3124 de-

35 3156 178 3222 nnneiare
203 3160 239 3223 et
264 3159 366 3224 totam
392 3159 508 3223 terram
530 3171 623 3224 suam
640 3171 766 3243 ponere
788 3154 850 3222 sub
868 3154 1054 3224 interdieta.
1080 3152 1153 3236 Quo

36 3254 129 3322 omnia
160 3252 264 3322 irater
291 3253 500 3322 Hermannus
528 3270 590 3322 sua
613 3254 743 3322 astueia
764 3252 940 3343 deposuit,
967 3260 1002 3322 et
1022 3253 1154 3322 redimit

36 3352 214 3442 episeopoS,
232 3354 429 3442 promittens
447 3351 583 3421 domino
599 3370 687 3443 pape
705 3355 800 3440 ipsos
818 3353 931 3439 gracie
948 3352 1072 3422 domini
1086 3353 1152 3420 im-

35 3453 184 3534 peratoris
199 3451 343 3521 honeste
362 3457 395 3520 et
411 3449 593 3520 seeundum
610 3452 815 3521 voluntatem
838 3467 951 3521 eorum
969 3452 1151 3520 restituere.

35 3545 85 3626 [ιιι
102 3551 263 3620 eontinuo
287 3569 362 3620 oum
377 3552 454 3640 ipso
476 3555 637 3620 exeuntes
644 3603 654 3640 ,
673 3549 766 3620 duxit
786 3548 829 3619 ad
847 3551 1094 3639 imperatorem,
1119 3555 1154 3618 ιι

34 3647 156 3731 pertenit
169 3650 283 3718 omnia
300 3668 365 3738 que
380 3650 542 3739 promisit.

94 3745 164 3816 Hiis
175 3747 475 3838 honesteperaotis
486 3745 831 3818 dominnslmndollus
842 3747 1023 3836 episeopus
1034 3763 1151 3815 rever-

35 3860 82 3912 sus
97 3847 379 3918 estWormaoiam
395 3853 427 3915 et
443 3847 677 3916 honestissime
693 3852 861 3936 receptus,
879 3845 1022 3916 restituit
1039 3845 1151 3915 divina

35 3958 86 4028 pue
106 3947 138 4014 in
157 3964 297 4015 reoessu
318 3963 381 4016 suo
398 3965 457 4037 per
478 3952 578 4016 totam
604 3946 769 4014 civitatem
794 3946 1034 4035 suspenderat,
1054 3963 1150 4034 quam

34 4046 276 4160 suspensionem
301 4046 410 4116 olenus
435 4053 469 4114 ot
489 4047 580 4115 oives
601 4045 764 4134 propter
754 4063 861 4134 rpsum
882 4045 1023 4113 libenter
1045 4046 1152 4114 susti-

32 4151 173 4234 nuerant,
198 4147 275 4234 quia
299 4147 407 4234 ipsum
430 4144 623 4232 diligebant.
650 4143 749 4212 Venit
772 4143 884 4232 itaque
910 4141 963 4258 die
987 4143 1151 4214 dominica

58 4251 84 4316 l)
102 4251 222 4308 dominus
240 4255 385 4336 imperator
403 4255 437 4308 ist
456 4269 510 4308 von
528 4255 578 4308 mir
596 4259 712 4322 argtum
