2888 4824
280 206 352 278 tlt
666 235 705 284 ux
725 235 854 284 roncum
875 235 915 284 nn
936 236 1024 284 mun.

279 373 418 446 astantis
435 373 569 462 populi:
594 372 912 464 temperaremus
928 390 1069 444 securus
1082 379 1166 460 ecto,
1180 378 1344 462 mmmm
1356 376 1413 444 lto-

278 474 391 543 dr'errro
407 473 459 542 dte
469 490 535 558 per
549 475 815 542 successionem
831 474 920 542 beuti
935 474 1071 542 llorlr'ni
1086 475 1298 559 confessoris
1319 476 1412 543 nlnti-

275 572 335 656 llrrr'
355 575 389 640 et
403 589 469 657 per
491 573 643 640 uirtutem
662 575 826 659 presentis
847 573 961 642 cucurti
980 588 1107 642 omnem
1120 573 1341 665 rebellionem
1355 576 1412 642 urt-

277 672 503 740 oercuriorcm
529 675 659 740 tuorrrm
681 674 814 759 correpte
836 671 1019 754 coercebo,
1049 676 1083 739 et
1106 674 1321 742 cietomlem
1344 675 1412 740 luu-

277 770 351 838 rlem
366 769 407 838 de
419 772 545 840 cunctis
558 771 696 840 immicis
713 773 779 838 luis
796 773 867 838 rinc
887 770 984 839 dubio
1006 771 1219 857 reporlobtm
1235 791 1304 859 epo
1323 790 1412 838 nom-

277 887 340 954 que
360 870 523 938 ciuitatem
537 868 624 936 bunc
640 887 714 937 cunr
730 871 891 938 metronis
911 874 945 937 et
960 871 1129 938 cononicis
1145 871 1348 953 fidelissime
1363 872 1412 938 tibi

277 967 477 1051 custodium,
494 971 528 1034 et
538 967 714 1037 solemnem
729 971 914 1037 orationem
927 971 1057 1037 interint
1073 969 1206 1038 domino
1217 969 1297 1039 ,deo
1319 987 1413 1037 cecr-

277 1068 398 1136 ernon
413 1085 476 1152 pro
494 1066 609 1134 tutore
622 1071 676 1136 too
692 1067 829 1151 famum.
846 1067 1023 1136 Heinrious
1041 1070 1141 1154 igitur
1156 1071 1350 1158 episcopus
1367 1069 1412 1136 bis

277 1166 399 1236 auditis
416 1167 450 1234 in
467 1165 610 1234 Domino
629 1166 852 1257 confortatus,
871 1186 944 1235 cum
966 1168 1079 1236 sonitu
1097 1167 1255 1236 tuburum
1274 1185 1413 1236 conere-

277 1265 425 1354 pantium
442 1270 476 1334 et
499 1266 646 1334 exercitu
664 1265 858 1336 bellatorum
876 1265 1062 1334 decentium
1079 1267 1196 1334 urbem
1220 1267 1412 1356 egrediens,

278 1382 429 1452 campum
455 1363 534 1432 belli
557 1363 715 1433 decenter
736 1365 856 1456 adivit,
875 1383 917 1434 ac
933 1366 1024 1434 acies
1043 1383 1123 1434 suas
1141 1365 1185 1434 ad
1203 1365 1412 1456 preliandum

277 1464 445 1551 sagaciter
462 1462 633 1532 ordinavit.
1080 1541 1083 1548 ,

350 1563 482 1630 Interea
499 1580 573 1630 curn
591 1562 654 1630 bec
671 1569 850 1649 agerentur
867 1562 956 1652 apud
975 1563 1180 1654 Traiectum,
1209 1563 1412 1632 Wilhelnus

275 1659 498 1730 Romanorum
527 1679 586 1728 rex
609 1660 731 1730 festino
758 1661 923 1732 referente
948 1665 1070 1730 nunoio
1096 1664 1250 1751 percepit
1277 1665 1412 1752 cpisco-

276 1779 354 1848 pum
372 1766 406 1828 et
421 1758 571 1848 prefatos
589 1759 742 1829 dominos
768 1763 976 1830 contraxisse
994 1763 1194 1850 populosum
1215 1759 1411 1849 exercitum,

275 1861 362 1928 utin
380 1860 481 1947 pratis
508 1859 690 1928 virentibus
716 1861 955 1928 committerent
979 1878 1118 1928 exosum
1134 1861 1291 1948 prelium,
1327 1859 1411 1941 Qua-

276 1963 411 2047 propter
436 1959 566 2047 etipse
592 1975 652 2028 rex
676 1958 871 2027 festinanter
895 1958 1259 2046 adunavit-expeditos
1284 1961 1411 2048 equites

277 2063 311 2127 et
335 2057 511 2143 elegantes
530 2056 661 2145 pedites
686 2059 773 2125 viam
800 2059 942 2127 celerem
966 2075 1086 2126 uersus
1104 2059 1303 2126 Traiectum
1322 2061 1411 2126 insti-

276 2161 393 2239 tuens,
419 2161 455 2223 ut
479 2155 670 2226 huiusmodi
694 2157 773 2224 belli
797 2157 968 2226 tumultum
998 2157 1229 2247 interciperet,
1259 2164 1301 2226 et
1325 2159 1411 2246 pacis

276 2255 450 2322 amicitiam
476 2255 652 2342 utrobique
684 2255 885 2324 reformaret.
920 2256 962 2326 Et
985 2273 1066 2324 ecce
1090 2257 1215 2342 regalis
1241 2258 1411 2326 exercitus

274 2371 335 2441 per
352 2353 519 2421 borealem
537 2361 664 2442 portem
682 2356 738 2423 rix
754 2355 869 2423 urbem
886 2355 1083 2444 intraverat,
1109 2373 1182 2422 cunr
1200 2356 1410 2444 episcopalis

276 2453 442 2519 exercitus
473 2469 549 2540 perv
566 2453 807 2522 occidentalem
832 2461 959 2543 portum
986 2455 1153 2523 civitatem
1177 2455 1244 2522 iam
1273 2457 1410 2523 exierat.

274 2548 559 2639 Arcbiepisoopus
585 2570 665 2620 vero
684 2551 896 2621 coloniensis
914 2571 989 2621 eum
1006 2554 1164 2622 matronis
1183 2559 1218 2620 et
1235 2554 1409 2622 canonicis

274 2650 361 2718 eirca
378 2651 547 2718 civitatem
572 2669 683 2719 curam
704 2669 810 2738 agens
820 2705 830 2741 ,
850 2657 883 2720 et
899 2653 1058 2738 angulum
1072 2653 1219 2719 civitatis
1237 2653 1274 2718 in
1296 2671 1409 2740 gyrum

274 2747 498 2837 undecunque
523 2751 747 2840 perlustrans,
773 2751 993 2820 claviculariis
1009 2751 1108 2836 *urbis
1138 2751 1259 2819 indixit
1294 2753 1407 2820 valnas

274 2847 364 2914 urbis
382 2847 516 2916 tirmiter
532 2849 698 2940 obserari,
717 2855 750 2918 et
766 2850 830 2918 sibi
848 2851 961 2918 claves
979 2855 1144 2938 portamm
1167 2850 1306 2936 absque
1325 2849 1406 2918 dila-

275 2947 365 3014 tione
383 2946 520 3037 deferri,
538 2949 699 3033 ignorans
718 2946 808 3035 quod
831 2950 994 3017 exercitus
1012 2948 1127 3016 urbem
1144 2955 1304 3016 recenter
1322 2953 1407 3017 esset

273 3045 465 3135 ingressus,
493 3063 532 3114 ac
549 3047 633 3114 infra
658 3045 770 3115 muros
796 3047 857 3118 sub
875 3053 967 3116 arcta
984 3047 1138 3115 clausura
1154 3049 1406 3136 circumseptus.

273 3141 344 3210 Rex
360 3144 461 3229 igitur
478 3144 674 3213 festinanter
689 3146 913 3235 episcopalem
926 3148 1107 3215 exercitum
1119 3146 1242 3214 volens
1260 3147 1405 3234 insequi,

273 3241 388 3310 nullibi
405 3248 574 3331 patentem
593 3243 763 3312 adinvenit
778 3247 910 3335 exitum,
930 3251 963 3313 et
977 3263 1051 3313 cum
1067 3244 1155 3312 idem
1173 3264 1234 3313 rex
1252 3245 1405 3332 aliquun-

272 3341 375 3409 tulum
393 3359 516 3410 moram
534 3343 695 3432 traheret,
714 3361 879 3432 nemoque
895 3345 1013 3412 valvus
1031 3343 1122 3411 urbis
1145 3345 1211 3412 cito
1229 3344 1405 3432 pateface-

272 3447 339 3529 ret,
359 3443 518 3510 exanimi
537 3445 589 3509 sui
606 3442 815 3510 vehementia
832 3445 920 3531 oepit
940 3443 1105 3531 extemplo
1124 3460 1219 3511 seras
1238 3449 1403 3531 portnmn

273 3539 436 3630 evellere,
465 3547 498 3608 et
522 3547 638 3608 vectes
662 3541 789 3610 ferreos
808 3547 968 3631 atterere,
986 3549 1022 3610 ut
1038 3543 1253 3610 incessanter
1270 3543 1402 3630 episco-

271 3638 380 3726 palem
397 3641 529 3726 insequi
543 3641 652 3728 possit
666 3641 856 3730 exercitum,
872 3641 1177 3708 etinminehoatum
1189 3648 1401 3728 sequestrare

271 3736 419 3823 prelium.
451 3735 733 3827 Arcbiepisoopus
759 3757 839 3808 rem
872 3737 1084 3808 Coloniensis
1108 3739 1173 3807 hoc
1198 3739 1400 3826 intelligens,

270 3835 485 3904 vehementer
502 3839 654 3906 anxiatus
674 3843 736 3928 est,
754 3837 894 3906 credens
914 3839 1207 3924 civitatemarege
1226 3857 1307 3907 esse
1324 3856 1400 3924 cap-

271 3938 354 4020 tam,
382 3941 417 4001 et
439 3938 616 4003 exercitum
640 3954 700 4024 per
725 3938 967 4024 clauigerorum
984 3939 1398 4023 ignaviumintromissum.

271 4029 493 4112 Quamobrem
517 4039 551 4100 et
574 4037 648 4123 ipse
673 4052 746 4102 oum
768 4037 926 4104 matronis
945 4042 979 4104 et
996 4037 1169 4104 canonicis
1187 4036 1281 4104 urbis
1301 4051 1398 4104 excu-

267 4129 341 4198 bias
360 4129 547 4200 observans
558 4183 568 4222 ,
596 4135 686 4220 regis
710 4138 911 4222 presentiam
937 4134 1114 4206 confestim
1132 4153 1321 4221 eggressus
1340 4140 1397 4220 est,

270 4246 311 4298 ao
329 4227 437 4298 eidem
452 4228 542 4298 facto
560 4231 693 4302 silentio
710 4234 818 4302 taliter
827 4233 996 4304 allocutam
1011 4239 1081 4302 cst:
1094 4233 1235 4302 Domine
1252 4251 1323 4317 roe,
1340 4250 1397 4299 uc-
