<?xml version="1.0" encoding="UTF-8"?>
<!DOCTYPE html PUBLIC "-//W3C//DTD XHTML 1.0 Transitional//EN"
    "http://www.w3.org/TR/xhtml1/DTD/xhtml1-transitional.dtd">
<html xmlns="http://www.w3.org/1999/xhtml" xml:lang="en" lang="en">
 <head>
  <title>
</title>
<meta http-equiv="Content-Type" content="text/html;charset=utf-8" />
  <meta name='ocr-system' content='tesseract 3.04.00' />
  <meta name='ocr-capabilities' content='ocr_page ocr_carea ocr_par ocr_line ocrx_word'/>
</head>
<body>
  <div class='ocr_page' id='page_1' title='image "./fontesrerumgerm00hubegoog_0345.png"; bbox 0 0 2878 4834; ppageno 0'>
   <div class='ocr_carea' id='block_1_1' title="bbox 635 194 1059 243">
    <p class='ocr_par' dir='ltr' id='par_1_1' title="bbox 635 194 1059 243">
     <span class='ocr_line' id='line_1_1' title="bbox 635 194 1059 243; baseline 0.002 -2"><span class='ocrx_word' id='word_1_1' title='bbox 635 195 768 242; x_wconf 75' lang='lat' dir='ltr'>CAESARH</span> <span class='ocrx_word' id='word_1_2' title='bbox 789 194 851 241; x_wconf 76' lang='lat' dir='ltr'>CAT.</span> <span class='ocrx_word' id='word_1_3' title='bbox 873 195 936 241; x_wconf 73' lang='grc' dir='ltr'>ΑΕΡ.</span> <span class='ocrx_word' id='word_1_4' title='bbox 958 195 1059 243; x_wconf 74' lang='lat' dir='ltr'>conon.</span> 
     </span>
    </p>
   </div>
   <div class='ocr_carea' id='block_1_2' title="bbox 274 330 1432 818">
    <p class='ocr_par' dir='ltr' id='par_1_2' title="bbox 274 330 1432 719">
     <span class='ocr_line' id='line_1_2' title="bbox 274 330 1432 422; baseline 0.003 -21"><span class='ocrx_word' id='word_1_5' title='bbox 274 333 395 402; x_wconf 83' lang='lat' dir='ltr'><strong>ibidem</strong></span> <span class='ocrx_word' id='word_1_6' title='bbox 412 336 601 422; x_wconf 89' lang='lat' dir='ltr'>perpetrato</span> <span class='ocrx_word' id='word_1_7' title='bbox 623 330 712 401; x_wconf 84' lang='lat' dir='ltr'>taeta</span> <span class='ocrx_word' id='word_1_8' title='bbox 732 337 810 402; x_wconf 91' lang='lat' dir='ltr'>sunt</span> <span class='ocrx_word' id='word_1_9' title='bbox 831 331 970 422; x_wconf 74' lang='lat' dir='ltr'>iuditia,</span> <span class='ocrx_word' id='word_1_10' title='bbox 988 337 1025 400; x_wconf 93' lang='lat' dir='ltr'>ut</span> <span class='ocrx_word' id='word_1_11' title='bbox 1045 331 1244 402; x_wconf 78' lang='lat' dir='ltr'>theoderici</span> <span class='ocrx_word' id='word_1_12' title='bbox 1266 334 1306 404; x_wconf 93' lang='lat' dir='ltr'>de</span> <span class='ocrx_word' id='word_1_13' title='bbox 1324 337 1386 405; x_wconf 89' lang='lat' dir='ltr'>bin·</span> <span class='ocrx_word' id='word_1_14' title='bbox 1431 391 1432 418; x_wconf 36' lang='grc' dir='ltr'>ι</span> 
     </span>
     <span class='ocr_line' id='line_1_3' title="bbox 274 431 1386 523; baseline 0.003 -23"><span class='ocrx_word' id='word_1_15' title='bbox 274 433 449 520; x_wconf 85' lang='lat' dir='ltr'>lingassen</span> <span class='ocrx_word' id='word_1_16' title='bbox 466 431 546 499; x_wconf 87' lang='lat' dir='ltr'>dieti</span> <span class='ocrx_word' id='word_1_17' title='bbox 564 431 731 519; x_wconf 84' lang='lat' dir='ltr'>Sapientis</span> <span class='ocrx_word' id='word_1_18' title='bbox 758 447 800 500; x_wconf 85' lang='lat' dir='ltr'>ao</span> <span class='ocrx_word' id='word_1_19' title='bbox 817 432 919 500; x_wconf 91' lang='lat' dir='ltr'>totius</span> <span class='ocrx_word' id='word_1_20' title='bbox 939 449 999 500; x_wconf 88' lang='lat' dir='ltr'>sue</span> <span class='ocrx_word' id='word_1_21' title='bbox 1017 433 1189 520; x_wconf 82' lang='lat' dir='ltr'>parentele</span> <span class='ocrx_word' id='word_1_22' title='bbox 1211 440 1244 502; x_wconf 93' lang='lat' dir='ltr'>et</span> <span class='ocrx_word' id='word_1_23' title='bbox 1261 437 1386 523; x_wconf 88' lang='lat' dir='ltr'>eompli-</span> 
     </span>
     <span class='ocr_line' id='line_1_4' title="bbox 275 529 1432 629; baseline 0.003 -31"><span class='ocrx_word' id='word_1_24' title='bbox 275 549 348 598; x_wconf 87' lang='lat' dir='ltr'>ounr</span> <span class='ocrx_word' id='word_1_25' title='bbox 367 549 501 598; x_wconf 89' lang='lat' dir='ltr'>suorum</span> <span class='ocrx_word' id='word_1_26' title='bbox 519 529 726 598; x_wconf 77' lang='lat' dir='ltr'>diruerentur</span> <span class='ocrx_word' id='word_1_27' title='bbox 742 531 995 620; x_wconf 87' lang='lat' dir='ltr'>possessiones,</span> <span class='ocrx_word' id='word_1_28' title='bbox 1015 541 1054 598; x_wconf 80' lang='lat' dir='ltr'>uo</span> <span class='ocrx_word' id='word_1_29' title='bbox 1071 532 1145 624; x_wconf 84' lang='lat' dir='ltr'>ipse</span> <span class='ocrx_word' id='word_1_30' title='bbox 1164 531 1386 623; x_wconf 82' lang='lat' dir='ltr'>Theodericus,</span> <span class='ocrx_word' id='word_1_31' title='bbox 1431 586 1432 629; x_wconf 43' lang='lat' dir='ltr'>p</span> 
     </span>
     <span class='ocr_line' id='line_1_5' title="bbox 274 627 1386 719; baseline 0.002 -22"><span class='ocrx_word' id='word_1_32' title='bbox 274 631 332 717; x_wconf 84' lang='lat' dir='ltr'>qui</span> <span class='ocrx_word' id='word_1_33' title='bbox 354 635 434 697; x_wconf 89' lang='lat' dir='ltr'>tune</span> <span class='ocrx_word' id='word_1_34' title='bbox 459 630 615 716; x_wconf 89' lang='lat' dir='ltr'>temporis</span> <span class='ocrx_word' id='word_1_35' title='bbox 641 631 675 696; x_wconf 91' lang='lat' dir='ltr'>in</span> <span class='ocrx_word' id='word_1_36' title='bbox 693 630 826 698; x_wconf 89' lang='lat' dir='ltr'>oivitute</span> <span class='ocrx_word' id='word_1_37' title='bbox 844 627 1088 698; x_wconf 81' lang='lat' dir='ltr'>famosissimus</span> <span class='ocrx_word' id='word_1_38' title='bbox 1107 630 1214 698; x_wconf 86' lang='lat' dir='ltr'>iuerat</span> <span class='ocrx_word' id='word_1_39' title='bbox 1233 637 1266 699; x_wconf 91' lang='lat' dir='ltr'>et</span> <span class='ocrx_word' id='word_1_40' title='bbox 1282 637 1386 719; x_wconf 86' lang='lat' dir='ltr'>poten-</span> 
     </span>
    </p>

    <p class='ocr_par' dir='ltr' id='par_1_3' title="bbox 274 723 1432 826">
     <span class='ocr_line' id='line_1_6' title="bbox 274 727 1385 818; baseline 0.003 -24"><span class='ocrx_word' id='word_1_41' title='bbox 274 729 444 817; x_wconf 88' lang='lat' dir='ltr'>tissimus,</span> <span class='ocrx_word' id='word_1_42' title='bbox 469 745 544 795; x_wconf 90' lang='lat' dir='ltr'>ourn</span> <span class='ocrx_word' id='word_1_43' title='bbox 570 727 722 796; x_wconf 88' lang='lat' dir='ltr'>ornnibus</span> <span class='ocrx_word' id='word_1_44' title='bbox 739 727 989 796; x_wconf 88' lang='lat' dir='ltr'>ooadiutoribus</span> <span class='ocrx_word' id='word_1_45' title='bbox 1009 729 1078 796; x_wconf 93' lang='lat' dir='ltr'>suis</span> <span class='ocrx_word' id='word_1_46' title='bbox 1095 732 1302 818; x_wconf 86' lang='lat' dir='ltr'>proseriptus</span> <span class='ocrx_word' id='word_1_47' title='bbox 1319 731 1385 797; x_wconf 88' lang='lat' dir='ltr'>otvi-</span> 
     </span>
    </p>
   </div>
   <div class='ocr_carea' id='block_1_3' title="bbox 255 825 1432 1192">
    <p class='ocr_par' dir='ltr' id='par_1_4' title="bbox 255 825 1432 1192">
     <span class='ocr_line' id='line_1_7' title="bbox 274 825 1386 916; baseline 0.003 -22"><span class='ocrx_word' id='word_1_48' title='bbox 274 832 376 895; x_wconf 85' lang='lat' dir='ltr'>totern</span> <span class='ocrx_word' id='word_1_49' title='bbox 400 825 543 894; x_wconf 88' lang='lat' dir='ltr'>latenter</span> <span class='ocrx_word' id='word_1_50' title='bbox 569 833 621 894; x_wconf 90' lang='lat' dir='ltr'>est</span> <span class='ocrx_word' id='word_1_51' title='bbox 646 843 817 912; x_wconf 88' lang='lat' dir='ltr'>egressus.</span> <span class='ocrx_word' id='word_1_52' title='bbox 860 825 932 894; x_wconf 86' lang='lat' dir='ltr'>Heu</span> <span class='ocrx_word' id='word_1_53' title='bbox 959 827 1079 894; x_wconf 82' lang='lat' dir='ltr'>etalio</span> <span class='ocrx_word' id='word_1_54' title='bbox 1106 827 1208 896; x_wconf 88' lang='lat' dir='ltr'>rnuttu</span> <span class='ocrx_word' id='word_1_55' title='bbox 1233 828 1386 916; x_wconf 87' lang='lat' dir='ltr'>sepedieto</span> 
     </span>
     <span class='ocr_line' id='line_1_8' title="bbox 255 925 1432 1024; baseline -0.004 -25"><span class='ocrx_word' id='word_1_56' title='bbox 255 925 528 1012; x_wconf 63' lang='lat' dir='ltr'>,arehiepisoopo</span> <span class='ocrx_word' id='word_1_57' title='bbox 553 925 743 1012; x_wconf 85' lang='lat' dir='ltr'>presidente</span> <span class='ocrx_word' id='word_1_58' title='bbox 773 925 879 993; x_wconf 90' lang='lat' dir='ltr'>relatu</span> <span class='ocrx_word' id='word_1_59' title='bbox 906 925 1009 1012; x_wconf 87' lang='lat' dir='ltr'>digna</span> <span class='ocrx_word' id='word_1_60' title='bbox 1038 925 1181 1017; x_wconf 84' lang='lat' dir='ltr'>fiebant,</span> <span class='ocrx_word' id='word_1_61' title='bbox 1208 945 1274 1014; x_wconf 87' lang='lat' dir='ltr'>que</span> <span class='ocrx_word' id='word_1_62' title='bbox 1297 933 1387 994; x_wconf 90' lang='lat' dir='ltr'>tarnen</span> <span class='ocrx_word' id='word_1_63' title='bbox 1431 981 1432 1024; x_wconf 69' lang='lat'>3</span> 
     </span>
     <span class='ocr_line' id='line_1_9' title="bbox 270 1024 1432 1192; baseline -0.001 -101"><span class='ocrx_word' id='word_1_64' title='bbox 270 1024 463 1192; x_wconf 46' lang='lat' dir='ltr'>pgegplplipusr</span> <span class='ocrx_word' id='word_1_65' title='bbox 477 1025 609 1091; x_wconf 86' lang='lat' dir='ltr'>nimian</span> <span class='ocrx_word' id='word_1_66' title='bbox 632 1025 875 1114; x_wconf 85' lang='lat' dir='ltr'>simplieitatem</span> <span class='ocrx_word' id='word_1_67' title='bbox 898 1025 1053 1113; x_wconf 74' lang='lat' dir='ltr'>probitati</span> <span class='ocrx_word' id='word_1_68' title='bbox 1070 1026 1144 1093; x_wconf 86' lang='lat' dir='ltr'>eius</span> <span class='ocrx_word' id='word_1_69' title='bbox 1162 1027 1296 1094; x_wconf 83' lang='lat' dir='ltr'>nrininre</span> <span class='ocrx_word' id='word_1_70' title='bbox 1313 1027 1388 1094; x_wconf 83' lang='lat' dir='ltr'>ottd-</span> <span class='ocrx_word' id='word_1_71' title='bbox 1431 1081 1432 1090; x_wconf 72' lang='grc'>,</span> 
     </span>
    </p>
   </div>
   <div class='ocr_carea' id='block_1_4' title="bbox 273 1751 1391 1946">
    <p class='ocr_par' dir='ltr' id='par_1_5' title="bbox 273 1699 1432 1946">
     <span class='ocr_line' id='line_1_10' title="bbox 273 1751 1391 1826; baseline -0.002 0"><span class='ocrx_word' id='word_1_72' title='bbox 273 1753 465 1826; x_wconf 85' lang='lat' dir='ltr'>LEVOLDI</span> <span class='ocrx_word' id='word_1_73' title='bbox 504 1753 533 1824; x_wconf 87' lang='lat' dir='ltr'><strong>A</strong></span> <span class='ocrx_word' id='word_1_74' title='bbox 567 1751 772 1824; x_wconf 87' lang='lat' dir='ltr'><strong>NORTHOF</strong></span> <span class='ocrx_word' id='word_1_75' title='bbox 807 1751 1065 1826; x_wconf 83' lang='lat' dir='ltr'><strong>CATALOGUS</strong></span> <span class='ocrx_word' id='word_1_76' title='bbox 1102 1751 1391 1826; x_wconf 81' lang='lat' dir='ltr'>nnuntsrtsto-</span> 
     </span>
     <span class='ocr_line' id='line_1_11' title="bbox 437 1851 1242 1946; baseline -0.002 -22"><span class='ocrx_word' id='word_1_77' title='bbox 437 1851 587 1924; x_wconf 89' lang='lat' dir='ltr'><strong>PORUM</strong></span> <span class='ocrx_word' id='word_1_78' title='bbox 614 1852 950 1946; x_wconf 20' lang='lat' dir='ltr'><strong>COLONIE‘NSIUM.</strong></span> <span class='ocrx_word' id='word_1_79' title='bbox 1002 1855 1049 1923; x_wconf 84' lang='lat' dir='ltr'>on</span> <span class='ocrx_word' id='word_1_80' title='bbox 1068 1893 1112 1904; x_wconf 84' lang='lat'>—</span> <span class='ocrx_word' id='word_1_81' title='bbox 1135 1853 1242 1923; x_wconf 76' lang='lat' dir='ltr'>tono.</span> 
     </span>
    </p>
   </div>
   <div class='ocr_carea' id='block_1_5' title="bbox 737 2053 933 2064">
    <p class='ocr_par' dir='ltr' id='par_1_6' title="bbox 737 2053 933 2064">
     <span class='ocr_line' id='line_1_12' title="bbox 737 2053 933 2064; baseline 0.01 -2"><span class='ocrx_word' id='word_1_82' title='bbox 737 2053 933 2064; x_wconf 51' lang='lat' dir='ltr'>...ss—</span> 
     </span>
    </p>
   </div>
   <div class='ocr_carea' id='block_1_6' title="bbox 183 2175 1432 4272">
    <p class='ocr_par' dir='ltr' id='par_1_7' title="bbox 272 2175 1432 2497">
     <span class='ocr_line' id='line_1_13' title="bbox 343 2175 1432 2306; baseline -0.008 -27"><span class='ocrx_word' id='word_1_83' title='bbox 343 2175 443 2306; x_wconf 74' lang='lat' dir='ltr'>Quia</span> <span class='ocrx_word' id='word_1_84' title='bbox 457 2211 558 2298; x_wconf 46' lang='lat' dir='ltr'>‘pauni</span> <span class='ocrx_word' id='word_1_85' title='bbox 577 2213 671 2298; x_wconf 87' lang='lat' dir='ltr'>sunt,</span> <span class='ocrx_word' id='word_1_86' title='bbox 691 2208 804 2300; x_wconf 83' lang='lat' dir='ltr'>oredo,</span> <span class='ocrx_word' id='word_1_87' title='bbox 822 2211 856 2278; x_wconf 93' lang='lat' dir='ltr'>in</span> <span class='ocrx_word' id='word_1_88' title='bbox 872 2215 959 2279; x_wconf 86' lang='lat' dir='ltr'>terra</span> <span class='ocrx_word' id='word_1_89' title='bbox 976 2207 1090 2276; x_wconf 79' lang='lat' dir='ltr'>Maron</span> <span class='ocrx_word' id='word_1_90' title='bbox 1105 2207 1163 2294; x_wconf 74' lang='lat' dir='ltr'>qui</span> <span class='ocrx_word' id='word_1_91' title='bbox 1181 2203 1327 2273; x_wconf 88' lang='lat' dir='ltr'>babeant</span> <span class='ocrx_word' id='word_1_92' title='bbox 1340 2204 1393 2271; x_wconf 86' lang='lat' dir='ltr'>uii-</span> <span class='ocrx_word' id='word_1_93' title='bbox 1431 2211 1432 2216; x_wconf 76' lang='grc'>’</span> 
     </span>
     <span class='ocr_line' id='line_1_14' title="bbox 274 2302 1394 2400; baseline -0.01 -20"><span class='ocrx_word' id='word_1_94' title='bbox 274 2329 341 2400; x_wconf 86' lang='lat' dir='ltr'>qua</span> <span class='ocrx_word' id='word_1_95' title='bbox 365 2309 488 2396; x_wconf 87' lang='lat' dir='ltr'>seriptu</span> <span class='ocrx_word' id='word_1_96' title='bbox 511 2308 553 2376; x_wconf 92' lang='lat' dir='ltr'>de</span> <span class='ocrx_word' id='word_1_97' title='bbox 578 2310 686 2396; x_wconf 90' lang='lat' dir='ltr'>gestis</span> <span class='ocrx_word' id='word_1_98' title='bbox 713 2315 746 2377; x_wconf 87' lang='lat' dir='ltr'>et</span> <span class='ocrx_word' id='word_1_99' title='bbox 770 2309 974 2398; x_wconf 87' lang='lat' dir='ltr'>tenporibus</span> <span class='ocrx_word' id='word_1_100' title='bbox 992 2307 1320 2394; x_wconf 84' lang='lat' dir='ltr'>arehiepisooporun</span> <span class='ocrx_word' id='word_1_101' title='bbox 1337 2302 1394 2370; x_wconf 85' lang='lat' dir='ltr'>Co-</span> 
     </span>
     <span class='ocr_line' id='line_1_15' title="bbox 272 2401 1393 2497; baseline -0.012 -18"><span class='ocrx_word' id='word_1_102' title='bbox 272 2409 474 2478; x_wconf 84' lang='lat' dir='ltr'>loniensiunr</span> <span class='ocrx_word' id='word_1_103' title='bbox 499 2409 554 2494; x_wconf 85' lang='lat' dir='ltr'>qui</span> <span class='ocrx_word' id='word_1_104' title='bbox 578 2407 710 2476; x_wconf 86' lang='lat' dir='ltr'>inerunt</span> <span class='ocrx_word' id='word_1_105' title='bbox 733 2425 794 2496; x_wconf 91' lang='lat' dir='ltr'>pro</span> <span class='ocrx_word' id='word_1_106' title='bbox 816 2413 983 2497; x_wconf 85' lang='lat' dir='ltr'>ternpore,</span> <span class='ocrx_word' id='word_1_107' title='bbox 1001 2406 1125 2474; x_wconf 83' lang='lat' dir='ltr'>ideireo</span> <span class='ocrx_word' id='word_1_108' title='bbox 1149 2421 1210 2492; x_wconf 91' lang='lat' dir='ltr'>pro</span> <span class='ocrx_word' id='word_1_109' title='bbox 1228 2403 1271 2470; x_wconf 90' lang='lat' dir='ltr'>iis</span> <span class='ocrx_word' id='word_1_110' title='bbox 1290 2403 1341 2489; x_wconf 89' lang='lat' dir='ltr'>qui</span> <span class='ocrx_word' id='word_1_111' title='bbox 1356 2401 1393 2467; x_wconf 93' lang='lat' dir='ltr'>li-</span> 
     </span>
    </p>

    <p class='ocr_par' dir='ltr' id='par_1_8' title="bbox 211 2500 1432 2893">
     <span class='ocr_line' id='line_1_16' title="bbox 211 2500 1393 2596; baseline -0.009 -19"><span class='ocrx_word' id='word_1_112' title='bbox 211 2593 212 2596; x_wconf 9' lang='lat'><em>*</em></span> <span class='ocrx_word' id='word_1_113' title='bbox 273 2508 391 2576; x_wconf 91' lang='lat' dir='ltr'>beuter</span> <span class='ocrx_word' id='word_1_114' title='bbox 412 2507 514 2574; x_wconf 86' lang='lat' dir='ltr'>nrulta</span> <span class='ocrx_word' id='word_1_115' title='bbox 532 2511 565 2574; x_wconf 95' lang='lat' dir='ltr'>et</span> <span class='ocrx_word' id='word_1_116' title='bbox 582 2505 715 2574; x_wconf 85' lang='lat' dir='ltr'>diversa</span> <span class='ocrx_word' id='word_1_117' title='bbox 733 2505 915 2593; x_wconf 80' lang='lat' dir='ltr'>degustent</span> <span class='ocrx_word' id='word_1_118' title='bbox 931 2504 1099 2594; x_wconf 81' lang='lat' dir='ltr'>legendo,</span> <span class='ocrx_word' id='word_1_119' title='bbox 1124 2519 1164 2571; x_wconf 89' lang='lat' dir='ltr'>ea</span> <span class='ocrx_word' id='word_1_120' title='bbox 1183 2519 1249 2589; x_wconf 90' lang='lat' dir='ltr'>que</span> <span class='ocrx_word' id='word_1_121' title='bbox 1269 2500 1310 2568; x_wconf 91' lang='lat' dir='ltr'>de</span> <span class='ocrx_word' id='word_1_122' title='bbox 1326 2517 1393 2588; x_wconf 90' lang='lat' dir='ltr'>pre·</span> 
     </span>
     <span class='ocr_line' id='line_1_17' title="bbox 274 2599 1432 2694; baseline -0.01 -18"><span class='ocrx_word' id='word_1_123' title='bbox 274 2607 436 2676; x_wconf 89' lang='lat' dir='ltr'>diotorurn</span> <span class='ocrx_word' id='word_1_124' title='bbox 453 2606 776 2694; x_wconf 76' lang='lat' dir='ltr'>arehiepiscoporunr</span> <span class='ocrx_word' id='word_1_125' title='bbox 796 2605 1045 2674; x_wconf 85' lang='lat' dir='ltr'>Coloniensiurn</span> <span class='ocrx_word' id='word_1_126' title='bbox 1066 2603 1172 2689; x_wconf 84' lang='lat' dir='ltr'>gestis</span> <span class='ocrx_word' id='word_1_127' title='bbox 1192 2605 1226 2668; x_wconf 93' lang='lat' dir='ltr'>et</span> <span class='ocrx_word' id='word_1_128' title='bbox 1243 2599 1393 2688; x_wconf 90' lang='lat' dir='ltr'>tempori·</span> <span class='ocrx_word' id='word_1_129' title='bbox 1431 2663 1432 2694; x_wconf 22' lang='lat' dir='ltr'><strong>ff</strong></span> 
     </span>
     <span class='ocr_line' id='line_1_18' title="bbox 274 2697 1432 2794; baseline -0.01 -20"><span class='ocrx_word' id='word_1_130' title='bbox 274 2706 337 2774; x_wconf 93' lang='lat' dir='ltr'>bus</span> <span class='ocrx_word' id='word_1_131' title='bbox 356 2707 476 2794; x_wconf 86' lang='lat' dir='ltr'>seripta</span> <span class='ocrx_word' id='word_1_132' title='bbox 495 2705 618 2793; x_wconf 88' lang='lat' dir='ltr'>inveni,</span> <span class='ocrx_word' id='word_1_133' title='bbox 637 2703 716 2771; x_wconf 89' lang='lat' dir='ltr'>duxi</span> <span class='ocrx_word' id='word_1_134' title='bbox 734 2705 788 2772; x_wconf 87' lang='lat' dir='ltr'>hio</span> <span class='ocrx_word' id='word_1_135' title='bbox 806 2704 994 2794; x_wconf 80' lang='lat' dir='ltr'>scribenda,</span> <span class='ocrx_word' id='word_1_136' title='bbox 1011 2719 1051 2771; x_wconf 92' lang='lat' dir='ltr'>eo</span> <span class='ocrx_word' id='word_1_137' title='bbox 1066 2709 1183 2770; x_wconf 90' lang='lat' dir='ltr'>tenore</span> <span class='ocrx_word' id='word_1_138' title='bbox 1203 2717 1270 2786; x_wconf 87' lang='lat' dir='ltr'>quo</span> <span class='ocrx_word' id='word_1_139' title='bbox 1288 2697 1392 2785; x_wconf 90' lang='lat' dir='ltr'>reperi,</span> <span class='ocrx_word' id='word_1_140' title='bbox 1431 2699 1432 2708; x_wconf 76' lang='grc'>’</span> 
     </span>
     <span class='ocr_line' id='line_1_19' title="bbox 274 2797 1285 2893; baseline -0.009 -19"><span class='ocrx_word' id='word_1_141' title='bbox 274 2805 355 2874; x_wconf 87' lang='lat' dir='ltr'>nibil</span> <span class='ocrx_word' id='word_1_142' title='bbox 373 2799 528 2873; x_wconf 92' lang='lat' dir='ltr'>addendo</span> <span class='ocrx_word' id='word_1_143' title='bbox 546 2803 601 2872; x_wconf 93' lang='lat' dir='ltr'>vel</span> <span class='ocrx_word' id='word_1_144' title='bbox 620 2802 836 2893; x_wconf 80' lang='lat' dir='ltr'>porrigendo,</span> <span class='ocrx_word' id='word_1_145' title='bbox 853 2805 910 2872; x_wconf 93' lang='lat' dir='ltr'>vel</span> <span class='ocrx_word' id='word_1_146' title='bbox 928 2801 1052 2890; x_wconf 85' lang='lat' dir='ltr'>aliquid</span> <span class='ocrx_word' id='word_1_147' title='bbox 1069 2797 1285 2868; x_wconf 86' lang='lat' dir='ltr'>irnrnutando.</span> 
     </span>
    </p>

    <p class='ocr_par' dir='ltr' id='par_1_9' title="bbox 347 2897 1187 2990">
     <span class='ocr_line' id='line_1_20' title="bbox 347 2897 1187 2990; baseline -0.007 -18"><span class='ocrx_word' id='word_1_148' title='bbox 347 2937 349 2940; x_wconf 96' lang='lat'>·</span> <span class='ocrx_word' id='word_1_149' title='bbox 373 2897 567 2972; x_wconf 80' lang='lat' dir='ltr'>Pontificum</span> <span class='ocrx_word' id='word_1_150' title='bbox 585 2907 684 2988; x_wconf 88' lang='lat' dir='ltr'>gesta</span> <span class='ocrx_word' id='word_1_151' title='bbox 701 2901 861 2970; x_wconf 88' lang='lat' dir='ltr'>brevitate</span> <span class='ocrx_word' id='word_1_152' title='bbox 878 2901 1027 2990; x_wconf 82' lang='lat' dir='ltr'>prototur</span> <span class='ocrx_word' id='word_1_153' title='bbox 1039 2899 1187 2968; x_wconf 83' lang='lat' dir='ltr'>¹honesta</span> 
     </span>
    </p>

    <p class='ocr_par' dir='ltr' id='par_1_10' title="bbox 372 2999 1087 3090">
     <span class='ocr_line' id='line_1_21' title="bbox 372 2999 1087 3090; baseline -0.007 -20"><span class='ocrx_word' id='word_1_154' title='bbox 372 3001 469 3070; x_wconf 88' lang='lat' dir='ltr'>Urbis</span> <span class='ocrx_word' id='word_1_155' title='bbox 487 3000 687 3090; x_wconf 85' lang='lat' dir='ltr'>Agrippino,</span> <span class='ocrx_word' id='word_1_156' title='bbox 707 2999 841 3070; x_wconf 88' lang='lat' dir='ltr'>deereto</span> <span class='ocrx_word' id='word_1_157' title='bbox 861 3001 994 3088; x_wconf 88' lang='lat' dir='ltr'>singula</span> <span class='ocrx_word' id='word_1_158' title='bbox 1012 2999 1087 3067; x_wconf 86' lang='lat' dir='ltr'>inre.</span> 
     </span>
    </p>

    <p class='ocr_par' dir='ltr' id='par_1_11' title="bbox 348 3090 1392 3188">
     <span class='ocr_line' id='line_1_22' title="bbox 348 3090 1392 3188; baseline -0.008 -21"><span class='ocrx_word' id='word_1_159' title='bbox 348 3097 447 3188; x_wconf 90' lang='lat' dir='ltr'>Apud</span> <span class='ocrx_word' id='word_1_160' title='bbox 464 3097 680 3188; x_wconf 87' lang='lat' dir='ltr'>Agrippinam</span> <span class='ocrx_word' id='word_1_161' title='bbox 696 3100 842 3168; x_wconf 92' lang='lat' dir='ltr'>nobilern</span> <span class='ocrx_word' id='word_1_162' title='bbox 860 3097 1141 3168; x_wconf 84' lang='lat' dir='ltr'>civitatem·Gaiiie</span> <span class='ocrx_word' id='word_1_163' title='bbox 1158 3097 1284 3184; x_wconf 89' lang='lat' dir='ltr'>prirnus</span> <span class='ocrx_word' id='word_1_164' title='bbox 1301 3090 1392 3179; x_wconf 87' lang='lat' dir='ltr'>adep-</span> 
     </span>
    </p>

    <p class='ocr_par' dir='ltr' id='par_1_12' title="bbox 183 3193 1392 4272">
     <span class='ocr_line' id='line_1_23' title="bbox 183 3193 1392 3287; baseline -0.008 -20"><span class='ocrx_word' id='word_1_165' title='bbox 183 3227 185 3230; x_wconf 95' lang='lat'>·</span> <span class='ocrx_word' id='word_1_166' title='bbox 273 3204 329 3266; x_wconf 91' lang='lat' dir='ltr'>tus</span> <span class='ocrx_word' id='word_1_167' title='bbox 348 3205 402 3268; x_wconf 92' lang='lat' dir='ltr'>est</span> <span class='ocrx_word' id='word_1_168' title='bbox 419 3199 646 3286; x_wconf 79' lang='lat' dir='ltr'>episcopatum</span> <span class='ocrx_word' id='word_1_169' title='bbox 664 3204 801 3266; x_wconf 85' lang='lat' dir='ltr'>sanetus</span> <span class='ocrx_word' id='word_1_170' title='bbox 820 3197 1008 3287; x_wconf 65' lang='lat' dir='ltr'>Motorum,</span> <span class='ocrx_word' id='word_1_171' title='bbox 1027 3197 1239 3264; x_wconf 68' lang='lat' dir='ltr'>trevirorum</span> <span class='ocrx_word' id='word_1_172' title='bbox 1264 3201 1297 3261; x_wconf 89' lang='lat' dir='ltr'>et</span> <span class='ocrx_word' id='word_1_173' title='bbox 1314 3193 1392 3258; x_wconf 90' lang='lat' dir='ltr'>ton·</span> 
     </span>
     <span class='ocr_line' id='line_1_24' title="bbox 275 3291 1392 3387; baseline -0.013 -20"><span class='ocrx_word' id='word_1_174' title='bbox 275 3315 408 3385; x_wconf 90' lang='lat' dir='ltr'>grururn</span> <span class='ocrx_word' id='word_1_175' title='bbox 435 3299 559 3386; x_wconf 86' lang='lat' dir='ltr'>pariter</span> <span class='ocrx_word' id='word_1_176' title='bbox 581 3299 780 3387; x_wconf 65' lang='lat' dir='ltr'>episcopm,</span> <span class='ocrx_word' id='word_1_177' title='bbox 808 3313 896 3366; x_wconf 91' lang='lat' dir='ltr'>anno</span> <span class='ocrx_word' id='word_1_178' title='bbox 916 3297 1039 3365; x_wconf 89' lang='lat' dir='ltr'>domini</span> <span class='ocrx_word' id='word_1_179' title='bbox 1062 3295 1189 3384; x_wconf 76' lang='lat' dir='ltr'>rediit,</span> <span class='ocrx_word' id='word_1_180' title='bbox 1216 3291 1392 3360; x_wconf 85' lang='lat' dir='ltr'>Domitiano</span> 
     </span>
     <span class='ocr_line' id='line_1_25' title="bbox 273 3387 1392 3486; baseline -0.013 -22"><span class='ocrx_word' id='word_1_181' title='bbox 273 3398 472 3486; x_wconf 86' lang='lat' dir='ltr'>imperatore</span> <span class='ocrx_word' id='word_1_182' title='bbox 497 3403 668 3482; x_wconf 80' lang='lat' dir='ltr'>regnante.</span> <span class='ocrx_word' id='word_1_183' title='bbox 696 3395 857 3483; x_wconf 85' lang='lat' dir='ltr'>Seditque</span> <span class='ocrx_word' id='word_1_184' title='bbox 883 3397 981 3464; x_wconf 88' lang='lat' dir='ltr'>annis</span> <span class='ocrx_word' id='word_1_185' title='bbox 1007 3391 1249 3482; x_wconf 84' lang='lat' dir='ltr'>quodraginta,</span> <span class='ocrx_word' id='word_1_186' title='bbox 1277 3396 1310 3459; x_wconf 92' lang='lat' dir='ltr'>et</span> <span class='ocrx_word' id='word_1_187' title='bbox 1326 3387 1392 3456; x_wconf 89' lang='lat' dir='ltr'>obiit</span> 
     </span>
     <span class='ocr_line' id='line_1_26' title="bbox 273 3486 1391 3590; baseline -0.01 -27"><span class='ocrx_word' id='word_1_188' title='bbox 273 3493 414 3566; x_wconf 51' lang='lat' dir='ltr'>¹Cotonie</span> <span class='ocrx_word' id='word_1_189' title='bbox 435 3495 495 3590; x_wconf 89' lang='lat' dir='ltr'>sub</span> <span class='ocrx_word' id='word_1_190' title='bbox 513 3490 658 3562; x_wconf 85' lang='lat' dir='ltr'>Adriano</span> <span class='ocrx_word' id='word_1_191' title='bbox 677 3495 891 3584; x_wconf 84' lang='lat' dir='ltr'>imperatore,</span> <span class='ocrx_word' id='word_1_192' title='bbox 910 3512 998 3562; x_wconf 90' lang='lat' dir='ltr'>anno</span> <span class='ocrx_word' id='word_1_193' title='bbox 1017 3492 1139 3560; x_wconf 85' lang='lat' dir='ltr'>donnini</span> <span class='ocrx_word' id='word_1_194' title='bbox 1158 3492 1289 3559; x_wconf 75' lang='lat' dir='ltr'>onitin.</span> <span class='ocrx_word' id='word_1_195' title='bbox 1312 3486 1391 3554; x_wconf 83' lang='lat' dir='ltr'>Con·</span> 
     </span>
     <span class='ocr_line' id='line_1_27' title="bbox 274 3589 1391 3678; baseline -0.011 -16"><span class='ocrx_word' id='word_1_196' title='bbox 274 3589 487 3663; x_wconf 86' lang='lat' dir='ltr'>venientibus</span> <span class='ocrx_word' id='word_1_197' title='bbox 513 3599 623 3660; x_wconf 87' lang='lat' dir='ltr'>autern</span> <span class='ocrx_word' id='word_1_198' title='bbox 648 3593 900 3662; x_wconf 88' lang='lat' dir='ltr'>trevirensibus</span> <span class='ocrx_word' id='word_1_199' title='bbox 926 3599 959 3660; x_wconf 90' lang='lat' dir='ltr'>et</span> <span class='ocrx_word' id='word_1_200' title='bbox 977 3589 1231 3678; x_wconf 68' lang='lat' dir='ltr'>tongrensibus</span> <span class='ocrx_word' id='word_1_201' title='bbox 1249 3606 1315 3656; x_wconf 89' lang='lat' dir='ltr'>una</span> <span class='ocrx_word' id='word_1_202' title='bbox 1332 3599 1391 3652; x_wconf 90' lang='lat' dir='ltr'>uun</span> 
     </span>
     <span class='ocr_line' id='line_1_28' title="bbox 276 3687 1391 3782; baseline -0.01 -22"><span class='ocrx_word' id='word_1_203' title='bbox 276 3691 550 3782; x_wconf 83' lang='lat' dir='ltr'>Coloniensibus‚</span> <span class='ocrx_word' id='word_1_204' title='bbox 570 3699 641 3760; x_wconf 87' lang='lat' dir='ltr'>orta</span> <span class='ocrx_word' id='word_1_205' title='bbox 665 3696 717 3758; x_wconf 90' lang='lat' dir='ltr'>est</span> <span class='ocrx_word' id='word_1_206' title='bbox 741 3692 781 3760; x_wconf 90' lang='lat' dir='ltr'>tis</span> <span class='ocrx_word' id='word_1_207' title='bbox 804 3692 861 3759; x_wconf 94' lang='lat' dir='ltr'>ubi</span> <span class='ocrx_word' id='word_1_208' title='bbox 879 3689 1076 3763; x_wconf 73' lang='lat' dir='ltr'>tondendus</span> <span class='ocrx_word' id='word_1_209' title='bbox 1095 3695 1204 3777; x_wconf 88' lang='lat' dir='ltr'>esset,</span> <span class='ocrx_word' id='word_1_210' title='bbox 1225 3687 1391 3770; x_wconf 84' lang='lat' dir='ltr'>divinoque</span> 
     </span>
     <span class='ocr_line' id='line_1_29' title="bbox 275 3780 1391 3880; baseline -0.009 -23"><span class='ocrx_word' id='word_1_211' title='bbox 275 3794 400 3860; x_wconf 89' lang='lat' dir='ltr'>monitu</span> <span class='ocrx_word' id='word_1_212' title='bbox 417 3794 451 3859; x_wconf 96' lang='lat' dir='ltr'>in</span> <span class='ocrx_word' id='word_1_213' title='bbox 469 3792 579 3859; x_wconf 87' lang='lat' dir='ltr'>navirn</span> <span class='ocrx_word' id='word_1_214' title='bbox 596 3791 745 3880; x_wconf 82' lang='lat' dir='ltr'>postus,</span> <span class='ocrx_word' id='word_1_215' title='bbox 764 3793 798 3858; x_wconf 96' lang='lat' dir='ltr'>in</span> <span class='ocrx_word' id='word_1_216' title='bbox 815 3792 924 3859; x_wconf 87' lang='lat' dir='ltr'>loourn</span> <span class='ocrx_word' id='word_1_217' title='bbox 944 3789 999 3877; x_wconf 85' lang='lat' dir='ltr'>qui</span> <span class='ocrx_word' id='word_1_218' title='bbox 1016 3786 1271 3856; x_wconf 86' lang='lat' dir='ltr'>Rodenkiroben</span> <span class='ocrx_word' id='word_1_219' title='bbox 1289 3780 1391 3872; x_wconf 88' lang='lat' dir='ltr'>oppel-</span> 
     </span>
     <span class='ocr_line' id='line_1_30' title="bbox 274 3881 1390 3968; baseline -0.009 -13"><span class='ocrx_word' id='word_1_220' title='bbox 274 3888 360 3956; x_wconf 85' lang='lat' dir='ltr'>latur</span> <span class='ocrx_word' id='word_1_221' title='bbox 386 3897 500 3959; x_wconf 85' lang='lat' dir='ltr'>eontra</span> <span class='ocrx_word' id='word_1_222' title='bbox 527 3894 708 3957; x_wconf 88' lang='lat' dir='ltr'>ourrentenr</span> <span class='ocrx_word' id='word_1_223' title='bbox 726 3889 837 3958; x_wconf 62' lang='lat' dir='ltr'>‘Rheni</span> <span class='ocrx_word' id='word_1_224' title='bbox 860 3887 995 3957; x_wconf 88' lang='lat' dir='ltr'>tiuvium</span> <span class='ocrx_word' id='word_1_225' title='bbox 1020 3886 1218 3966; x_wconf 76' lang='lat' dir='ltr'>miraculose</span> <span class='ocrx_word' id='word_1_226' title='bbox 1247 3881 1390 3968; x_wconf 83' lang='lat' dir='ltr'>dirigitur,</span> 
     </span>
     <span class='ocr_line' id='line_1_31' title="bbox 274 3980 1392 4076; baseline -0.011 -22"><span class='ocrx_word' id='word_1_227' title='bbox 274 3987 386 4074; x_wconf 87' lang='lat' dir='ltr'>ibique</span> <span class='ocrx_word' id='word_1_228' title='bbox 406 4007 425 4056; x_wconf 85' lang='lat' dir='ltr'>a</span> <span class='ocrx_word' id='word_1_229' title='bbox 443 3987 696 4056; x_wconf 79' lang='lat' dir='ltr'>&#39;trevirensibus</span> <span class='ocrx_word' id='word_1_230' title='bbox 711 3994 919 4076; x_wconf 58' lang='lat' dir='ltr'>susceptu,</span> <span class='ocrx_word' id='word_1_231' title='bbox 947 4002 1019 4054; x_wconf 89' lang='lat' dir='ltr'>ourn</span> <span class='ocrx_word' id='word_1_232' title='bbox 1044 3984 1167 4054; x_wconf 87' lang='lat' dir='ltr'>sanetis</span> <span class='ocrx_word' id='word_1_233' title='bbox 1192 3982 1350 4052; x_wconf 82' lang='lat' dir='ltr'>Euoberio</span> <span class='ocrx_word' id='word_1_234' title='bbox 1367 3980 1392 4042; x_wconf 90' lang='lat' dir='ltr'>et</span> 
     </span>
     <span class='ocr_line' id='line_1_32' title="bbox 274 4077 1391 4176; baseline -0.011 -22"><span class='ocrx_word' id='word_1_235' title='bbox 274 4077 408 4154; x_wconf 85' lang='lat' dir='ltr'>Valerio</span> <span class='ocrx_word' id='word_1_236' title='bbox 434 4087 551 4176; x_wconf 82' lang='lat' dir='ltr'>soniis,</span> <span class='ocrx_word' id='word_1_237' title='bbox 577 4087 712 4155; x_wconf 89' lang='lat' dir='ltr'>treveri</span> <span class='ocrx_word' id='word_1_238' title='bbox 742 4086 924 4156; x_wconf 75' lang='lat' dir='ltr'>honorifice</span> <span class='ocrx_word' id='word_1_239' title='bbox 952 4084 1127 4174; x_wconf 80' lang='lat' dir='ltr'>sepelitur3</span> <span class='ocrx_word' id='word_1_240' title='bbox 1160 4084 1215 4170; x_wconf 79' lang='lat' dir='ltr'>oui</span> <span class='ocrx_word' id='word_1_241' title='bbox 1239 4077 1391 4148; x_wconf 91' lang='lat' dir='ltr'>treverin</span> 
     </span>
     <span class='ocr_line' id='line_1_33' title="bbox 276 4175 1391 4272; baseline -0.01 -19"><span class='ocrx_word' id='word_1_242' title='bbox 276 4190 328 4254; x_wconf 91' lang='lat' dir='ltr'>est</span> <span class='ocrx_word' id='word_1_243' title='bbox 354 4183 484 4253; x_wconf 86' lang='lat' dir='ltr'>delatus</span> <span class='ocrx_word' id='word_1_244' title='bbox 508 4185 603 4254; x_wconf 83' lang='lat' dir='ltr'>iussu</span> <span class='ocrx_word' id='word_1_245' title='bbox 627 4185 792 4272; x_wconf 84' lang='lat' dir='ltr'>angeiioo.</span> <span class='ocrx_word' id='word_1_246' title='bbox 816 4183 950 4254; x_wconf 72' lang='lat' dir='ltr'>&#39;Deinde</span> <span class='ocrx_word' id='word_1_247' title='bbox 972 4197 1082 4272; x_wconf 85' lang='lat' dir='ltr'>usque</span> <span class='ocrx_word' id='word_1_248' title='bbox 1098 4181 1143 4252; x_wconf 88' lang='lat' dir='ltr'>ad</span> <span class='ocrx_word' id='word_1_249' title='bbox 1160 4180 1323 4251; x_wconf 77' lang='lat' dir='ltr'>Eufraten</span> <span class='ocrx_word' id='word_1_250' title='bbox 1339 4175 1391 4243; x_wconf 93' lang='lat' dir='ltr'>he-</span> 
     </span>
    </p>
   </div>
   <div class='ocr_carea' id='block_1_7' title="bbox 0 0 1447 4834">
    <p class='ocr_par' dir='ltr' id='par_1_13' title="bbox 0 0 1447 4834">
     <span class='ocr_line' id='line_1_34' title="bbox 0 0 1447 4834; baseline 0 0"><span class='ocrx_word' id='word_1_251' title='bbox 0 0 1447 4834; x_wconf 95' lang='lat' dir='ltr'> </span> 
     </span>
    </p>
   </div>
  </div>
 </body>
</html>
