2888 4824
442 278 480 322 ex
502 279 603 324 rnorra
626 279 728 324 wrrres.
1084 251 1157 319 lt53

33 416 145 503 qnippe
171 414 332 483 Geraldus
357 415 630 504 archiepiscopus
655 417 849 508 Maguntie,
876 421 1239 508 quiexpreemi-12⁵⁷

33 515 137 581 nentia
165 532 225 582 sue
250 513 362 582 debito
387 515 524 602 primam
547 515 610 582 sibi
634 534 766 584 manum
783 517 954 604 imponere
972 518 1156 610 tenebatur,

34 613 222 680 auctoritate
241 615 358 681 summi
375 613 540 700 pontificis
561 616 911 683 excommunicationis
929 618 1063 684 vinculo
1082 617 1157 688 lue-

34 718 77 778 rat
92 711 283 800 innodatae,
301 718 526 780 verumtamen
544 715 578 780 in
597 715 731 780 civitate
750 733 815 800 que
834 714 952 782 dicitur
968 714 1157 803 Aquisgra-

34 829 121 898 num,
145 810 204 878 ubi
228 828 270 878 ex
292 811 428 898 antiquo
448 829 538 878 more
556 813 704 879 universi
721 829 820 897 reges
839 815 991 882 coronari
1010 832 1157 884 consue-

33 913 160 998 verunt,
180 909 421 996 presentialiter
437 909 594 978 interfuit.
622 910 794 998 Completo
814 912 1040 1000 sollempniter
1058 931 1157 982 coro-

34 1008 170 1074 nationis
199 1006 329 1096 olheio,
354 1026 428 1096 rex,
454 1009 548 1095 regio
566 1015 765 1076 venustatus
784 1009 969 1078 diademate
988 1011 1156 1097 gloriosus

34 1105 208 1194 etlulgenS,
227 1107 260 1174 in
278 1107 397 1174 throno
416 1105 524 1176 Caroli
542 1109 654 1193 magni
672 1107 854 1176 honorilice
873 1109 1069 1194 collocatus,
1089 1111 1157 1180 do-

34 1206 145 1272 minum
162 1202 342 1272 Henricum
361 1206 460 1273 lilium
480 1225 575 1274 snum
593 1207 705 1274 militie
724 1207 859 1292 cingulo
877 1206 1057 1276 decoravit.
1084 1208 1154 1278 Co·

33 1309 142 1370 ronata
168 1309 223 1370 est
246 1321 318 1370 cum
346 1321 387 1372 eo
412 1305 627 1373 serenissima
651 1307 775 1372 coniux
805 1323 866 1373 sua
885 1307 1040 1397 Senchia,
1059 1309 1154 1376 ouius

34 1401 255 1470 inestimabilis
280 1403 467 1490 pulcritudo
494 1403 772 1491 sollempnitatem
797 1405 905 1491 ipsam
935 1423 1002 1472 non
1026 1405 1157 1475 medio-

33 1501 119 1568 criter
135 1501 322 1569 illustravit.
346 1500 554 1588 Sequebatur
571 1508 637 1568 tam
656 1503 840 1590 sollempne
859 1505 1048 1571 convivium
1066 1504 1158 1592 quod

34 1598 147 1666 iudicio
173 1601 358 1687 principum
385 1606 418 1668 et
440 1619 612 1689 procerum
631 1602 687 1688 qui
704 1603 924 1688 personaliter
941 1602 1159 1670 interfuerunt

35 1697 193 1764 modernis
213 1699 416 1786 temporibus
435 1701 716 1788 comparationem
739 1701 886 1788 recipere
905 1700 1158 1786 dedignabatur.

97 1796 283 1864 hll.cc.l.viii.
321 1797 501 1883 lllagnates
532 1797 655 1884 Anglie
689 1799 933 1886 prospicientes
965 1798 1160 1868 Richardum

35 1911 137 1980 regem
164 1893 363 1963 Alemannie
390 1897 431 1963 ab
463 1893 586 1982 Anglia
613 1898 796 1985 recesisse,
825 1898 881 1984 qui
905 1897 981 1964 dum
1008 1905 1102 1966 esset
1124 1900 1159 1965 in

36 1989 146 2078 tlnglia
164 2012 278 2079 regern
298 1999 331 2061 et
349 1996 445 2080 regni
463 1996 690 2062 moderamina
707 1995 973 2085 gubernaverat,
999 1995 1041 2062 ad
1064 1997 1159 2064 ouius

36 2098 138 2158 nutum
155 2095 315 2184 universa
332 2095 426 2179 regni
445 2095 582 2179 negotia
598 2093 846 2182 dependebant,
865 2093 1160 2182 credentesipsum

37 2190 65 2256 in
80 2187 234 2276 Angliam
252 2210 470 2281 reversurum,
486 2192 707 2261 decernentes
725 2210 839 2278 regern
857 2190 979 2278 Anglie
997 2195 1091 2278 regni
1107 2193 1160 2260 sui

37 2291 170 2373 negotiis
189 2281 410 2377 disponendis
429 2293 576 2358 inutilem
595 2298 628 2360 et
645 2290 917 2379 insufficientem,
937 2293 1025 2360 cirea
1038 2290 1160 2359 lestum

39 2389 134 2454 saneti
166 2388 319 2456 Barnabe
347 2391 545 2475 congregati
572 2395 649 2457 sunt
679 2387 828 2480 Oxonie,
856 2391 1098 2459 convenientes
1125 2391 1159 2457 in

37 2503 125 2552 unum
142 2485 307 2554 adversus
326 2486 494 2556 dominum
511 2497 543 2556 et
560 2507 674 2574 regem
690 2505 796 2576 suum,
814 2495 948 2556 unctum
966 2491 1080 2576 utique
1096 2488 1160 2557 do-

38 2585 157 2654 minum.
182 2585 225 2654 Et
249 2587 330 2654 inito
350 2587 494 2654 oonsilio
515 2589 673 2674 imprimis
690 2592 892 2674 potestatem
911 2587 974 2654 sibi
991 2588 1160 2674 regiminis

37 2684 158 2767 penitus
177 2683 379 2774 adimebant,
397 2691 584 2770 statuentes
602 2691 638 2753 ut
654 2685 695 2753 de
711 2691 822 2753 cetero
840 2684 882 2752 de
896 2685 1074 2752 maioribus
1092 2703 1160 2774 po-

39 2783 293 2869 tentioribusque
312 2785 406 2869 regni
425 2785 629 2870 eligerentur
645 2785 905 2870 vigintiquatuor
923 2785 978 2870 qui
996 2801 1110 2870 regem
1127 2789 1161 2851 et
1260 2797 1262 2803 ⁴

39 2896 165 2964 regnum
184 2881 286 2950 solito
303 2883 421 2950 melius
440 2883 683 2972 gubernarent,
703 2883 819 2969 sieque
839 2887 1016 2949 mutaretur
1033 2900 1160 2971 perpe-

39 2994 97 3043 ram
121 2979 204 3048 ordo
230 2981 310 3048 iuris
333 2981 511 3067 naturaliS,
537 2987 574 3049 ut
599 2982 731 3068 rexqui
750 2980 902 3048 subditos
921 2999 1040 3067 regere
1060 2987 1159 3049 tene-

39 3073 122 3144 batur
139 3097 159 3145 a
177 3077 320 3147 subditis
339 3085 528 3169 regeretur,
548 3086 581 3148 et
599 3099 617 3148 e
637 3097 812 3148 converso.

102 3175 188 3246 Ante
215 3176 336 3246 lestum
360 3177 597 3266 purificationis
622 3179 720 3246 beate
737 3177 843 3245 Marie
864 3173 977 3268 [1259
996 3174 1079 3268 ian]
1098 3175 1160 3244 lli-

41 3270 170 3344 chardus
196 3294 255 3344 rex
279 3275 501 3345 Romanorum
528 3277 661 3344 rediens
680 3277 722 3344 do
741 3275 937 3344 Alemannia
953 3277 987 3344 in
1005 3273 1160 3360 Angliam

42 3387 175 3443 remeare
195 3374 370 3463 disposuit.
390 3375 471 3443 Cum
488 3377 641 3444 venisset
659 3374 748 3462 opud
767 3381 918 3442 sanctum
935 3372 1161 3441 Arrdomarum

42 3473 247 3542 occurrebant
264 3475 295 3541 ei
314 3481 466 3562 exparte
486 3473 645 3542 baronum
663 3473 785 3540 ibidem
798 3472 951 3558 Rogerus
970 3471 1012 3539 do
1031 3469 1160 3550 Quenei

42 3583 139 3640 eones
173 3571 329 3661 Winton,
364 3572 533 3640 Walte'rus
561 3572 798 3658 Wigornensis
827 3571 1027 3659 episeopus,
1055 3568 1160 3636 abbas

44 3672 136 3737 sancti
153 3669 331 3760 Edmundi,
352 3671 457 3738 abbas
477 3673 584 3740 sancti
608 3668 789 3756 Augustini
808 3669 1002 3756 Cantuarie,
1027 3667 1161 3735 Johan-

43 3779 94 3831 nes
110 3768 251 3837 llansell
269 3776 302 3836 et
319 3771 374 3836 alli
393 3787 491 3856 qnam
511 3771 641 3858 plures,
669 3769 859 3836 inhibentes
878 3765 986 3835 eidem
996 3819 1005 3856 ,
1032 3783 1074 3833 ne
1094 3784 1161 3853 quo

43 3864 128 3934 nodo
145 3869 179 3940 in
197 3865 350 3953 Angliam
369 3868 581 3936 transfretare
600 3873 816 3956 presumeret,
835 3867 900 3933 nisi
918 3866 1057 3954 prestito
1071 3866 1162 3953 prius

40 3958 229 4053 iuramento,
257 3965 348 4052 quod
372 3969 586 4056 provisiones
612 3964 825 4034 Oxonienses
845 3965 1048 4033 observaret.
1076 3962 1170 4044 Qui-¹

44 4055 96 4126 bus
117 4065 168 4134 ille
193 4063 384 4154 respondit,
411 4063 501 4152 quod
529 4070 621 4133 extra
646 4083 785 4150 regnum
812 4061 936 4150 Anglie
955 4063 998 4130 ad
1016 4063 1080 4130 hoo
1098 4063 1162 4130 ho·

44 4162 170 4244 nogium
188 4163 341 4251 compelli
359 4181 428 4232 non
443 4163 618 4231 debuisset
624 4185 632 4250 3
652 4162 880 4250 adiiciensque
896 4180 994 4249 quam
1013 4163 1078 4228 cito
1097 4177 1162 4228 ve-

46 4256 136 4328 nisset
160 4264 194 4329 in
218 4260 386 4352 Angliam,
418 4263 446 4330 si
464 4261 618 4332 dominus
646 4279 706 4329 rex
723 4259 846 4346 Anglie
864 4259 966 4328 irater
984 4276 1066 4326 suus
1084 4275 1161 4346 pre·
