2878 4834
205 231 214 249 .
266 185 335 262 222
616 211 788 260 burtonam
809 209 1047 260 wonuurrnusm.

266 354 341 441 quis
368 356 477 420 autem
503 350 546 419 dc
581 349 769 438 quindecim
802 351 999 422 consiliariis
1032 351 1259 440 peregrinatus
1287 348 1387 438 luerit,
1423 397 1424 420 ι

265 453 349 520 alter
371 469 480 538 usque
507 449 549 518 ad
574 449 714 518 reditum
740 452 829 520 illius
856 457 1062 539 assumetur,
1081 452 1127 518 ita
1146 448 1281 537 quodsi
1300 447 1389 516 luerit

265 551 371 639 miles,
389 567 510 618 novem
534 549 713 618 consiliarii
731 551 867 618 alterum
886 551 1020 617 militem
1038 503 1226 639 assument,
1253 549 1282 616 si
1301 547 1391 614 luerit
1424 562 1425 618 t

271 651 376 736 civis,
397 649 551 716 dominus
571 650 750 737 episcopus
769 649 904 718 alterum
924 650 1030 717 civem
1050 649 1238 717 substituet
1263 646 1298 714 Si
1316 665 1425 716 vero

265 747 407 839 predicti
434 747 622 836 quindecim
645 767 745 836 super
769 751 882 863 aliquo
901 750 1041 818 consilio
1060 751 1148 816 iuter
1164 765 1203 816 se
1222 745 1389 815 dissense-

267 850 351 938 rint,
378 845 628 916 assentiendum
657 855 708 918 est
735 849 849 918 maiori
876 849 971 938 parti
1002 847 1085 916 ltem
1108 846 1262 916 dominus
1281 863 1338 913 rex
1354 863 1390 913 er
1425 873 1426 916 r

267 965 389 1016 novem
415 946 639 1033 burgensibus
666 948 866 1016 consiliariis
893 947 995 1034 eliget
1020 965 1121 1015 unum
1151 948 1185 1013 in
1204 947 1391 1031 magistrum
1425 975 1426 992 κ

268 1047 431 1134 civitatis,
456 1044 614 1113 mutando
641 1047 804 1134 ipsumsi
831 1046 993 1136 placuerit
1023 1045 1065 1114 dc
1091 1063 1179 1114 anno
1204 1047 1239 1112 in
1267 1063 1390 1130 annum,

268 1146 322 1214 vel
340 1147 518 1214 inmutatus
538 1145 579 1212 ab
599 1162 641 1212 eo
657 1146 691 1212 in
710 1144 828 1214 eodem
847 1144 957 1214 cilicio
985 1138 1045 1234 pro
1065 1162 1125 1214 sue
1143 1144 1327 1213 voluntatis
1344 1162 1392 1209 ar·
1426 1174 1427 1216 r

268 1246 367 1313 birrio
389 1243 603 1334 permanebit.
631 1241 700 1312 Sed
724 1244 877 1314 dominus
902 1246 1083 1333 episcopus
1103 1243 1145 1311 de
1165 1261 1226 1311 serr
1245 1242 1391 1310 militibus

269 1363 370 1414 unum
394 1344 498 1429 eliget
519 1344 553 1410 in
579 1341 666 1412 festo
691 1343 840 1433 Martini,
867 1350 900 1412 et
924 1346 1032 1433 ipsum
1055 1342 1096 1411 de
1115 1361 1203 1411 anno
1222 1344 1257 1410 in
1279 1360 1392 1410 annum

215 1487 223 1506 .
270 1441 491 1512 commutabit.
518 1441 600 1510 Item
619 1459 735 1511 omnes
753 1443 977 1512 fraternitates
996 1443 1170 1529 husgenoz
1189 1446 1223 1509 et
1242 1442 1393 1508 wiltwcr-
1427 1511 1428 1514 ,

271 1543 351 1610 luere
376 1541 442 1608 illis
469 1543 620 1630 exceptis
648 1542 801 1611 ammodo
831 1545 965 1631 penitus
983 1541 1175 1611 cessabunt.
1202 1542 1317 1609 Preter
1341 1539 1394 1607 hec

272 1643 383 1710 omnia
408 1658 473 1728 que
499 1639 688 1728 supradicta
713 1649 805 1731 sunt,
830 1641 983 1710 dominus
1003 1643 1182 1730 episcopus
1202 1641 1316 1708 omnia
1333 1641 1395 1706 iura

272 1741 381 1809 omnia
407 1740 581 1828 privilegia
605 1739 711 1810 bonas
739 1741 999 1810 eonsuetudines
1027 1741 1168 1808 civitatis
1188 1740 1304 1807 salvas
1322 1757 1395 1806 con-

273 1839 418 1909 servabit
443 1838 649 1906 confirmabit
669 1845 702 1908 et
730 1840 923 1909 meliorabit.
950 1841 993 1909 Ut
1012 1845 1120 1908 autem
1145 1839 1208 1908 bec
1229 1844 1303 1906 rata
1325 1855 1394 1926 per-

272 1945 428 2008 maneant
446 1944 480 2006 et
496 1939 695 2008 inconvulsa
711 1946 744 2008 et
762 1940 997 2008 inviolabiliter
1015 1939 1246 2026 observentur,
1266 1936 1394 2006 sormam

272 2038 358 2108 hano
382 2039 633 2126 compositionis
659 2037 782 2108 domini
800 2040 890 2127 regis
915 2044 948 2106 et
965 2038 1088 2106 domini
1108 2039 1260 2127 episcopi
1282 2035 1394 2123 sigillis

272 2138 458 2208 roboratam
478 2137 621 2206 ecclesie
640 2143 754 2207 nostre
774 2139 885 2225 sigillo
902 2137 1037 2206 lecimus
1055 2138 1260 2205 communiri.

348 2236 703 2322 l'cstes:Nibelungus
720 2239 1032 2326 maiorprepositus.
1050 2235 1236 2305 Landollus
1247 2233 1395 2303 decanus.

275 2335 482 2403 Wcmherus
503 2342 628 2404 custos.
655 2336 824 2406 Nicolaus.
849 2335 1100 2406 Constantinus.
1120 2334 1313 2404 Buroardus
1331 2349 1397 2421 pre·

274 2436 404 2524 positus
418 2433 699 2520 Wileburgensis.
717 2435 902 2504 Fridericus
917 2435 958 2503 de
974 2434 1151 2503 Bubardia.
1169 2435 1293 2502 Baleiz.
1315 2433 1396 2500 Curru
1430 2449 1431 2492 3

276 2533 318 2602 de
336 2533 556 2619 Elewangen.
574 2534 698 2604 Benzo.
718 2534 891 2604 Cunradus
906 2534 947 2602 de
960 2534 1210 2602 Wolveslrelen.
1230 2533 1396 2600 Heinrieus

277 2633 418 2702 Suevos.
445 2632 551 2701 Volzo
571 2641 604 2701 et
620 2632 794 2703 lohannes
814 2635 972 2721 magistri.
998 2632 1155 2702 Albertus
1174 2632 1279 2723 Rapa,
1299 2637 1332 2700 el
1349 2645 1396 2696 ce-

276 2735 337 2802 teri
357 2731 541 2801 confratres
560 2734 674 2800 nostri.

348 2830 433 2900 Acta
450 2831 605 2965 suntibce
621 2849 710 2900 anno
721 2830 843 2899 domini
855 2831 1082 2922 mccxxxiii,
1097 2832 1200 2900 tercio
1214 2828 1395 2923 kalmont,

275 2930 458 3000 indictione
476 2932 517 2997 vi.

350 3126 379 3186 8.
401 3123 543 3186 Heinrich
570 3099 695 3186 biscbof
719 3139 778 3186 ron
799 3125 918 3190 Worms
940 3125 1094 3188 ilberltisst
1115 3125 1175 3188 den
1195 3125 1381 3200 bttrgcrnu
1350 3119 1396 3180 du-

402 3205 498 3268 selbst
525 3206 573 3268 die
601 3210 708 3268 mttnze
738 3207 793 3268 auf
817 3207 895 3270 zelrn
921 3209 1006 3270 iahre
1028 3207 1174 3270 withreud
1196 3206 1330 3269 ruelcber
1348 3203 1397 3262 zeii

401 3287 554 3433 {tullengen
574 3288 637 3350 ihm
658 3289 720 3350 und
737 3289 829 3352 ihuen
847 3291 922 3352 aller
942 3290 1100 3369 zwiespalt
1120 3289 1218 3351 ruben
1241 3287 1308 3352 soll.
1332 3283 1397 3346 1234

416 3389 432 3433 e

355 3503 531 3576 Heinrieus
549 3505 603 3573 dei
621 3506 736 3591 gracia
752 3506 1007 3575 Wormatiensis
1026 3509 1217 3595 episcopus.
1244 3501 1398 3573 Prescntis

282 3606 393 3694 scripti
419 3606 576 3672 noverint
597 3605 825 3695 inspectores,
850 3605 939 3693 quod
957 3623 1020 3674 nos
1041 3605 1082 3674 de
1104 3623 1275 3674 consensu
1295 3608 1326 3671 ct
1342 3617 1397 3668 vo-

280 3705 406 3772 luntate
432 3704 566 3793 capituli
591 3705 724 3770 maioris
743 3703 952 3773 vendidimus
967 3701 980 3782 ll
997 3705 1123 3774 civibus
1144 3705 1270 3774 nostris
1292 3717 1396 3770 mouc-

282 3808 364 3892 tam,
383 3805 469 3870 utin
487 3803 635 3892 pondere
655 3803 788 3889 triginta
806 3803 988 3873 solidorum
1008 3809 1040 3871 et
1059 3803 1185 3872 eisdem
1204 3799 1396 3872 ferramentis

282 3901 471 3990 perdecem
488 3921 596 3972 annos
616 3903 771 3969 continue
791 3903 920 3970 stabilis
934 3911 1143 3994 permaneat,
1164 3905 1274 3992 sopita
1286 3898 1396 3968 interim

284 4017 327 4068 err
341 4005 435 4087 parte
459 4007 573 4070 nostra
589 4001 677 4069 omni
702 4019 755 4068 ma
768 3996 782 4076 ll
798 4003 896 4091 teria,
917 4020 981 4090 que
999 4003 1082 4070 inter
1100 4020 1162 4070 nos
1187 4008 1220 4069 et
1240 4002 1329 4068 cives
1347 3995 1396 4064 ali·

284 4099 379 4168 cuius
401 4097 567 4166 discordie
588 4100 709 4188 poterit
732 4105 765 4168 et
787 4102 933 4170 rancoris
959 4100 1104 4170 lomitem
1126 4103 1318 4170 ministrare.
1341 4095 1398 4180 lgi-

323 4227 351 4290 l)
371 4223 419 4276 das
438 4223 543 4289 einzige
561 4223 645 4291 siegel
664 4225 782 4280 welches
800 4225 917 4295 anbieug
934 4228 969 4279 ist
987 4226 1145 4296 ebgel'allen.
