2886 4834
266 169 327 238 -70
651 191 813 240 canonican
835 191 1046 238 conuenturos.

282 335 452 422 tenditque
470 335 500 402 ei
519 351 673 419 magnum
688 325 900 420 per·gameni¹
920 333 1075 419 seriptum
1098 333 1188 398 intus
1216 336 1249 398 et
1266 327 1363 418 ioris,
1380 337 1408 396 et

281 441 317 504 ut
331 436 489 521 seriptum
507 432 636 518 legeret
654 431 792 500 fideliter
809 431 1009 500 hortabatur.
1041 431 1175 500 Iuvenis
1192 429 1290 498 dixit:
1305 428 1407 496 Litora
1425 449 1426 518 r

281 533 341 602 tce
363 531 484 600 deicio
511 533 657 598 noscitar
679 533 841 598 annecto.
867 530 1029 599 Diabolus
1061 530 1158 598 dixit:
1185 529 1335 596 Peccata
1355 533 1406 596 tua

281 635 315 700 in
333 649 375 699 ea
397 631 524 716 scripta
551 630 697 713 sonunt,
721 635 754 696 at
777 631 811 697 in
834 631 1025 698 contritione
1049 635 1106 697 toa
1129 627 1321 696 delebantur
1347 633 1376 695 et
1391 633 1426 716 a}

283 748 365 798 mea
378 729 535 796 nnnwria
555 734 785 808 recesseram·
808 745 849 794 ne
861 727 1084 796 rescribuntur
1097 743 1221 796 caueae
1238 723 1426 812 dducam}

283 830 421 898 intrauit
442 829 541 914 igitur
560 828 691 896 iuvenis
714 827 767 894 hie
786 827 935 896 ordinem
957 827 1123 896 Minorem
1141 835 1174 895 et
1190 829 1224 894 in
1244 844 1287 906 eo
1312 827 1406 911 longo

284 935 434 1016 tempore
455 926 598 995 fideliter
619 926 789 996 laboravit.
817 925 1000 996 Corriessor
1016 934 1115 1014 atque
1132 925 1324 1014 predicator
1340 923 1407 992 eii-

203 1087 205 1092 .
285 1029 383 1115 citur,
410 1033 444 1094 et
462 1027 495 1092 in
517 1024 579 1092 hiis
606 1023 723 1092 officiis
748 1025 888 1093 tideliter
908 1025 1082 1094 laboravit.
1108 1026 1222 1094 Frater
1240 1024 1408 1092 Heinrirus

284 1127 337 1194 hio
357 1125 420 1192 hec
437 1126 508 1194 suis
533 1125 646 1192 amieis
664 1126 813 1192 naseitur
830 1126 1006 1213 recitasse,
1028 1123 1110 1193 dixit
1127 1125 1231 1192 enim:
1265 1123 1353 1190 Venit
1370 1124 1426 1190 adt

284 1243 335 1292 me
350 1241 448 1291 soror
461 1225 596 1304 denota,
619 1240 681 1307 que
698 1225 732 1290 in
748 1223 954 1306 confessione
969 1241 1032 1290 sua
1044 1222 1120 1290 midi
1142 1240 1207 1289 saa
1221 1223 1409 1308 praoanina

285 1325 443 1391 recitavit.
468 1321 651 1390 lateralia
677 1339 755 1390 aero
775 1322 921 1406 dicebat,
944 1323 1034 1407 qnod
1054 1322 1220 1407 quoddam
1238 1321 1409 1388 demorare

285 1421 347 1490 sibi
363 1423 473 1506 sepius
498 1419 698 1506 apparebat,
720 1425 753 1487 et
769 1425 806 1488 nt
824 1427 941 1489 contra
956 1423 1050 1488 deum
1067 1420 1198 1505 faceret
1213 1418 1408 1488 dortodam.

286 1521 358 1606 Epo
374 1524 483 1587 aretem
502 1521 578 1587 dedi
596 1520 766 1588 consilium
780 1525 817 1588 at
831 1523 971 1605 quedam
991 1520 1115 1588 diceret
1131 1518 1334 1603 calcearet,
1358 1535 1409 1602 pue

288 1619 459 1687 annam
481 1619 599 1705 supere
619 1623 782 1704 caperent.
817 1617 897 1688 Cum
924 1621 1024 1706 igitur
1048 1618 1090 1686 ad
1115 1635 1252 1686 sorores
1280 1615 1407 1704 quadan

289 1721 362 1786 viee
379 1716 567 1786 demonium
585 1719 813 1807 pervenisset,
833 1719 888 1786 itta
906 1718 987 1786 dixit
1005 1723 1038 1785 et
1059 1716 1137 1786 iecit
1156 1735 1220 1804 que
1243 1716 1408 1784 consessor

289 1819 395 1904 ipsam
419 1816 579 1886 docuerat
602 1823 635 1886 et
658 1815 824 1886 diabolum
843 1817 959 1903 ingere
976 1816 1203 1904 compellebat.
1231 1816 1327 1883 Tune
1344 1813 1407 1880 diu-

291 1915 390 1984 bolus
407 1919 512 1984 sorori
528 1916 675 1984 dicebat:
704 1916 784 2004 (tuis
801 1914 861 1984 tre
877 1921 908 1983 te
920 1917 1056 1984 docuit?
1081 1913 1153 1996 Qua
1169 1913 1318 1982 dieebat:
1335 1913 1407 1980 Con-

289 2015 408 2099 sersor.
434 2015 632 2084 Demanium
647 2015 743 2083 dixit:
770 2014 866 2082 Scias
879 2016 969 2100 qaod
980 2020 1010 2082 te
1023 2015 1063 2082 de
1077 2018 1184 2082 cetero
1202 2031 1270 2080 noa
1285 2010 1407 2090 oecadn

290 2115 352 2181 sed
358 2133 421 2200 pro
437 2119 468 2181 te
484 2116 706 2200 consessorem
728 2119 815 2182 traam
831 2131 933 2199 usqae
950 2115 998 2182 ad
1014 2117 1150 2181 mortem
1159 2129 1225 2198 pro
1246 2113 1327 2178 meir
1343 2110 1407 2176 oiri-

292 2212 567 2298 dooimpupaobo
593 2213 644 2281 De
663 2213 732 2282 vhoa
749 2211 847 2280 fratre
867 2213 1024 2281 Heinrieo
1042 2211 1230 2300 dioebatur,
1253 2207 1342 2298 quod
1359 2226 1406 2275 or-

293 2310 402 2378 dinem
418 2329 512 2388 suum
525 2331 584 2399 per
601 2312 804 2400 apostasiam
819 2299 921 2381 tribus
937 2311 1065 2378 vicibus
1076 2311 1342 2397 contempsisset.
1358 2304 1406 2373 Hir

292 2412 327 2476 in
343 2408 459 2477 ordine
477 2411 511 2478 in
528 2410 696 2480 doctorem
713 2417 746 2477 et
759 2410 917 2478 lectorem
934 2409 1044 2479 subito
1056 2409 1257 2477 sublimatur.
1274 2407 1337 2474 Hie
1348 2421 1405 2472 eun

293 2511 326 2575 in
345 2509 725 2596 camerasederetatque
744 2509 901 2598 studeret,
915 2511 1005 2577 venit
1022 2508 1064 2576 ad
1082 2525 1155 2576 eum
1169 2507 1300 2574 catulus
1316 2505 1403 2589 niger,

293 2613 330 2675 ut
350 2607 432 2676 dixit
456 2612 544 2696 prior
566 2609 729 2678 Sudensis
747 2609 803 2694 qui
829 2608 870 2675 ab
895 2605 1016 2676 Ottone
1033 2607 1117 2674 duee
1134 2605 1176 2674 de
1191 2600 1404 2674 Brundibureh

294 2725 332 2775 se
348 2707 457 2775 retulit
470 2708 639 2793 didicisse,
654 2709 709 2796 qui
727 2707 867 2774 humana
885 2706 947 2776 'sibi
963 2724 1048 2775 voce
1063 2706 1213 2774 haecum
1228 2702 1351 2790 gaudio
1365 2716 1405 2767 re-

294 2805 605 2890 ferebat:Heinriee,
615 2806 828 2876 nolitirnere!
838 2823 909 2872 rara
927 2805 1241 2874 enimtibr‘rnr'ssusut
1252 2807 1406 2887 teprorao·

294 2922 388 2972 oeom
401 2905 449 2971 ad
459 2923 570 2974 ornnes
581 2923 789 2992 quascunque
797 2904 1122 2990 uolnerisdipnitater
1136 2905 1204 2970 siae
1213 2902 1341 2969 diuitiae
1354 2898 1407 2964 riae

296 3003 433 3071 delicias
453 3005 507 3071 oet
523 3003 686 3086 donarem·
709 3005 738 3072 si
758 3005 842 3070 enim
862 3021 968 3070 meam
983 3019 1189 3087 meorumque
1208 3001 1347 3067 uolentis
1360 2995 1379 3079 s
1394 3029 1406 3039 ·

296 3119 371 3170 cere
385 3102 600 3188 voluntatem,
625 3109 656 3170 te
677 3106 711 3172 in
730 3103 916 3188 episcopan
931 3102 1147 3170 desilientem
1167 3097 1273 3167 audito
1286 3111 1404 3184 prona·

296 3200 375 3268 aedo
398 3206 522 3287 etpost
541 3200 602 3270 dec
616 3204 650 3269 in
673 3199 1196 3287 archiepiscopumMapnntinnm
1218 3202 1250 3264 et
1270 3198 1346 3282 port
1361 3190 1407 3258 dee

298 3301 332 3368 r'n
354 3318 495 3387 papam,
514 3301 551 3368 id
572 3305 623 3370 est
642 3303 690 3368 ad
709 3317 868 3368 mnenon
888 3299 1023 3368 ecclesie
1045 3299 1243 3386 dianitatem.
1268 3292 1320 3363 Ad
1339 3291 1405 3358 duas

300 3401 480 3486 dignitates
500 3417 574 3468 eum
594 3402 747 3468 novimus
771 3401 986 3488 pervenisse,
1008 3397 1051 3466 ad
1069 3398 1205 3466 terciam
1224 3412 1306 3464 vero
1322 3393 1406 3460 morte

299 3505 478 3590 preventus
493 3517 560 3566 non
578 3499 686 3587 potuit
702 3499 886 3587 pervenire.

301 3696 428 3778 Ramisi
443 3698 531 3782 repis
549 3698 688 3782 quadarn
707 3697 798 3781 apud
812 3694 1014 3780 Mopuntiara
1031 3695 1118 3758 acta.

219 3853 286 3908 ttae
377 3841 475 3912 Anno
488 3845 736 3912 mealxxxxiii.
751 3829 832 3930 rege
846 3841 987 3911 Rudolt'o
1005 3842 1169 3910 existente
1184 3832 1404 3926 Magantiesri·

303 3959 367 4027 gas
386 3943 542 4011 veniebat
558 3945 591 4010 in
608 3950 680 4011 ortu
697 3943 796 4032 soiiS,
811 3949 910 4029 atque
925 3940 1029 4027 frigus
1043 3943 1151 4028 ipsum
1168 3937 1336 4008 immodice
1348 3948 1404 4000 mu-

303 4041 445 4108 lestavit.
473 4041 563 4109 Vrdrt
575 4049 674 4128 igitur
693 4059 734 4108 ex
748 4043 904 4130 apposito
923 4039 1089 4108 demusin
1111 4057 1175 4128 qua
1197 4038 1296 4107 iacuit
1312 4028 1405 4123 pistri-

338 4203 369 4268 i)
388 4198 514 4254 volumen
533 4198 712 4254 soliumoder
728 4207 813 4254 etwas
834 4169 1007 4268 dergieichen
1027 4197 1100 4252 tenir.
