2878 4834
383 275 574 324 cnmsrmmrs
595 274 786 325 nosurmrrus.
1086 245 1157 316 26⁷

31 419 143 484 statum
170 432 308 501 surgere
332 416 515 505 potiorem,
539 420 572 483 et
589 415 735 504 pastoris
753 415 877 504 proprii
893 415 1102 502 protentione
1123 419 1158 482 et

30 515 194 602 presentia
217 515 395 583 consolari.
430 514 498 582 Sed
524 513 634 582 adhue
652 513 764 582 divina
782 513 847 582 bno
864 515 944 582 uitio
963 532 1032 584 non
1049 513 1156 582 admi-

31 615 74 680 sit.
100 611 183 680 Nam
203 614 292 699 ignis
316 631 478 700 egressus
502 612 544 681 da
564 613 635 681 ioro
654 612 739 703 terri,
758 631 857 701 quem
875 614 1016 682 veniens
1033 619 1156 680 ventus

32 712 66 778 ab
84 710 221 780 Oriente
239 711 356 780 detulit
374 729 475 800 super
492 713 647 800 tempium
657 763 667 804 ,
687 712 928 799 combustaque
946 711 1100 800 molesia,
1124 716 1158 778 et

31 809 92 877 libri
109 811 203 878 multi
222 817 255 878 et
273 811 369 901 boni,
394 805 569 899 privilegia
595 829 730 898 qunque
756 812 859 880 multa
884 815 918 880 et
941 809 1042 879 valde
1063 810 1158 878 utilia

32 915 99 976 sunt
116 915 333 1000 consumpta,
353 912 451 978 etiam
468 927 545 999 pars
564 915 703 978 ornatus
722 927 861 999 magne,
886 911 1003 998 purtim
1020 909 1157 996 ignibus

33 1007 202 1097 devorata,
229 1010 346 1096 partim
370 1025 430 1097 per
452 1009 714 1096 asportationum
740 1007 919 1076 subtraere.
945 1008 1157 1076 Venambriis

34 1113 130 1174 autam
157 1106 312 1194 pontiiex
339 1107 494 1175 dominus
513 1107 688 1200 Comedus
705 1125 826 1176 novam
846 1109 1038 1175 monasterii
1057 1107 1158 1174 inbri-

33 1223 92 1273 cam
115 1205 306 1294 ineboavit,
330 1206 391 1274 sed
416 1221 485 1275 non
512 1208 763 1275 consummavit
789 1207 827 1274 dn
851 1206 904 1274 bis
923 1207 1076 1276 omnibus
1094 1223 1158 1273 neo

34 1305 130 1372 elerus
149 1323 170 1372 a
189 1305 262 1372 suis
282 1321 321 1373 se
337 1305 486 1373 laseiviis
505 1307 718 1395 temperavit,
737 1323 801 1374 nee
818 1305 895 1372 laioi
912 1325 934 1374 e
952 1323 1013 1373 sua
1030 1304 1159 1372 meiieia

33 1404 239 1490 respirarent.
255 1404 337 1472 Post
348 1418 476 1492 paueos
492 1423 599 1472 annes
610 1410 730 1473 ventus
747 1406 889 1473 veniens
906 1403 951 1472 ab
962 1401 1158 1492 obnitente,

32 1503 237 1588 pinnaeulum
265 1503 377 1592 tempii
400 1503 532 1572 deieait
568 1503 647 1572 Erat
671 1511 780 1572 autern
806 1504 973 1590 ligneum.
1002 1507 1160 1590 absuper

34 1599 186 1668 ciborium
212 1602 382 1688 antiquum
407 1602 615 1672 obtinentem.
642 1603 721 1671 Cum
746 1607 840 1672 tanto
858 1608 966 1670 autem
984 1603 1107 1691 impetu
1124 1602 1159 1668 in

35 1700 128 1786 ipsam
148 1707 346 1768 strnotumm
364 1707 486 1769 ventus
503 1703 595 1769 irmit
612 1700 791 1791 enuidens,
813 1708 853 1770 ut
868 1701 1032 1789 quasdam
1048 1701 1159 1769 trabes

34 1799 61 1864 in
75 1798 226 1866 Rhenum
244 1800 397 1890 mitteret,
417 1799 578 1888 quasdam
597 1802 681 1869 ultra
698 1799 847 1868 Rbenum
866 1799 908 1868 ad
924 1800 1050 1868 miliare
1067 1800 1160 1868 iuxta

35 1899 132 1964 villam
170 1895 331 1966 Hoobeim
356 1900 391 1966 in
422 1917 499 1968 aare
524 1900 720 1988 deportaret
755 1899 979 1968 certissimum
1004 1917 1025 1967 a
1048 1899 1159 1967 multis

35 1994 221 2085 famabatur,
239 1997 331 2084 quod
347 2013 415 2066 non
434 2005 556 2067 ventus
574 1999 636 2070 sed
653 1997 808 2067 diabolus
819 1997 1040 2066 booieoisset.
1058 1997 1161 2066 Erant

36 2097 110 2162 enirn
133 2095 249 2162 trabas
273 2098 430 2184 quercina
457 2103 491 2166 et
514 2098 674 2187 abiegna,
700 2097 895 2185 quantitatis
920 2097 1009 2165 iliius
1034 2113 1099 2184 que
1125 2097 1160 2164 in

36 2193 267 2262 toreuiaeribus
293 2196 406 2264 soient
431 2213 520 2264 esse.
552 2197 626 2283 Ego
649 2215 773 2266 memor
799 2213 872 2265 sum
896 2195 986 2264 istud
1011 2195 1159 2263 uldmum

37 2292 204 2360 eeeidissa.
238 2292 276 2360 ln
303 2295 455 2363 omnibus
480 2295 532 2363 bis
554 2311 623 2365 non
648 2301 701 2364 est
724 2311 845 2364 aversa
867 2296 914 2364 ira
932 2294 1071 2384 domini,
1099 2293 1160 2362 sed

36 2390 131 2459 adhue
149 2409 268 2460 marrus
286 2395 359 2462 eius
377 2399 523 2462 extenta.

102 2491 183 2559 Post
201 2491 264 2558 bae
280 2492 342 2560 iter
360 2495 449 2582 oepit
469 2491 557 2562 idem
575 2493 851 2582 arehiepiseopus
869 2492 1100 2581 transfretare,
1128 2497 1162 2560 et

9 2615 10 2620 ¹
38 2587 72 2655 de
88 2589 240 2656 manibus
254 2589 510 2660 Sarraoenomm
529 2594 655 2681 eripere
671 2599 791 2662 terram
810 2599 971 2681 sanatam,
989 2597 1088 2678 atque
1105 2609 1161 2658 re-

38 2688 164 2756 stituere
187 2687 289 2756 eubtui
313 2689 505 2759 christiano.
546 2690 590 2760 Sa
615 2693 723 2780 ipsum
742 2697 776 2759 et
799 2691 886 2760 alios
912 2691 1033 2758 multos
1059 2702 1159 2758 bruna

39 2787 184 2876 signavit,
203 2805 293 2856 mare
311 2791 472 2880 transivit,
491 2789 559 2858 sere
578 2790 681 2858 tribus
700 2793 797 2859 annis
811 2791 956 2858 militans
974 2788 1108 2858 domino
1126 2789 1160 2855 in

37 2886 175 2971 partibus
203 2890 439 2958 transmarinis.
490 2888 583 2957 Cirea
620 2888 718 2957 tinem
757 2891 836 2957 anni
871 2889 959 2958 tertb'
981 2887 1158 2956 Heinrious

39 2987 163 3052 moritur
186 2986 372 3072 imperator.
411 2987 496 3078 Heu,
514 2988 596 3056 bant
630 2988 785 3056 Vaterno
811 2988 853 3056 da
869 2989 1021 3077 partibus
1038 2986 1159 3055 Hiero-

39 3083 252 3170 solymitanist
277 3083 374 3153 Radit
391 3086 676 3176 archiepiscopus,
696 3094 815 3156 terram
831 3089 952 3176 reperit
969 3087 1156 3156 dosolatam

40 3181 193 3251 incendiis
212 3190 247 3250 et
263 3184 398 3271 rapinis.
433 3183 604 3273 Nusquam
622 3187 709 3253 enim
727 3185 784 3254 ubi
800 3203 859 3255 rex
876 3204 945 3255 non
964 3192 1016 3255 est
1032 3184 1160 3272 guber·

39 3285 121 3348 nator
137 3283 193 3350 vel
209 3288 351 3372 potens,
369 3301 438 3352 non
455 3283 606 3374 potesta
623 3285 749 3373 populo
773 3303 840 3374 pax
856 3285 981 3354 haberi.
1015 3283 1159 3352 Deside-

40 3384 113 3446 ratvr
129 3380 171 3448 ab
195 3381 349 3450 omnibus
369 3382 512 3452 Conmdi
536 3383 778 3472 arehiepisoopr'
803 3383 979 3452 adventus.
1019 3383 1061 3451 lit
1078 3399 1159 3448 eene

40 3480 118 3545 vemt
134 3478 355 3570 desideratus,
375 3487 408 3549 et
425 3487 545 3550 terram
564 3483 690 3550 invenit
708 3483 821 3570 preliis
840 3490 873 3550 at
888 3481 1054 3550 inpendiis
1073 3497 1160 3548 eon-

41 3575 203 3667 turbatam,
223 3577 448 3668 studebatque
466 3582 555 3650 omrri
573 3579 742 3649 desiderio
761 3599 876 3670 paoem
895 3583 988 3650 terris
1007 3585 1040 3648 at
1058 3580 1157 3666 quie-

43 3678 96 3742 tem
112 3679 282 3763 provineie
300 3678 488 3748 reformare.
514 3679 556 3748 Et
579 3680 644 3748 boo
662 3679 812 3770 iecisset,
832 3681 861 3748 si
880 3681 993 3748 mortis
1012 3678 1159 3747 debitum

42 3789 97 3840 ron
115 3777 283 3844 solvisset.
301 3775 397 3845 Gravi
408 3779 495 3846 enim
514 3779 701 3864 egritudine
712 3777 882 3868 fatigatus,
896 3784 931 3846 at
950 3796 1023 3846 eum
1041 3776 1084 3845 de
1105 3775 1159 3844 die

43 3870 163 3942 indiam
182 3891 221 3942 se
241 3876 480 3946 convalesoere
498 3883 665 3967 speraret,
684 3877 796 3946 subito
815 3883 849 3947 et
865 3880 1037 3967 insperata
1053 3882 1159 3944 morte

43 3978 204 4054 preventus
222 3972 289 4042 deo
309 3977 457 4062 spiritum
475 3976 626 4066 reddidit,
645 3993 736 4044 mee.

105 4068 223 4140 Audite
249 4079 354 4140 morte
383 4075 646 4166 archiepiscopi,
680 4075 748 4144 dux
770 4075 911 4145 Bavarr'e
939 4075 1026 4144 iilius
1050 4073 1160 4142 fratris

46 4167 103 4236 eius
120 4189 246 4240 omnem
273 4170 465 4244 thesaurum
491 4179 697 4246 stornatum
724 4175 880 4264 quanin
907 4175 1030 4244 eesnlis
1056 4179 1089 4240 et
1106 4173 1159 4242 irr-

46 4261 107 4335 inlis
132 4275 162 4338 et
186 4271 304 4360 eappis
329 4270 444 4342 babuit
466 4274 657 4363 eopiosum,
683 4278 717 4342 et
734 4273 879 4342 aeclesia
898 4273 1024 4342 donare
1040 4270 1159 4360 dispo-
