2886 4834
390 217 554 264 canonicor
576 218 783 264 eoxuxmxxsn.
1108 193 1148 260 51

46 355 142 520 relrsis.
175 355 340 424 Feretrum
366 359 558 442 coopertum
582 353 641 422 iuit
668 354 857 424 baldichino
886 356 978 444 quod
1007 356 1153 427 ecclesie

46 456 233 540 reiquemnt.

44 701 121 786 lepis
136 683 284 768 Ottocom'
305 707 397 770 ortos
411 703 637 771 adolescentie
651 705 743 789 regni
756 703 944 788 primordio
966 707 1129 790 coniugio.

98 845 192 916 llnno
212 867 385 918 mccxxx.-
408 871 466 920 rex
483 853 640 922 Bohcmie
660 849 851 940 OttocaruS,
872 853 966 920 ouius
985 871 1067 921 avus
1087 851 1154 922 dux

44 947 138 1036 tuerat,
156 949 189 1014 in
208 967 322 1034 regem
341 951 543 1020 sublimatur.
570 951 631 1019 Hic
650 969 691 1019 ex
708 969 775 1020 uno
794 956 931 1039 parente
950 947 1153 1020 Teutonicus

45 1046 96 1112 tuit.
120 1045 224 1114 Huius
249 1066 333 1116 uxor
350 1067 423 1116 curn
441 1069 579 1139 puerum
607 1053 821 1138 concepisset
848 1050 1011 1117 somnium
1039 1051 1155 1120 habuit

45 1162 71 1211 se
85 1145 188 1232 lupum
212 1164 274 1234 pro
292 1165 396 1234 puero
416 1152 622 1240 concepisse.
655 1147 717 1218 llic
740 1148 838 1237 lopus
857 1155 976 1215 terram
994 1149 1152 1217 Bohemie

45 1243 92 1309 sibi
114 1244 303 1330 subiugavit
330 1263 369 1314 ao
405 1253 509 1317 terras
543 1250 669 1316 vicinas
703 1265 765 1317 sua
796 1249 945 1335 potentia
972 1245 1153 1316 devoravit.

44 1340 119 1408 llunc
134 1343 246 1432 lupum
266 1343 387 1412 deinde
404 1345 459 1414 leo
478 1349 720 1436 superveniens
746 1347 816 1424 suis
833 1341 1003 1432 unguibus
1023 1345 1152 1438 dirupit,

45 1458 73 1506 ac
86 1440 164 1508 bona
183 1445 257 1510 eius
277 1447 460 1532 occupavit.

99 1539 197 1608 Notos
217 1548 272 1610 est
289 1543 497 1630 postmodum
523 1546 594 1628 regi
611 1544 770 1612 Bohemie
790 1543 874 1612 tilius
893 1561 990 1630 quern
1009 1547 1153 1612 tenerri-

46 1655 82 1703 me
98 1637 214 1706 dilexit.
261 1640 323 1708 Hic
348 1649 416 1709 erat
434 1643 565 1712 iuvenis
583 1643 730 1734 pulcher,
750 1641 844 1711 lusco
864 1643 996 1727 colore,
1013 1649 1154 1728 ,statura

45 1735 227 1806 mediocriter
240 1739 354 1829 longa,
373 1749 510 1828 pectore
522 1760 656 1832 magno,
676 1759 732 1809 ore
749 1741 869 1831 amplo,
889 1740 994 1829 iortis,
1005 1743 1153 1830 sapione,

46 1834 210 1921 eloquentia
236 1840 407 1928 sapientes
435 1847 468 1908 ct
484 1839 706 1929 philosophos
724 1840 923 1928 precellens.
958 1840 1043 1907 Huic
1060 1848 1154 1928 pater

45 1951 156 2002 uxorem
175 1935 270 2004 dedit
288 1943 320 2006 et
338 1939 561 2008 marchionem
576 1941 612 2008 in
630 1939 786 2007 Merrhen
804 1937 984 2028 constituit.
1018 1939 1079 2006 Hic
1096 1940 1153 2007 in-

45 2035 119 2099 rems
136 2051 274 2120 regnum
292 2039 392 2125 patris
418 2037 598 2128 allectans,
625 2046 750 2127 petrem
770 2037 902 2105 tandem
922 2054 1028 2124 regno
1048 2055 1153 2105 exce-

46 2127 104 2199 dere
120 2137 255 2220 coegit.¹
276 2136 371 2203 Pater
389 2137 512 2204 auxilio
538 2139 762 2206 marchionum
780 2136 1153 2222 brandenburgensium

46 2235 68 2293 ct
82 2229 310 2302 Misenensium
331 2237 496 2303 civitatem
516 2289 628 2303 .....
656 2244 689 2304 et
708 2235 806 2303 hlium
826 2253 899 2303 curn
919 2237 1066 2302 exercitu
1084 2235 1153 2304 ob-

45 2327 186 2398 sederunt.
221 2333 326 2401 Filius
347 2352 388 2402 ex
413 2333 546 2402 civitate
565 2335 648 2421 lugit
667 2341 700 2404 et
726 2351 864 2420 regnum
891 2333 1049 2422 posthoc
1067 2335 1151 2422 putri

14 2487 15 2500 ,
45 2426 159 2514 reliquit.
195 2431 279 2499 Post
306 2433 369 2500 hee
393 2434 599 2522 multiplicati
624 2440 701 2502 sunt
726 2433 942 2506 in,Bohemia
968 2433 1151 2500 Teutonici.

14 2523 16 2600 g
43 2521 89 2683 per
109 2526 166 2596 hos
192 2547 253 2598 rex
281 2531 438 2618 ingentes
472 2531 604 2602 divitias
631 2533 767 2618 collegit
798 2547 840 2599 cx
865 2533 995 2600 auri-et
1021 2533 1151 2618 argenti

14 2633 15 2672 l
52 2622 148 2692 odinis.

14 2735 16 2764 ³
100 2723 226 2794 blortuo
247 2725 312 2796 hoc
329 2745 409 2816 rege
430 2729 514 2797 lrlius
536 2747 674 2816 regnum
690 2728 877 2816 occupavit,
896 2727 1066 2796 Teutones
1086 2745 1150 2796 ex-

45 2821 130 2910 pulit,
144 2825 276 2893 nobiles
292 2828 482 2918 impugnat,
507 2830 634 2897 uicinos
658 2827 824 2914 subiugat.
857 2825 942 2894 Hinc
965 2826 1070 2894 iactus
1093 2828 1150 2894 in-

46 2918 117 2988 risus
139 2924 266 3014 moltiS,
291 2925 407 2995 hdeles
431 2927 573 2996 famulos
596 2943 724 3016 paucos
750 2925 902 2994 habebat.
936 2923 1043 2993 Huius
1065 2943 1151 2995 uxor

47 3016 148 3106 absque
168 3023 282 3092 liberis
299 3032 427 3094 mortua
452 3033 512 3094 est.
546 3025 616 3095 Rex
638 3034 685 3094 ter
706 3025 992 3113 dispensationem
1008 3023 1151 3092 obtinuit

47 3131 147 3206 upupa
166 3127 201 3189 ut
221 3125 463 3193 matrimonium
486 3125 695 3194 contraheret
719 3141 791 3192 cum
815 3141 930 3192 sorore
948 3123 1149 3214 Margareta,

47 3217 140 3298 regina
154 3221 321 3306 quondam
337 3224 518 3313 Teutonie,
544 3225 677 3293 moniali
693 3227 727 3290 in
742 3225 886 3290 claustro
909 3221 1041 3289 fratrum
1067 3223 1148 3290 Pre-

48 3308 198 3396 licetorum
224 3321 312 3408 apud
329 3321 505 3391 l'reverim.
533 3323 651 3392 Paucis
674 3323 769 3390 annis
790 3327 868 3409 post
890 3339 949 3409 per
972 3321 1058 3388 hanc
1073 3319 1148 3390 Au-

48 3413 132 3481 striam
149 3419 310 3504 possedit.
339 3421 417 3488 Com
441 3421 565 3490 liberos
591 3440 631 3490 cx
656 3439 695 3489 ea
721 3438 788 3489 non
811 3419 966 3507 haberet,
988 3420 1083 3508 petiit
1106 3417 1148 3485 eb

49 3511 187 3602 episcopis
218 3519 382 3588 licentiam
416 3539 488 3588 curn
517 3521 581 3588 alia
617 3518 844 3589 contrahendi.
907 3513 966 3584 Coi
995 3519 1146 3604 episcopi
1212 3542 1216 3550 ·

48 3611 277 3695 responderunt:
302 3619 392 3706 (loos
407 3619 486 3687 deos
501 3621 670 3686 coniuncti
680 3617 776 3686 homo
792 3635 831 3684 oe
846 3616 1002 3702 soporat!
1028 3614 1099 3683 Rex
1116 3617 1146 3684 ei

50 3705 185 3780 civitatem
204 3767 312 3783 .....
344 3735 417 3784 oum
448 3717 631 3786 redditibus
655 3717 859 3804 assignavit,
884 3715 916 3782 in
940 3731 1006 3801 qua
1029 3717 1146 3801 regina

50 3810 121 3887 masi
143 3813 241 3881 vidua
271 3815 439 3884 residebat
467 3835 507 3885 ao
534 3818 650 3904 paucis
673 3817 768 3884 annis
795 3819 914 3902 postea
936 3819 1145 3882 mortuaest.

50 3897 101 3970 Rex
120 3907 249 3981 Cumani
273 3915 445 3984 cuiusdam
467 3915 559 3984 duxit
583 3933 719 3986 uxorem
740 3933 813 3982 cum
833 3931 898 4000 qua
922 3913 1042 3982 maritos
1059 3913 1145 3981 lrlios

51 4006 73 4064 et
91 4003 162 4076 ilios
185 4016 380 4098 procreavit.
423 4013 493 4082 Rex
526 4013 568 4082 dc
595 4015 754 4084 uxoribus
785 4013 854 4081 suis
887 4011 1006 4080 multas
1039 4018 1145 4080 terras

51 4095 145 4171 habuit.
170 4108 287 4180 Turres
302 4112 420 4200 plenas
444 4129 524 4182 euro
548 4119 581 4181 et
605 4118 745 4198 argento
770 4111 950 4196 collegisse
974 4129 1013 4180 ec
1028 4111 1144 4178 hostes

50 4192 214 4275 lereomnes
235 4212 356 4278 vicisse
380 4211 558 4280 dicebatur.

909 4317 948 4370 4*
