2884 4834
276 196 346 265 tto
641 224 802 272 eorrnrous
823 225 859 270 or
882 226 1052 272 insumam.

192 370 259 428 teos
277 365 384 432 iustas
403 380 462 451 per
478 365 663 432 sententias
677 372 709 432 el
727 365 824 432 iustis
842 383 885 433 cx
902 365 1030 453 causis,
1050 363 1222 450 elegerunt
1239 361 1414 432 dominnm

271 461 442 531 Albertum
465 460 583 530 docem
601 459 734 532 nostrie
759 465 793 531 in
821 482 933 550 regem
951 461 1189 552 Romanorum,
1216 470 1249 530 et
1270 463 1305 530 ei
1324 463 1412 530 illico

271 563 486 651 prestitemnt
504 561 672 630 fidelitatis
692 570 945 631 sacromentum.

346 660 427 730 Mox
445 679 518 730 oum
544 660 697 730 dominus
714 659 858 731 Adollus
876 662 942 732 bcc
959 661 1198 752 intellexisset,
1226 663 1412 748 assumptis

273 759 337 828 sibi
364 759 553 828 civitatibus
577 761 721 851 imperii,
754 763 846 830 cives
869 760 1028 830 videlieet
1053 760 1231 848 spirenses
1250 759 1413 826 Worma-

272 860 405 928 cieuses
439 859 761 929 Frnnkeniurtenses
797 858 1108 950 Oppenheimensos
1144 878 1216 928 oum
1259 860 1410 927 exercitu

272 975 354 1047 suo,
385 959 489 1046 primo
514 977 700 1045 aggressos
728 959 787 1028 luit
811 960 933 1028 bellum
959 965 1144 1049 campestre
1172 975 1245 1027 cum
1277 957 1411 1026 domino

271 1055 410 1126 Albertc
438 1058 545 1128 electo
571 1060 604 1126 in
631 1077 744 1145 regem
769 1058 1006 1148 Romanorum,
1042 1059 1074 1127 in
1100 1058 1187 1126 iesto
1217 1064 1411 1126 sanctornm

270 1156 426 1226 Processi
458 1163 491 1226 et
514 1156 703 1226 Martiniani
732 1154 807 1249 [iuli
835 1155 874 1250 2]
910 1157 999 1247 opud
1024 1163 1169 1226 montem
1200 1158 1258 1244 qui
1296 1155 1413 1224 dieitur

270 1255 406 1346 Drama,
426 1263 459 1324 et
476 1264 618 1325 castrum
638 1257 727 1344 quod
746 1257 864 1326 dicitur
880 1256 1062 1326 Rosentbal
1078 1251 1100 1347 ¹,
1126 1259 1160 1324 in
1179 1273 1304 1344 campo
1324 1273 1410 1342 quo-

272 1355 347 1424 dem
366 1357 422 1444 qui
439 1357 626 1424 nominatur
643 1356 703 1425 der
719 1357 945 1426 Hascnbiibcl.
972 1354 1036 1438 Qui
1053 1357 1152 1425 etiam
1171 1355 1336 1424 dominus
1353 1353 1409 1423 ΑΙ·
1432 1395 1433 1440 p

271 1454 402 1545 bertus,
430 1472 504 1522 cum
521 1455 664 1523 vidisset
686 1455 855 1524 dominum
880 1456 922 1524 ed
941 1455 1062 1525 bellom
1081 1453 1305 1545 dispositum,
1334 1460 1407 1520 tan·
1432 1461 1433 1514 ξ

271 1572 370 1641 quam
396 1554 450 1621 leo
469 1555 642 1622 animosus
661 1553 828 1643 disposuit
853 1557 951 1624 eliam
978 1557 1069 1624 acics
1095 1573 1175 1623 suos
1202 1553 1247 1622 ad
1275 1553 1406 1641 bellum,

269 1654 427 1722 invocato
446 1652 501 1722 dei
519 1655 757 1741 omnipotentis
784 1655 926 1744 auxilio,
951 1656 1007 1742 qui
1033 1673 1107 1722 eum
1131 1652 1174 1721 ad
1198 1659 1332 1720 tantum
1350 1652 1407 1718 bo-

271 1769 385 1821 norem
402 1751 543 1821 duxerat
560 1753 778 1822 evocandum.
809 1753 1006 1842 Aggressus
1029 1755 1144 1841 itaque
1172 1770 1247 1820 cum
1268 1752 1343 1820 suis
1362 1756 1406 1818 est

270 1850 438 1920 dominum
464 1850 623 1922 Adolium
657 1859 690 1920 et
717 1871 818 1944 suos,
853 1863 886 1922 et
916 1852 1039 1921 oceidit
1065 1851 1207 1921 cundem
1235 1851 1402 1919 dominnm

182 2013 185 2020 .
270 1948 480 2020 Adoliumet
500 1951 729 2040 quamplures
748 1954 896 2040 exsuis3
928 1953 1063 2042 reliqui,
1090 1953 1146 2039 orni
1173 1969 1216 2019 cx
1242 1951 1317 2018 suis
1342 1965 1402 2016 non

270 2050 403 2120 luerunt
421 2052 539 2142 occisi,
558 2049 690 2120 luerunt
710 2053 869 2141 captivati
888 2059 920 2120 et
941 2051 1126 2120 durissimis
1145 2049 1292 2119 vinculis
1312 2067 1402 2116 man-

271 2151 379 2240 cipati.
407 2149 595 2238 captivavit
612 2153 697 2218 enim
716 2152 815 2219 illium
834 2151 955 2220 domini
973 2152 1063 2237 regis
1081 2147 1201 2239 Adoro,
1222 2147 1399 2238 dapiferum

271 2248 314 2318 dc
331 2247 478 2335 Rinberg
501 2248 683 2337 prolectam
707 2251 832 2339 imperii
860 2250 1026 2339 quondam
1052 2251 1085 2317 in
1105 2249 1327 2337 Spirgauwe,
1346 2246 1401 2314 do·

271 2348 392 2415 minum
411 2347 452 2416 de
472 2347 694 2438 Wincsberg‚
719 2349 873 2418 dominos
893 2349 934 2418 de
953 2350 1128 2418 Eberstcin
1157 2347 1251 2416 etde
1271 2347 1399 2415 Ueson-

271 2446 365 2537 bcrg,
385 2448 537 2515 comitem
551 2445 725 2516 Rudellum
740 2449 782 2516 de
797 2449 1008 2540 Habesburg‚
1025 2450 1178 2517 comitem
1192 2446 1236 2515 de
1251 2447 1399 2514 llaczcn-

271 2545 419 2633 elbogcn
443 2547 641 2614 avunculum
668 2547 791 2617 domini
809 2545 918 2618 Adolir
946 2550 1037 2634 regis
1064 2554 1096 2615 ct
1121 2549 1193 2615 eius
1212 2544 1327 2614 filiurn.
1367 2543 1397 2610 ln

269 2647 428 2715 universo
445 2664 526 2714 vero
545 2653 580 2714 nt
599 2646 725 2736 dicitur,
740 2649 919 2736 captivavit
937 2649 1171 2736 septingentos
1190 2645 1335 2732 nobiles,
1352 2644 1398 2709 in-

270 2751 422 2833 torques
441 2753 534 2814 crant
558 2747 735 2832 sexaginta
760 2747 899 2816 comites
914 2755 948 2815 ct
965 2747 1110 2815 barones
1121 2799 1129 2835 ‚
1156 2745 1308 2831 reliquos
1326 2759 1395 2809 vero

224 2919 227 2925 ,
270 2846 435 2913 convertit
451 2846 484 2913 in
503 2844 624 2931 iugem.
651 2845 878 2934 Principaliter
895 2848 982 2915 enim
1000 2846 1169 2932 lugierunt
1187 2841 1269 2918 Otto
1288 2848 1322 2910 et
1337 2841 1397 2908 llu-

271 2941 393 3032 dolius,
413 2942 480 3012 duo
499 2943 602 3012 duces
620 2945 795 3014 Bauwarie
805 2999 815 3035 ,
834 2953 868 3014 et
888 2947 938 3013 sic
956 2963 1015 3034 per
1036 2962 1148 3012 corum
1170 2940 1396 3011 detestabilem

270 3038 381 3127 iugem
400 3042 517 3110 salvati
535 3043 675 3111 luerunt.
701 3045 738 3112 ln
760 3046 835 3133 ipso
858 3046 943 3112 enim
965 3062 1103 3133 campo,
1125 3049 1264 3131 peraeto
1287 3046 1395 3108 etex·
1433 3041 1434 3048 ’

180 3203 182 3208 ,
269 3138 383 3238 pedite
399 3141 564 3232 conflicto,
582 3141 737 3212 dominns
758 3142 912 3212 Albertus
930 3142 1150 3212 Romanorum
1168 3159 1227 3208 rex
1245 3157 1393 3229 permon-

271 3239 314 3307 sit
336 3237 455 3308 diebus
484 3247 569 3310 ceto.
603 3242 644 3309 Et
661 3243 752 3311 siluit
773 3243 992 3311 incontinenti
1017 3242 1126 3311 omnis
1146 3247 1234 3308 terra
1261 3241 1296 3308 in
1321 3255 1393 3305 con·

270 3344 389 3428 spectu
407 3341 496 3431 cim,
516 3346 550 3408 ot
567 3340 653 3408 lacta
669 3348 721 3410 cst
743 3360 810 3430 pax
825 3359 957 3430 magna,
982 3360 1046 3430 qne
1070 3338 1212 3409 confusa
1231 3335 1393 3406 succubuit

270 3444 369 3507 antec
385 3439 489 3526 longo
508 3447 671 3531 tempora,
697 3450 730 3508 ct
748 3443 846 3529 qnasi
863 3441 1009 3509 libellum
1026 3448 1121 3510 suum
1135 3439 1263 3526 recepit
1277 3433 1391 3524 repudii

270 3543 407 3627 propter
427 3537 608 3608 latuitetcm
626 3539 751 3609 domini
767 3538 878 3610 Adolir
901 3541 991 3627 regis
1009 3537 1176 3628 quondam
1186 3590 1195 3628 ,
1227 3538 1391 3625 etproptcr

271 3639 491 3724 arrogantiam
519 3644 551 3706 ct
576 3641 858 3728 presumptionem
882 3657 1015 3708 suorum
1041 3627 1302 3706 advocatorum²
1322 3649 1388 3721 prc-

270 3735 409 3804 iotorum
418 3790 427 3826 ,
450 3739 505 3824 qui
521 3738 617 3806 ctiam
639 3740 690 3806 sui
709 3740 889 3808 exterminii
906 3755 1009 3806 cansa
1024 3737 1171 3824 luerunt,
1197 3737 1276 3822 quia
1293 3732 1389 3800 conri-

270 3833 348 3900 liom
374 3852 493 3902 conum
517 3837 683 3904 destructi
703 3837 935 3906 Mediolanum.
967 3836 1004 3904 ln
1030 3838 1103 3924 ipsc
1128 3836 1228 3902 eliam
1250 3831 1388 3902 conflictu

269 3933 381 4021 periit,
409 3933 629 4024 prohdolor,
659 3935 813 4006 dominus
840 3935 918 4005 Otto
943 3935 985 4004 dc
1011 3933 1214 4003 Ohsenstein
1241 3927 1387 4000 vexillifer

270 4028 394 4098 domini
407 4030 534 4102 Alberti
552 4036 642 4120 regis
659 4033 890 4126 romanorun,
905 4036 1013 4103 nimiis
1029 4033 1199 4101 laboribus
1216 4043 1250 4098 et
1265 4029 1387 4098 maxine

305 4173 336 4240 l)
354 4187 384 4225 es
402 4171 482 4225 solite
498 4173 571 4227 wohl
597 4173 717 4234 heissen:
742 4177 812 4298 efnei
835 4178 1026 4230 monasterinm
1051 4173 1123 4245 quod
1149 4173 1249 4226 dicitur
1266 4171 1352 4226 Dreise
1368 4175 1388 4216 et

270 4237 414 4294 cenobium
432 4239 504 4310 quod
524 4240 622 4296 dieitur
639 4241 757 4298 Rosenle
813 4246 843 4311 2)
862 4245 1053 4300 advocatorum
1073 4241 1140 4296 hubo
1158 4241 1201 4296 ich
1220 4246 1332 4310 orgium.
