<?xml version="1.0" encoding="UTF-8"?>
<!DOCTYPE html PUBLIC "-//W3C//DTD XHTML 1.0 Transitional//EN"
    "http://www.w3.org/TR/xhtml1/DTD/xhtml1-transitional.dtd">
<html xmlns="http://www.w3.org/1999/xhtml" xml:lang="en" lang="en">
 <head>
  <title>
</title>
<meta http-equiv="Content-Type" content="text/html;charset=utf-8" />
  <meta name='ocr-system' content='tesseract 3.04.00' />
  <meta name='ocr-capabilities' content='ocr_page ocr_carea ocr_par ocr_line ocrx_word'/>
</head>
<body>
  <div class='ocr_page' id='page_1' title='image "./fontesrerumgerm00hubegoog_0611.png"; bbox 0 0 2950 4836; ppageno 0'>
   <div class='ocr_carea' id='block_1_1' title="bbox 265 233 1026 309">
    <p class='ocr_par' dir='ltr' id='par_1_1' title="bbox 265 233 1026 309">
     <span class='ocr_line' id='line_1_1' title="bbox 265 233 1026 309; baseline 0.005 -7"><span class='ocrx_word' id='word_1_1' title='bbox 265 233 336 303; x_wconf 67' lang='lat'><strong>548</strong></span> <span class='ocrx_word' id='word_1_2' title='bbox 632 261 823 309; x_wconf 79' lang='lat' dir='ltr'><strong>enrnnnnous</strong></span> <span class='ocrx_word' id='word_1_3' title='bbox 844 261 1026 308; x_wconf 77' lang='lat' dir='ltr'><strong>aurnunusrs.</strong></span> 
     </span>
    </p>
   </div>
   <div class='ocr_carea' id='block_1_2' title="bbox 183 398 1401 1279">
    <p class='ocr_par' dir='ltr' id='par_1_2' title="bbox 183 398 1471 1574">
     <span class='ocr_line' id='line_1_2' title="bbox 183 398 1401 488; baseline -0.003 -18"><span class='ocrx_word' id='word_1_4' title='bbox 183 415 251 470; x_wconf 82' lang='lat' dir='ltr'><strong>teus</strong></span> <span class='ocrx_word' id='word_1_5' title='bbox 268 398 397 468; x_wconf 89' lang='lat' dir='ltr'><strong>eodem.</strong></span> <span class='ocrx_word' id='word_1_6' title='bbox 436 399 518 466; x_wconf 93' lang='lat' dir='ltr'><strong>ltem</strong></span> <span class='ocrx_word' id='word_1_7' title='bbox 549 400 795 468; x_wconf 82' lang='lat' dir='ltr'><strong>controversias</strong></span> <span class='ocrx_word' id='word_1_8' title='bbox 828 405 862 468; x_wconf 92' lang='lat' dir='ltr'><strong>et</strong></span> <span class='ocrx_word' id='word_1_9' title='bbox 887 399 1041 468; x_wconf 85' lang='lat' dir='ltr'><strong>meterius</strong></span> <span class='ocrx_word' id='word_1_10' title='bbox 1074 401 1290 488; x_wconf 76' lang='lat' dir='ltr'><strong>questionum</strong></span> <span class='ocrx_word' id='word_1_11' title='bbox 1317 399 1401 466; x_wconf 90' lang='lat' dir='ltr'><strong>inter</strong></span> 
     </span>
     <span class='ocr_line' id='line_1_3' title="bbox 263 495 1400 589; baseline -0.002 -23"><span class='ocrx_word' id='word_1_12' title='bbox 263 499 444 586; x_wconf 80' lang='lat' dir='ltr'><strong>episcopos</strong></span> <span class='ocrx_word' id='word_1_13' title='bbox 461 497 608 585; x_wconf 86' lang='lat' dir='ltr'><strong>prelatos</strong></span> <span class='ocrx_word' id='word_1_14' title='bbox 628 504 661 565; x_wconf 92' lang='lat' dir='ltr'><strong>et</strong></span> <span class='ocrx_word' id='word_1_15' title='bbox 678 499 800 566; x_wconf 90' lang='lat' dir='ltr'><strong>olemm</strong></span> <span class='ocrx_word' id='word_1_16' title='bbox 817 515 860 566; x_wconf 84' lang='lat' dir='ltr'><strong>ex</strong></span> <span class='ocrx_word' id='word_1_17' title='bbox 876 517 944 566; x_wconf 88' lang='lat' dir='ltr'><strong>una</strong></span> <span class='ocrx_word' id='word_1_18' title='bbox 961 503 1073 589; x_wconf 83' lang='lat' dir='ltr'><strong>porte,</strong></span> <span class='ocrx_word' id='word_1_19' title='bbox 1094 504 1126 567; x_wconf 92' lang='lat' dir='ltr'><strong>et</strong></span> <span class='ocrx_word' id='word_1_20' title='bbox 1143 497 1264 566; x_wconf 85' lang='lat' dir='ltr'><strong>iratres</strong></span> <span class='ocrx_word' id='word_1_21' title='bbox 1282 495 1400 564; x_wconf 85' lang='lat' dir='ltr'><strong>Prodi-</strong></span> 
     </span>
     <span class='ocr_line' id='line_1_4' title="bbox 262 595 1399 686; baseline -0.002 -22"><span class='ocrx_word' id='word_1_22' title='bbox 262 603 393 664; x_wconf 89' lang='lat' dir='ltr'><strong>ootores</strong></span> <span class='ocrx_word' id='word_1_23' title='bbox 412 601 445 664; x_wconf 88' lang='lat' dir='ltr'><strong>et</strong></span> <span class='ocrx_word' id='word_1_24' title='bbox 458 595 606 664; x_wconf 84' lang='lat' dir='ltr'><strong>Minores</strong></span> <span class='ocrx_word' id='word_1_25' title='bbox 626 615 668 665; x_wconf 88' lang='lat' dir='ltr'><strong>ex</strong></span> <span class='ocrx_word' id='word_1_26' title='bbox 685 597 797 686; x_wconf 86' lang='lat' dir='ltr'><strong>altera,</strong></span> <span class='ocrx_word' id='word_1_27' title='bbox 816 614 881 684; x_wconf 92' lang='lat' dir='ltr'><strong>que</strong></span> <span class='ocrx_word' id='word_1_28' title='bbox 899 599 962 665; x_wconf 84' lang='lat' dir='ltr'><strong>iam</strong></span> <span class='ocrx_word' id='word_1_29' title='bbox 979 597 1168 686; x_wconf 88' lang='lat' dir='ltr'><strong>perplures</strong></span> <span class='ocrx_word' id='word_1_30' title='bbox 1187 613 1301 664; x_wconf 84' lang='lat' dir='ltr'><strong>annos</strong></span> <span class='ocrx_word' id='word_1_31' title='bbox 1322 613 1399 663; x_wconf 92' lang='lat' dir='ltr'><strong>sus-</strong></span> 
     </span>
     <span class='ocr_line' id='line_1_5' title="bbox 263 693 1401 784; baseline -0.001 -22"><span class='ocrx_word' id='word_1_32' title='bbox 263 697 362 763; x_wconf 88' lang='lat' dir='ltr'><strong>eitate</strong></span> <span class='ocrx_word' id='word_1_33' title='bbox 386 693 603 784; x_wconf 86' lang='lat' dir='ltr'><strong>duraverunt,</strong></span> <span class='ocrx_word' id='word_1_34' title='bbox 630 700 664 764; x_wconf 91' lang='lat' dir='ltr'><strong>et</strong></span> <span class='ocrx_word' id='word_1_35' title='bbox 686 694 727 763; x_wconf 91' lang='lat' dir='ltr'><strong>de</strong></span> <span class='ocrx_word' id='word_1_36' title='bbox 754 695 873 782; x_wconf 91' lang='lat' dir='ltr'><strong>quibus</strong></span> <span class='ocrx_word' id='word_1_37' title='bbox 898 697 1052 784; x_wconf 91' lang='lat' dir='ltr'><strong>superius</strong></span> <span class='ocrx_word' id='word_1_38' title='bbox 1078 697 1113 764; x_wconf 92' lang='lat' dir='ltr'><strong>in</strong></span> <span class='ocrx_word' id='word_1_39' title='bbox 1130 695 1196 764; x_wconf 90' lang='lat' dir='ltr'><strong>hoo</strong></span> <span class='ocrx_word' id='word_1_40' title='bbox 1223 693 1342 762; x_wconf 88' lang='lat' dir='ltr'><strong>libello</strong></span> <span class='ocrx_word' id='word_1_41' title='bbox 1367 695 1401 761; x_wconf 86' lang='lat' dir='ltr'><strong>tit</strong></span> 
     </span>
     <span class='ocr_line' id='line_1_6' title="bbox 261 791 1399 882; baseline 0 -22"><span class='ocrx_word' id='word_1_42' title='bbox 261 795 409 882; x_wconf 87' lang='lat' dir='ltr'><strong>meneio,</strong></span> <span class='ocrx_word' id='word_1_43' title='bbox 444 791 586 876; x_wconf 80' lang='lat' dir='ltr'><strong>decidit,</strong></span> <span class='ocrx_word' id='word_1_44' title='bbox 616 799 654 861; x_wconf 89' lang='lat' dir='ltr'><strong>ut</strong></span> <span class='ocrx_word' id='word_1_45' title='bbox 682 800 776 882; x_wconf 86' lang='lat' dir='ltr'><strong>patet</strong></span> <span class='ocrx_word' id='word_1_46' title='bbox 799 795 833 861; x_wconf 90' lang='lat' dir='ltr'><strong>in</strong></span> <span class='ocrx_word' id='word_1_47' title='bbox 854 793 962 863; x_wconf 90' lang='lat' dir='ltr'><strong>littero</strong></span> <span class='ocrx_word' id='word_1_48' title='bbox 987 793 1223 882; x_wconf 77' lang='lat' dir='ltr'><strong>subsequenti:</strong></span> <span class='ocrx_word' id='word_1_49' title='bbox 1254 792 1399 876; x_wconf 71' lang='lat' dir='ltr'><strong>Beruse-</strong></span> 
     </span>
     <span class='ocr_line' id='line_1_7' title="bbox 262 885 853 976; baseline -0.002 -16"><span class='ocrx_word' id='word_1_50' title='bbox 262 893 331 960; x_wconf 76' lang='lat' dir='ltr'><strong>nus</strong></span> <span class='ocrx_word' id='word_1_51' title='bbox 349 897 409 960; x_wconf 86' lang='lat' dir='ltr'><strong>etc.</strong></span> <span class='ocrx_word' id='word_1_52' title='bbox 434 891 542 976; x_wconf 80' lang='lat' dir='ltr'><em>Super</em></span> <span class='ocrx_word' id='word_1_53' title='bbox 560 891 756 959; x_wconf 75' lang='lat' dir='ltr'><strong>leotbedrum</strong></span> <span class='ocrx_word' id='word_1_54' title='bbox 769 885 853 959; x_wconf 79' lang='lat' dir='ltr'><strong>ete¹</strong></span> 
     </span>
     <span class='ocr_line' id='line_1_8' title="bbox 340 981 1399 1080; baseline 0.001 -22"><span class='ocrx_word' id='word_1_55' title='bbox 340 981 504 1080; x_wconf 60' lang='grc' dir='ltr'><strong>[11011111]Ἄ</strong></span> <span class='ocrx_word' id='word_1_56' title='bbox 525 1007 614 1059; x_wconf 85' lang='lat' dir='ltr'><strong>anno</strong></span> <span class='ocrx_word' id='word_1_57' title='bbox 643 990 899 1060; x_wconf 78' lang='lat' dir='ltr'><strong>sarracenorum</strong></span> <span class='ocrx_word' id='word_1_58' title='bbox 920 1008 978 1060; x_wconf 86' lang='lat' dir='ltr'><strong>rex</strong></span> <span class='ocrx_word' id='word_1_59' title='bbox 994 993 1127 1060; x_wconf 91' lang='lat' dir='ltr'><strong>nomine</strong></span> <span class='ocrx_word' id='word_1_60' title='bbox 1146 1043 1261 1059; x_wconf 92' lang='grc'><strong>.....</strong></span> <span class='ocrx_word' id='word_1_61' title='bbox 1285 989 1399 1059; x_wconf 90' lang='lat' dir='ltr'><strong>habito</strong></span> 
     </span>
     <span class='ocr_line' id='line_1_9' title="bbox 263 1087 1400 1176; baseline 0 -20"><span class='ocrx_word' id='word_1_62' title='bbox 263 1089 421 1156; x_wconf 85' lang='lat' dir='ltr'><strong>eondiotu</strong></span> <span class='ocrx_word' id='word_1_63' title='bbox 442 1106 516 1156; x_wconf 90' lang='lat' dir='ltr'><strong>eum</strong></span> <span class='ocrx_word' id='word_1_64' title='bbox 535 1087 683 1160; x_wconf 87' lang='lat' dir='ltr'><strong>Soldano</strong></span> <span class='ocrx_word' id='word_1_65' title='bbox 701 1089 876 1159; x_wconf 85' lang='lat' dir='ltr'><strong>Bebilonie</strong></span> <span class='ocrx_word' id='word_1_66' title='bbox 895 1091 1036 1158; x_wconf 90' lang='lat' dir='ltr'><strong>oonsilio</strong></span> <span class='ocrx_word' id='word_1_67' title='bbox 1053 1095 1085 1157; x_wconf 92' lang='lat' dir='ltr'><strong>et</strong></span> <span class='ocrx_word' id='word_1_68' title='bbox 1106 1089 1230 1158; x_wconf 86' lang='lat' dir='ltr'><strong>auxilio</strong></span> <span class='ocrx_word' id='word_1_69' title='bbox 1249 1107 1400 1176; x_wconf 93' lang='lat' dir='ltr'><strong>quorun-</strong></span> 
     </span>
     <span class='ocr_line' id='line_1_10' title="bbox 263 1185 1398 1279; baseline -0.001 -24"><span class='ocrx_word' id='word_1_70' title='bbox 263 1185 338 1255; x_wconf 88' lang='lat' dir='ltr'><strong>dam</strong></span> <span class='ocrx_word' id='word_1_71' title='bbox 358 1185 615 1255; x_wconf 83' lang='lat' dir='ltr'><strong>Christianorum</strong></span> <span class='ocrx_word' id='word_1_72' title='bbox 637 1205 711 1255; x_wconf 91' lang='lat' dir='ltr'><strong>eum</strong></span> <span class='ocrx_word' id='word_1_73' title='bbox 735 1187 867 1279; x_wconf 80' lang='lat' dir='ltr'><strong>devicit,</strong></span> <span class='ocrx_word' id='word_1_74' title='bbox 885 1194 918 1257; x_wconf 90' lang='lat' dir='ltr'><strong>et</strong></span> <span class='ocrx_word' id='word_1_75' title='bbox 938 1189 983 1256; x_wconf 97' lang='lat' dir='ltr'><strong>ob</strong></span> <span class='ocrx_word' id='word_1_76' title='bbox 1000 1189 1064 1257; x_wconf 92' lang='lat' dir='ltr'><strong>boe</strong></span> <span class='ocrx_word' id='word_1_77' title='bbox 1084 1206 1121 1256; x_wconf 90' lang='lat' dir='ltr'><strong>se</strong></span> <span class='ocrx_word' id='word_1_78' title='bbox 1138 1188 1302 1276; x_wconf 84' lang='lat' dir='ltr'><strong>baptizari</strong></span> <span class='ocrx_word' id='word_1_79' title='bbox 1321 1188 1398 1256; x_wconf 84' lang='lat' dir='ltr'><strong>iecit</strong></span> 
     </span>
    </p>
   </div>
   <div class='ocr_carea' id='block_1_3' title="bbox 261 1283 1473 3740">
    <p class='ocr_par' dir='ltr' id='par_1_3' title="bbox 262 1283 1399 1551">
     <span class='ocr_line' id='line_1_11' title="bbox 263 1283 1399 1374; baseline -0.001 -20"><span class='ocrx_word' id='word_1_80' title='bbox 263 1291 296 1354; x_wconf 89' lang='lat' dir='ltr'><strong>et</strong></span> <span class='ocrx_word' id='word_1_81' title='bbox 319 1292 436 1354; x_wconf 90' lang='lat' dir='ltr'><strong>terram</strong></span> <span class='ocrx_word' id='word_1_82' title='bbox 457 1291 606 1354; x_wconf 82' lang='lat' dir='ltr'><strong>sanetum</strong></span> <span class='ocrx_word' id='word_1_83' title='bbox 630 1287 780 1374; x_wconf 77' lang='lat' dir='ltr'><strong>promisit</strong></span> <span class='ocrx_word' id='word_1_84' title='bbox 800 1287 930 1356; x_wconf 88' lang='lat' dir='ltr'><strong>tradere</strong></span> <span class='ocrx_word' id='word_1_85' title='bbox 954 1287 1056 1355; x_wconf 88' lang='lat' dir='ltr'><strong>uultui</strong></span> <span class='ocrx_word' id='word_1_86' title='bbox 1076 1286 1271 1355; x_wconf 87' lang='lat' dir='ltr'><strong>ebristiano.</strong></span> <span class='ocrx_word' id='word_1_87' title='bbox 1291 1283 1399 1366; x_wconf 86' lang='lat' dir='ltr'><strong>Quom</strong></span> 
     </span>
     <span class='ocr_line' id='line_1_12' title="bbox 263 1383 1398 1471; baseline 0 -18"><span class='ocrx_word' id='word_1_88' title='bbox 263 1403 337 1453; x_wconf 91' lang='lat' dir='ltr'><strong>oum</strong></span> <span class='ocrx_word' id='word_1_89' title='bbox 350 1383 483 1471; x_wconf 87' lang='lat' dir='ltr'><strong>quidam</strong></span> <span class='ocrx_word' id='word_1_90' title='bbox 497 1384 614 1453; x_wconf 88' lang='lat' dir='ltr'><strong>iratres</strong></span> <span class='ocrx_word' id='word_1_91' title='bbox 635 1384 791 1454; x_wconf 90' lang='lat' dir='ltr'><strong>dedomo</strong></span> <span class='ocrx_word' id='word_1_92' title='bbox 809 1387 993 1455; x_wconf 84' lang='lat' dir='ltr'><strong>Teutonioa</strong></span> <span class='ocrx_word' id='word_1_93' title='bbox 1011 1403 1084 1453; x_wconf 90' lang='lat' dir='ltr'><strong>cum</strong></span> <span class='ocrx_word' id='word_1_94' title='bbox 1098 1386 1263 1471; x_wconf 85' lang='lat' dir='ltr'><strong>magistro</strong></span> <span class='ocrx_word' id='word_1_95' title='bbox 1284 1402 1398 1453; x_wconf 91' lang='lat' dir='ltr'><strong>eorum</strong></span> 
     </span>
     <span class='ocr_line' id='line_1_13' title="bbox 262 1485 513 1551; baseline -0.004 -1"><span class='ocrx_word' id='word_1_96' title='bbox 262 1485 442 1551; x_wconf 82' lang='lat' dir='ltr'><strong>intrassent</strong></span> <span class='ocrx_word' id='word_1_97' title='bbox 460 1536 467 1550; x_wconf 93' lang='lat'>.</span> <span class='ocrx_word' id='word_1_98' title='bbox 485 1535 513 1549; x_wconf 89' lang='lat'><strong>..</strong></span> 
     </span>
    </p>

    <p class='ocr_par' dir='ltr' id='par_1_4' title="bbox 262 1479 1471 2044">
     <span class='ocr_line' id='line_1_14' title="bbox 336 1479 1471 1674; baseline 0.003 -27"><span class='ocrx_word' id='word_1_99' title='bbox 336 1580 452 1648; x_wconf 84' lang='lat' dir='ltr'><strong>Meeo.</strong></span> <span class='ocrx_word' id='word_1_100' title='bbox 471 1479 586 1668; x_wconf 35' lang='lat' dir='ltr'><strong>quiquo</strong></span> <span class='ocrx_word' id='word_1_101' title='bbox 604 1581 666 1648; x_wconf 84' lang='lat' dir='ltr'><strong>kal.</strong></span> <span class='ocrx_word' id='word_1_102' title='bbox 680 1582 750 1650; x_wconf 88' lang='lat' dir='ltr'><strong>iulii</strong></span> <span class='ocrx_word' id='word_1_103' title='bbox 760 1578 921 1674; x_wconf 84' lang='lat' dir='ltr'><strong>[iuni27]</strong></span> <span class='ocrx_word' id='word_1_104' title='bbox 939 1579 1017 1651; x_wconf 92' lang='lat' dir='ltr'><strong>Otto</strong></span> <span class='ocrx_word' id='word_1_105' title='bbox 1033 1587 1066 1650; x_wconf 92' lang='lat' dir='ltr'><strong>et</strong></span> <span class='ocrx_word' id='word_1_106' title='bbox 1079 1581 1272 1671; x_wconf 87' lang='lat' dir='ltr'><strong>Stephanus</strong></span> <span class='ocrx_word' id='word_1_107' title='bbox 1291 1580 1397 1650; x_wconf 90' lang='lat' dir='ltr'><strong>duees</strong></span> <span class='ocrx_word' id='word_1_108' title='bbox 1470 1595 1471 1610; x_wconf 63' lang='lat'>¹</span> 
     </span>
     <span class='ocr_line' id='line_1_15' title="bbox 262 1677 1402 1768; baseline 0.002 -22"><span class='ocrx_word' id='word_1_109' title='bbox 262 1679 415 1747; x_wconf 86' lang='lat' dir='ltr'><strong>Bowarie</strong></span> <span class='ocrx_word' id='word_1_110' title='bbox 429 1677 499 1748; x_wconf 88' lang='lat' dir='ltr'><strong>iere</strong></span> <span class='ocrx_word' id='word_1_111' title='bbox 514 1697 588 1746; x_wconf 94' lang='lat' dir='ltr'><strong>oum</strong></span> <span class='ocrx_word' id='word_1_112' title='bbox 606 1679 759 1748; x_wconf 85' lang='lat' dir='ltr'><strong>ducentis</strong></span> <span class='ocrx_word' id='word_1_113' title='bbox 774 1681 941 1749; x_wconf 90' lang='lat' dir='ltr'><strong>nobilibus</strong></span> <span class='ocrx_word' id='word_1_114' title='bbox 957 1688 1041 1750; x_wconf 92' lang='lat' dir='ltr'><strong>terre</strong></span> <span class='ocrx_word' id='word_1_115' title='bbox 1059 1699 1119 1749; x_wconf 89' lang='lat' dir='ltr'><strong>sue</strong></span> <span class='ocrx_word' id='word_1_116' title='bbox 1135 1685 1216 1768; x_wconf 86' lang='lat' dir='ltr'><strong>aput</strong></span> <span class='ocrx_word' id='word_1_117' title='bbox 1232 1679 1402 1748; x_wconf 90' lang='lat' dir='ltr'><strong>Lantsbut</strong></span> 
     </span>
     <span class='ocr_line' id='line_1_16' title="bbox 262 1776 1399 1867; baseline 0 -21"><span class='ocrx_word' id='word_1_118' title='bbox 262 1776 384 1864; x_wconf 82' lang='lat' dir='ltr'><strong>gladiis</strong></span> <span class='ocrx_word' id='word_1_119' title='bbox 408 1777 602 1846; x_wconf 91' lang='lat' dir='ltr'><strong>militaribus</strong></span> <span class='ocrx_word' id='word_1_120' title='bbox 634 1781 862 1866; x_wconf 80' lang='lat' dir='ltr'><strong>oeoinguntur.</strong></span> <span class='ocrx_word' id='word_1_121' title='bbox 906 1780 952 1864; x_wconf 83' lang='lat' dir='ltr'><strong>¹Et</strong></span> <span class='ocrx_word' id='word_1_122' title='bbox 976 1785 1177 1848; x_wconf 91' lang='lat' dir='ltr'><strong>memoratus</strong></span> <span class='ocrx_word' id='word_1_123' title='bbox 1204 1778 1399 1867; x_wconf 84' lang='lat' dir='ltr'><strong>Stephanus</strong></span> 
     </span>
     <span class='ocr_line' id='line_1_17' title="bbox 263 1871 1400 1964; baseline 0.001 -20"><span class='ocrx_word' id='word_1_124' title='bbox 263 1876 331 1944; x_wconf 89' lang='lat' dir='ltr'><strong>dux</strong></span> <span class='ocrx_word' id='word_1_125' title='bbox 344 1877 444 1964; x_wconf 87' lang='lat' dir='ltr'><strong>priori</strong></span> <span class='ocrx_word' id='word_1_126' title='bbox 463 1894 552 1944; x_wconf 91' lang='lat' dir='ltr'><strong>onno</strong></span> <span class='ocrx_word' id='word_1_127' title='bbox 570 1875 710 1945; x_wconf 88' lang='lat' dir='ltr'><strong>duxerat</strong></span> <span class='ocrx_word' id='word_1_128' title='bbox 724 1879 759 1945; x_wconf 91' lang='lat' dir='ltr'><strong>in</strong></span> <span class='ocrx_word' id='word_1_129' title='bbox 779 1895 917 1946; x_wconf 88' lang='lat' dir='ltr'><strong>uxorem</strong></span> <span class='ocrx_word' id='word_1_130' title='bbox 936 1877 1102 1947; x_wconf 89' lang='lat' dir='ltr'><strong>dominam</strong></span> <span class='ocrx_word' id='word_1_131' title='bbox 1126 1871 1400 1947; x_wconf 77' lang='lat' dir='ltr'><strong>Jeutnm³o1rnn</strong></span> 
     </span>
     <span class='ocr_line' id='line_1_18' title="bbox 262 1974 692 2044; baseline 0 -1"><span class='ocrx_word' id='word_1_132' title='bbox 262 1975 418 2043; x_wconf 86' lang='lat' dir='ltr'><strong>Polounis</strong></span> <span class='ocrx_word' id='word_1_133' title='bbox 437 1974 531 2043; x_wconf 90' lang='lat' dir='ltr'><strong>duois</strong></span> <span class='ocrx_word' id='word_1_134' title='bbox 545 1975 692 2044; x_wconf 81' lang='lat' dir='ltr'><strong>Potonie.</strong></span> 
     </span>
    </p>

    <p class='ocr_par' dir='ltr' id='par_1_5' title="bbox 261 2066 1473 3441">
     <span class='ocr_line' id='line_1_19' title="bbox 334 2066 1399 2161; baseline 0.003 -21"><span class='ocrx_word' id='word_1_135' title='bbox 334 2073 450 2140; x_wconf 80' lang='lat' dir='ltr'><strong>Mene.</strong></span> <span class='ocrx_word' id='word_1_136' title='bbox 470 2074 623 2142; x_wconf 88' lang='lat' dir='ltr'><strong>Mortuus</strong></span> <span class='ocrx_word' id='word_1_137' title='bbox 643 2080 695 2142; x_wconf 91' lang='lat' dir='ltr'><strong>est</strong></span> <span class='ocrx_word' id='word_1_138' title='bbox 715 2091 774 2141; x_wconf 88' lang='lat' dir='ltr'><strong>rex</strong></span> <span class='ocrx_word' id='word_1_139' title='bbox 785 2070 939 2142; x_wconf 85' lang='lat' dir='ltr'><strong>Andreas</strong></span> <span class='ocrx_word' id='word_1_140' title='bbox 954 2073 1162 2161; x_wconf 84' lang='lat' dir='ltr'><strong>Ungarorum</strong></span> <span class='ocrx_word' id='word_1_141' title='bbox 1177 2066 1190 2109; x_wconf 67' lang='lat'>²</span> <span class='ocrx_word' id='word_1_142' title='bbox 1206 2076 1281 2142; x_wconf 90' lang='lat' dir='ltr'><strong>sine</strong></span> <span class='ocrx_word' id='word_1_143' title='bbox 1296 2075 1399 2143; x_wconf 89' lang='lat' dir='ltr'><strong>bere-</strong></span> 
     </span>
     <span class='ocr_line' id='line_1_20' title="bbox 263 2169 1400 2261; baseline -0.001 -21"><span class='ocrx_word' id='word_1_144' title='bbox 263 2170 370 2240; x_wconf 93' lang='lat' dir='ltr'><strong>dibus.</strong></span> <span class='ocrx_word' id='word_1_145' title='bbox 396 2172 438 2239; x_wconf 79' lang='lat' dir='ltr'><strong>ut</strong></span> <span class='ocrx_word' id='word_1_146' title='bbox 454 2171 647 2241; x_wconf 89' lang='lat' dir='ltr'><strong>Boniiaoius</strong></span> <span class='ocrx_word' id='word_1_147' title='bbox 670 2191 758 2260; x_wconf 87' lang='lat' dir='ltr'><strong>popa</strong></span> <span class='ocrx_word' id='word_1_148' title='bbox 774 2169 946 2259; x_wconf 85' lang='lat' dir='ltr'><strong>deputavit</strong></span> <span class='ocrx_word' id='word_1_149' title='bbox 962 2191 1021 2261; x_wconf 92' lang='lat' dir='ltr'><strong>pro</strong></span> <span class='ocrx_word' id='word_1_150' title='bbox 1038 2191 1118 2259; x_wconf 80' lang='lat' dir='ltr'><strong>rege</strong></span> <span class='ocrx_word' id='word_1_151' title='bbox 1134 2172 1257 2241; x_wconf 87' lang='lat' dir='ltr'><strong>ibidem</strong></span> <span class='ocrx_word' id='word_1_152' title='bbox 1278 2225 1400 2240; x_wconf 93' lang='grc'><strong>.....</strong></span> 
     </span>
     <span class='ocr_line' id='line_1_21' title="bbox 261 2269 1401 2360; baseline 0 -22"><span class='ocrx_word' id='word_1_153' title='bbox 261 2275 419 2358; x_wconf 89' lang='lat' dir='ltr'><strong>nepotem</strong></span> <span class='ocrx_word' id='word_1_154' title='bbox 436 2269 547 2338; x_wconf 86' lang='lat' dir='ltr'><strong>Karoli</strong></span> <span class='ocrx_word' id='word_1_155' title='bbox 565 2269 732 2358; x_wconf 87' lang='lat' dir='ltr'><strong>quondam</strong></span> <span class='ocrx_word' id='word_1_156' title='bbox 745 2271 837 2358; x_wconf 83' lang='lat' dir='ltr'><strong>regis</strong></span> <span class='ocrx_word' id='word_1_157' title='bbox 852 2269 974 2360; x_wconf 86' lang='lat' dir='ltr'><strong>Sieilie,</strong></span> <span class='ocrx_word' id='word_1_158' title='bbox 988 2277 1100 2340; x_wconf 90' lang='lat' dir='ltr'><strong>natum</strong></span> <span class='ocrx_word' id='word_1_159' title='bbox 1121 2288 1164 2339; x_wconf 86' lang='lat' dir='ltr'><strong>ex</strong></span> <span class='ocrx_word' id='word_1_160' title='bbox 1185 2271 1252 2339; x_wconf 86' lang='lat' dir='ltr'><strong>iilia</strong></span> <span class='ocrx_word' id='word_1_161' title='bbox 1267 2270 1401 2340; x_wconf 87' lang='lat' dir='ltr'><strong>Rudolii</strong></span> 
     </span>
     <span class='ocr_line' id='line_1_22' title="bbox 263 2367 1401 2459; baseline 0 -23"><span class='ocrx_word' id='word_1_162' title='bbox 263 2367 430 2456; x_wconf 91' lang='lat' dir='ltr'><strong>quondam</strong></span> <span class='ocrx_word' id='word_1_163' title='bbox 442 2367 662 2438; x_wconf 84' lang='lat' dir='ltr'><strong>Romanorum</strong></span> <span class='ocrx_word' id='word_1_164' title='bbox 683 2371 794 2459; x_wconf 77' lang='lat' dir='ltr'><strong>regis,</strong></span> <span class='ocrx_word' id='word_1_165' title='bbox 814 2369 871 2456; x_wconf 93' lang='lat' dir='ltr'><strong>qui</strong></span> <span class='ocrx_word' id='word_1_166' title='bbox 888 2371 992 2437; x_wconf 87' lang='lat' dir='ltr'><strong>eniam</strong></span> <span class='ocrx_word' id='word_1_167' title='bbox 1016 2388 1105 2438; x_wconf 85' lang='lat' dir='ltr'><strong>anno</strong></span> <span class='ocrx_word' id='word_1_168' title='bbox 1126 2371 1282 2457; x_wconf 87' lang='lat' dir='ltr'><strong>sequenti</strong></span> <span class='ocrx_word' id='word_1_169' title='bbox 1299 2377 1356 2438; x_wconf 90' lang='lat' dir='ltr'><strong>est</strong></span> <span class='ocrx_word' id='word_1_170' title='bbox 1369 2371 1401 2437; x_wconf 94' lang='lat' dir='ltr'><strong>in</strong></span> 
     </span>
     <span class='ocr_line' id='line_1_23' title="bbox 264 2460 1399 2557; baseline 0.002 -23"><span class='ocrx_word' id='word_1_171' title='bbox 264 2466 434 2554; x_wconf 80' lang='lat' dir='ltr'><strong>Strigonia</strong></span> <span class='ocrx_word' id='word_1_172' title='bbox 451 2474 647 2557; x_wconf 54' lang='lat' dir='ltr'><strong>euronotum</strong></span> <span class='ocrx_word' id='word_1_173' title='bbox 665 2469 744 2536; x_wconf 89' lang='lat' dir='ltr'><strong>lieet</strong></span> <span class='ocrx_word' id='word_1_174' title='bbox 761 2486 820 2536; x_wconf 87' lang='lat' dir='ltr'><strong>rex</strong></span> <span class='ocrx_word' id='word_1_175' title='bbox 836 2467 995 2536; x_wconf 91' lang='lat' dir='ltr'><strong>Bobemie</strong></span> <span class='ocrx_word' id='word_1_176' title='bbox 1016 2487 1077 2556; x_wconf 93' lang='lat' dir='ltr'><strong>pro</strong></span> <span class='ocrx_word' id='word_1_177' title='bbox 1096 2460 1306 2537; x_wconf 86' lang='lat' dir='ltr'><strong>Wenezlao⁵</strong></span> <span class='ocrx_word' id='word_1_178' title='bbox 1330 2469 1399 2536; x_wconf 87' lang='lat' dir='ltr'><strong>filio</strong></span> 
     </span>
     <span class='ocr_line' id='line_1_24' title="bbox 263 2560 1398 2656; baseline 0.001 -23"><span class='ocrx_word' id='word_1_179' title='bbox 263 2583 326 2634; x_wconf 91' lang='lat' dir='ltr'><strong>suo</strong></span> <span class='ocrx_word' id='word_1_180' title='bbox 344 2564 432 2633; x_wconf 92' lang='lat' dir='ltr'><strong>idem</strong></span> <span class='ocrx_word' id='word_1_181' title='bbox 449 2585 588 2652; x_wconf 83' lang='lat' dir='ltr'><strong>regnum</strong></span> <span class='ocrx_word' id='word_1_182' title='bbox 607 2567 765 2635; x_wconf 86' lang='lat' dir='ltr'><strong>eteniam</strong></span> <span class='ocrx_word' id='word_1_183' title='bbox 782 2566 875 2633; x_wconf 88' lang='lat' dir='ltr'><strong>multi</strong></span> <span class='ocrx_word' id='word_1_184' title='bbox 893 2567 948 2634; x_wconf 85' lang='lat' dir='ltr'><strong>alii</strong></span> <span class='ocrx_word' id='word_1_185' title='bbox 966 2560 1180 2655; x_wconf 81' lang='lat' dir='ltr'><strong>aspirarent⁶</strong></span> <span class='ocrx_word' id='word_1_186' title='bbox 1198 2568 1278 2656; x_wconf 89' lang='lat' dir='ltr'><strong>Ipse</strong></span> <span class='ocrx_word' id='word_1_187' title='bbox 1293 2569 1398 2634; x_wconf 89' lang='lat' dir='ltr'><strong>eoian</strong></span> 
     </span>
     <span class='ocr_line' id='line_1_25' title="bbox 262 2663 1399 2756; baseline 0.001 -25"><span class='ocrx_word' id='word_1_188' title='bbox 262 2663 468 2733; x_wconf 87' lang='lat' dir='ltr'><strong>Wenezlnus</strong></span> <span class='ocrx_word' id='word_1_189' title='bbox 481 2683 541 2733; x_wconf 84' lang='lat' dir='ltr'><strong>rex</strong></span> <span class='ocrx_word' id='word_1_190' title='bbox 557 2665 716 2734; x_wconf 91' lang='lat' dir='ltr'><strong>Bobemie</strong></span> <span class='ocrx_word' id='word_1_191' title='bbox 731 2683 819 2733; x_wconf 89' lang='lat' dir='ltr'><strong>onno</strong></span> <span class='ocrx_word' id='word_1_192' title='bbox 834 2663 959 2732; x_wconf 91' lang='lat' dir='ltr'><strong>domini</strong></span> <span class='ocrx_word' id='word_1_193' title='bbox 975 2667 1159 2756; x_wconf 89' lang='lat' dir='ltr'><strong>m.eoe.iiii.‚</strong></span> <span class='ocrx_word' id='word_1_194' title='bbox 1177 2672 1214 2734; x_wconf 89' lang='lat' dir='ltr'><strong>ut</strong></span> <span class='ocrx_word' id='word_1_195' title='bbox 1232 2665 1399 2733; x_wconf 86' lang='lat' dir='ltr'><strong>obtineret</strong></span> 
     </span>
     <span class='ocr_line' id='line_1_26' title="bbox 263 2763 1473 2852; baseline 0.002 -22"><span class='ocrx_word' id='word_1_196' title='bbox 263 2780 403 2848; x_wconf 84' lang='lat' dir='ltr'><strong>regnum</strong></span> <span class='ocrx_word' id='word_1_197' title='bbox 428 2763 574 2850; x_wconf 82' lang='lat' dir='ltr'><strong>Ungario</strong></span> <span class='ocrx_word' id='word_1_198' title='bbox 603 2763 670 2832; x_wconf 84' lang='lat' dir='ltr'><strong>ilio</strong></span> <span class='ocrx_word' id='word_1_199' title='bbox 694 2781 776 2852; x_wconf 80' lang='lat' dir='ltr'><strong>suo,</strong></span> <span class='ocrx_word' id='word_1_200' title='bbox 793 2764 926 2831; x_wconf 89' lang='lat' dir='ltr'><strong>intravit</strong></span> <span class='ocrx_word' id='word_1_201' title='bbox 943 2764 1123 2851; x_wconf 83' lang='lat' dir='ltr'><strong>Ungoriom</strong></span> <span class='ocrx_word' id='word_1_202' title='bbox 1146 2781 1221 2832; x_wconf 92' lang='lat' dir='ltr'><strong>eum</strong></span> <span class='ocrx_word' id='word_1_203' title='bbox 1238 2766 1396 2833; x_wconf 87' lang='lat' dir='ltr'><strong>exereiiu.</strong></span> <span class='ocrx_word' id='word_1_204' title='bbox 1472 2827 1473 2832; x_wconf 75' lang='grc'>,</span> 
     </span>
     <span class='ocr_line' id='line_1_27' title="bbox 262 2861 1396 2954; baseline 0.001 -25"><span class='ocrx_word' id='word_1_205' title='bbox 262 2861 304 2930; x_wconf 86' lang='lat' dir='ltr'><strong>Et</strong></span> <span class='ocrx_word' id='word_1_206' title='bbox 323 2868 485 2930; x_wconf 89' lang='lat' dir='ltr'><strong>eoronato</strong></span> <span class='ocrx_word' id='word_1_207' title='bbox 511 2861 630 2930; x_wconf 90' lang='lat' dir='ltr'><strong>eodem</strong></span> <span class='ocrx_word' id='word_1_208' title='bbox 657 2861 724 2929; x_wconf 92' lang='lat' dir='ltr'><strong>iilio</strong></span> <span class='ocrx_word' id='word_1_209' title='bbox 747 2879 809 2930; x_wconf 94' lang='lat' dir='ltr'><strong>suo</strong></span> <span class='ocrx_word' id='word_1_210' title='bbox 834 2881 854 2930; x_wconf 90' lang='lat' dir='ltr'><strong>o</strong></span> <span class='ocrx_word' id='word_1_211' title='bbox 873 2862 984 2930; x_wconf 91' lang='lat' dir='ltr'><strong>multis</strong></span> <span class='ocrx_word' id='word_1_212' title='bbox 1008 2863 1151 2931; x_wconf 91' lang='lat' dir='ltr'><strong>millibus</strong></span> <span class='ocrx_word' id='word_1_213' title='bbox 1173 2863 1396 2954; x_wconf 76' lang='lat' dir='ltr'><strong>Ungarorum</strong></span> 
     </span>
     <span class='ocr_line' id='line_1_28' title="bbox 264 2959 1396 3050; baseline 0.002 -23"><span class='ocrx_word' id='word_1_214' title='bbox 264 2961 481 3048; x_wconf 86' lang='lat' dir='ltr'><strong>oeoeptisque</strong></span> <span class='ocrx_word' id='word_1_215' title='bbox 499 2978 625 3030; x_wconf 87' lang='lat' dir='ltr'><strong>eoruna</strong></span> <span class='ocrx_word' id='word_1_216' title='bbox 640 2961 736 3046; x_wconf 83' lang='lat' dir='ltr'><strong>regni</strong></span> <span class='ocrx_word' id='word_1_217' title='bbox 755 2965 788 3028; x_wconf 92' lang='lat' dir='ltr'><strong>et</strong></span> <span class='ocrx_word' id='word_1_218' title='bbox 805 2959 979 3029; x_wconf 89' lang='lat' dir='ltr'><strong>obsidibus</strong></span> <span class='ocrx_word' id='word_1_219' title='bbox 998 2979 1018 3028; x_wconf 89' lang='lat' dir='ltr'><strong>a</strong></span> <span class='ocrx_word' id='word_1_220' title='bbox 1037 2961 1195 3050; x_wconf 90' lang='lat' dir='ltr'><strong>prediotis</strong></span> <span class='ocrx_word' id='word_1_221' title='bbox 1216 2960 1396 3050; x_wconf 91' lang='lat' dir='ltr'><strong>nobilibus,</strong></span> 
     </span>
     <span class='ocr_line' id='line_1_29' title="bbox 265 3058 1396 3148; baseline 0.004 -25"><span class='ocrx_word' id='word_1_222' title='bbox 265 3058 322 3143; x_wconf 93' lang='lat' dir='ltr'><strong>qui</strong></span> <span class='ocrx_word' id='word_1_223' title='bbox 344 3075 418 3125; x_wconf 93' lang='lat' dir='ltr'><strong>eum</strong></span> <span class='ocrx_word' id='word_1_224' title='bbox 440 3059 473 3125; x_wconf 93' lang='lat' dir='ltr'><strong>in</strong></span> <span class='ocrx_word' id='word_1_225' title='bbox 496 3077 610 3144; x_wconf 84' lang='lat' dir='ltr'><strong>regem</strong></span> <span class='ocrx_word' id='word_1_226' title='bbox 634 3059 824 3148; x_wconf 80' lang='lat' dir='ltr'><strong>elegerant,</strong></span> <span class='ocrx_word' id='word_1_227' title='bbox 852 3077 926 3127; x_wconf 89' lang='lat' dir='ltr'><strong>eum</strong></span> <span class='ocrx_word' id='word_1_228' title='bbox 952 3060 1027 3148; x_wconf 92' lang='lat' dir='ltr'><strong>ipso</strong></span> <span class='ocrx_word' id='word_1_229' title='bbox 1048 3060 1115 3129; x_wconf 88' lang='lat' dir='ltr'><strong>iiiio</strong></span> <span class='ocrx_word' id='word_1_230' title='bbox 1136 3077 1200 3128; x_wconf 92' lang='lat' dir='ltr'><strong>suo</strong></span> <span class='ocrx_word' id='word_1_231' title='bbox 1227 3061 1262 3128; x_wconf 94' lang='lat' dir='ltr'><strong>in</strong></span> <span class='ocrx_word' id='word_1_232' title='bbox 1284 3060 1396 3128; x_wconf 88' lang='lat' dir='ltr'><strong>Bobe-</strong></span> 
     </span>
     <span class='ocr_line' id='line_1_30' title="bbox 263 3155 1396 3247; baseline 0.004 -26"><span class='ocrx_word' id='word_1_233' title='bbox 263 3155 361 3222; x_wconf 87' lang='lat' dir='ltr'><strong>minm</strong></span> <span class='ocrx_word' id='word_1_234' title='bbox 383 3161 436 3222; x_wconf 91' lang='lat' dir='ltr'><strong>est</strong></span> <span class='ocrx_word' id='word_1_235' title='bbox 458 3174 624 3224; x_wconf 90' lang='lat' dir='ltr'><strong>reversus.</strong></span> <span class='ocrx_word' id='word_1_236' title='bbox 651 3157 677 3224; x_wconf 88' lang='lat' dir='ltr'><strong>E</strong></span> <span class='ocrx_word' id='word_1_237' title='bbox 696 3157 860 3225; x_wconf 82' lang='lat' dir='ltr'><strong>contrario</strong></span> <span class='ocrx_word' id='word_1_238' title='bbox 886 3162 995 3225; x_wconf 89' lang='lat' dir='ltr'><strong>autem</strong></span> <span class='ocrx_word' id='word_1_239' title='bbox 1019 3176 1128 3247; x_wconf 89' lang='lat' dir='ltr'><strong>nepos</strong></span> <span class='ocrx_word' id='word_1_240' title='bbox 1150 3157 1264 3226; x_wconf 84' lang='lat' dir='ltr'><strong>Koroli</strong></span> <span class='ocrx_word' id='word_1_241' title='bbox 1287 3176 1396 3246; x_wconf 92' lang='lat' dir='ltr'><strong>quon·</strong></span> 
     </span>
     <span class='ocr_line' id='line_1_31' title="bbox 264 3251 1396 3344; baseline 0.001 -23"><span class='ocrx_word' id='word_1_242' title='bbox 264 3251 341 3321; x_wconf 85' lang='lat' dir='ltr'><strong>dnm</strong></span> <span class='ocrx_word' id='word_1_243' title='bbox 366 3255 456 3340; x_wconf 86' lang='lat' dir='ltr'><strong>regis</strong></span> <span class='ocrx_word' id='word_1_244' title='bbox 479 3253 590 3323; x_wconf 89' lang='lat' dir='ltr'><strong>Sieilie</strong></span> <span class='ocrx_word' id='word_1_245' title='bbox 611 3255 652 3323; x_wconf 89' lang='lat' dir='ltr'><strong>ab</strong></span> <span class='ocrx_word' id='word_1_246' title='bbox 677 3256 749 3324; x_wconf 87' lang='lat' dir='ltr'><strong>aliis</strong></span> <span class='ocrx_word' id='word_1_247' title='bbox 775 3255 920 3344; x_wconf 79' lang='lat' dir='ltr'><strong>Ungaris</strong></span> <span class='ocrx_word' id='word_1_248' title='bbox 945 3263 982 3324; x_wconf 88' lang='lat' dir='ltr'><strong>ut</strong></span> <span class='ocrx_word' id='word_1_249' title='bbox 1001 3275 1068 3326; x_wconf 89' lang='lat' dir='ltr'><strong>-rex</strong></span> <span class='ocrx_word' id='word_1_250' title='bbox 1090 3275 1203 3325; x_wconf 92' lang='lat' dir='ltr'><strong>eorum</strong></span> <span class='ocrx_word' id='word_1_251' title='bbox 1226 3257 1322 3326; x_wconf 88' lang='lat' dir='ltr'><strong>fieret</strong></span> <span class='ocrx_word' id='word_1_252' title='bbox 1348 3261 1396 3325; x_wconf 88' lang='lat' dir='ltr'><strong>est</strong></span> 
     </span>
     <span class='ocr_line' id='line_1_32' title="bbox 262 3358 1156 3441; baseline 0.001 -21"><span class='ocrx_word' id='word_1_253' title='bbox 262 3358 464 3441; x_wconf 83' lang='lat' dir='ltr'><strong>assumptus.</strong></span> <span class='ocrx_word' id='word_1_254' title='bbox 1154 3358 1156 3362; x_wconf 83' lang='lat'>&#39;</span> 
     </span>
    </p>

    <p class='ocr_par' dir='ltr' id='par_1_6' title="bbox 262 3444 1394 3740">
     <span class='ocr_line' id='line_1_33' title="bbox 336 3444 1394 3541; baseline -0.001 -21"><span class='ocrx_word' id='word_1_255' title='bbox 336 3449 436 3520; x_wconf 88' lang='lat' dir='ltr'><strong>Anno</strong></span> <span class='ocrx_word' id='word_1_256' title='bbox 463 3451 588 3520; x_wconf 92' lang='lat' dir='ltr'><strong>domini</strong></span> <span class='ocrx_word' id='word_1_257' title='bbox 613 3469 723 3521; x_wconf 89' lang='lat' dir='ltr'><strong>mooe.</strong></span> <span class='ocrx_word' id='word_1_258' title='bbox 745 3444 959 3521; x_wconf 85' lang='lat' dir='ltr'><strong>Boniiaoius⁷</strong></span> <span class='ocrx_word' id='word_1_259' title='bbox 989 3471 1077 3541; x_wconf 87' lang='lat' dir='ltr'><strong>papa</strong></span> <span class='ocrx_word' id='word_1_260' title='bbox 1104 3458 1261 3541; x_wconf 89' lang='lat' dir='ltr'><strong>quartus,</strong></span> <span class='ocrx_word' id='word_1_261' title='bbox 1288 3459 1394 3521; x_wconf 89' lang='lat' dir='ltr'><strong>motus</strong></span> 
     </span>
     <span class='ocr_line' id='line_1_34' title="bbox 262 3547 1394 3640; baseline 0.002 -24"><span class='ocrx_word' id='word_1_262' title='bbox 262 3547 435 3618; x_wconf 87' lang='lat' dir='ltr'><strong>multomm</strong></span> <span class='ocrx_word' id='word_1_263' title='bbox 451 3551 691 3638; x_wconf 83' lang='lat' dir='ltr'><strong>querelantium</strong></span> <span class='ocrx_word' id='word_1_264' title='bbox 708 3549 924 3639; x_wconf 84' lang='lat' dir='ltr'><strong>clamoribus,</strong></span> <span class='ocrx_word' id='word_1_265' title='bbox 950 3569 1011 3640; x_wconf 94' lang='lat' dir='ltr'><strong>pro</strong></span> <span class='ocrx_word' id='word_1_266' title='bbox 1028 3551 1118 3620; x_wconf 87' lang='lat' dir='ltr'><strong>bono</strong></span> <span class='ocrx_word' id='word_1_267' title='bbox 1138 3552 1233 3639; x_wconf 86' lang='lat' dir='ltr'><strong>puois</strong></span> <span class='ocrx_word' id='word_1_268' title='bbox 1255 3557 1291 3618; x_wconf 90' lang='lat' dir='ltr'><strong>et</strong></span> <span class='ocrx_word' id='word_1_269' title='bbox 1315 3569 1394 3620; x_wconf 92' lang='lat' dir='ltr'><strong>oon-</strong></span> 
     </span>
     <span class='ocr_line' id='line_1_35' title="bbox 262 3645 1393 3740; baseline 0.001 -26"><span class='ocrx_word' id='word_1_270' title='bbox 262 3645 375 3716; x_wconf 92' lang='lat' dir='ltr'><strong>oordie</strong></span> <span class='ocrx_word' id='word_1_271' title='bbox 397 3649 476 3716; x_wconf 88' lang='lat' dir='ltr'><strong>oleri</strong></span> <span class='ocrx_word' id='word_1_272' title='bbox 492 3667 535 3716; x_wconf 90' lang='lat' dir='ltr'><strong>ex</strong></span> <span class='ocrx_word' id='word_1_273' title='bbox 550 3668 615 3717; x_wconf 93' lang='lat' dir='ltr'><strong>una</strong></span> <span class='ocrx_word' id='word_1_274' title='bbox 624 3701 634 3740; x_wconf 90' lang='lat'><em>‚</em></span> <span class='ocrx_word' id='word_1_275' title='bbox 654 3656 687 3717; x_wconf 87' lang='lat' dir='ltr'><strong>et</strong></span> <span class='ocrx_word' id='word_1_276' title='bbox 702 3647 838 3716; x_wconf 83' lang='lat' dir='ltr'><strong>fratrum</strong></span> <span class='ocrx_word' id='word_1_277' title='bbox 856 3649 1099 3719; x_wconf 89' lang='lat' dir='ltr'><strong>Predioatorum</strong></span> <span class='ocrx_word' id='word_1_278' title='bbox 1117 3656 1151 3717; x_wconf 91' lang='lat' dir='ltr'><strong>et</strong></span> <span class='ocrx_word' id='word_1_279' title='bbox 1165 3649 1333 3718; x_wconf 89' lang='lat' dir='ltr'><strong>Minorum</strong></span> <span class='ocrx_word' id='word_1_280' title='bbox 1355 3667 1393 3716; x_wconf 86' lang='lat' dir='ltr'><strong>ex</strong></span> 
     </span>
    </p>
   </div>
   <div class='ocr_carea' id='block_1_4' title="bbox 262 3772 1394 4314">
    <p class='ocr_par' dir='ltr' id='par_1_7' title="bbox 262 3772 1394 4314">
     <span class='ocr_line' id='line_1_36' title="bbox 262 3772 1394 3892; baseline 0.003 -67"><span class='ocrx_word' id='word_1_281' title='bbox 262 3774 376 3892; x_wconf 71' lang='lat' dir='ltr'><strong>cijdso</strong></span> <span class='ocrx_word' id='word_1_282' title='bbox 400 3773 445 3826; x_wconf 86' lang='lat' dir='ltr'><strong>die</strong></span> <span class='ocrx_word' id='word_1_283' title='bbox 463 3772 520 3839; x_wconf 75' lang='lat' dir='ltr'><strong>bs,</strong></span> <span class='ocrx_word' id='word_1_284' title='bbox 537 3773 702 3854; x_wconf 75' lang='lat' dir='ltr'><strong>duraverant</strong></span> <span class='ocrx_word' id='word_1_285' title='bbox 723 3780 750 3853; x_wconf 75' lang='lat' dir='ltr'><strong>et</strong></span> <span class='ocrx_word' id='word_1_286' title='bbox 772 3772 806 3892; x_wconf 63' lang='lat' dir='ltr'><strong>dle</strong></span> <span class='ocrx_word' id='word_1_287' title='bbox 830 3773 927 3843; x_wconf 88' lang='lat' dir='ltr'><strong>quibus</strong></span> <span class='ocrx_word' id='word_1_288' title='bbox 952 3776 1076 3856; x_wconf 68' lang='lat' dir='ltr'><strong>superius</strong></span> <span class='ocrx_word' id='word_1_289' title='bbox 1093 3782 1134 3856; x_wconf 77' lang='lat' dir='ltr'><strong>est</strong></span> <span class='ocrx_word' id='word_1_290' title='bbox 1152 3773 1394 3856; x_wconf 33' lang='lat' dir='ltr'><strong>dietum-sebliesst</strong></span> 
     </span>
     <span class='ocr_line' id='line_1_37' title="bbox 263 3839 1394 3993; baseline 0.003 -34"><span class='ocrx_word' id='word_1_291' title='bbox 263 3839 769 3980; x_wconf 51' lang='lat' dir='ltr'><strong>aerigitato?&#39;‘nitentiu</strong></span> <span class='ocrx_word' id='word_1_292' title='bbox 782 3841 1394 3993; x_wconf 48' lang='lat' dir='ltr'><strong>„timenti,titutirduiff‘tmeu</strong></span> 
     </span>
     <span class='ocr_line' id='line_1_38' title="bbox 262 3972 1392 4124; baseline 0.003 -31"><span class='ocrx_word' id='word_1_293' title='bbox 262 3972 369 4094; x_wconf 61' lang='lat' dir='ltr'><strong>itin.</strong></span> <span class='ocrx_word' id='word_1_294' title='bbox 383 3973 528 4110; x_wconf 58' lang='grc' dir='ltr'>ῗίἷεὶἶῗ·</span> <span class='ocrx_word' id='word_1_295' title='bbox 545 3976 1126 4124; x_wconf 54' lang='lat' dir='ltr'><strong>aidiftqeiiitsiitl‘trib</strong></span> <span class='ocrx_word' id='word_1_296' title='bbox 1142 3977 1197 4100; x_wconf 71' lang='lat' dir='ltr'><strong>*ii</strong></span> <span class='ocrx_word' id='word_1_297' title='bbox 1214 3986 1252 4100; x_wconf 71' lang='lat' dir='ltr'><strong>si</strong></span> <span class='ocrx_word' id='word_1_298' title='bbox 1266 3978 1331 4101; x_wconf 59' lang='lat' dir='ltr'><strong>idi</strong></span> <span class='ocrx_word' id='word_1_299' title='bbox 1347 3991 1392 4123; x_wconf 71' lang='grc' dir='ltr'><strong>1ξὲ</strong></span> 
     </span>
     <span class='ocr_line' id='line_1_39' title="bbox 263 4107 1390 4180; baseline 0.004 -19"><span class='ocrx_word' id='word_1_300' title='bbox 263 4123 375 4162; x_wconf 81' lang='lat' dir='ltr'><strong>nameus</strong></span> <span class='ocrx_word' id='word_1_301' title='bbox 393 4107 480 4163; x_wconf 72' lang='lat' dir='ltr'><strong>leores</strong></span> <span class='ocrx_word' id='word_1_302' title='bbox 497 4126 581 4164; x_wconf 81' lang='lat' dir='ltr'><strong>raum.</strong></span> <span class='ocrx_word' id='word_1_303' title='bbox 616 4113 648 4178; x_wconf 78' lang='lat' dir='ltr'><strong>i]</strong></span> <span class='ocrx_word' id='word_1_304' title='bbox 666 4109 796 4179; x_wconf 78' lang='lat' dir='ltr'><strong>rrobtrger</strong></span> <span class='ocrx_word' id='word_1_305' title='bbox 821 4113 887 4166; x_wconf 81' lang='lat'>1³⁰1</span> <span class='ocrx_word' id='word_1_306' title='bbox 905 4115 959 4169; x_wconf 82' lang='lat' dir='ltr'><strong>ian.</strong></span> <span class='ocrx_word' id='word_1_307' title='bbox 980 4119 1019 4167; x_wconf 77' lang='lat' dir='ltr'><strong>ld.</strong></span> <span class='ocrx_word' id='word_1_308' title='bbox 1062 4117 1093 4180; x_wconf 84' lang='lat'><strong>5)</strong></span> <span class='ocrx_word' id='word_1_309' title='bbox 1111 4113 1265 4168; x_wconf 80' lang='lat' dir='ltr'><strong>Wenezloo</strong></span> <span class='ocrx_word' id='word_1_310' title='bbox 1282 4111 1351 4167; x_wconf 80' lang='lat' dir='ltr'><strong>tenir</strong></span> <span class='ocrx_word' id='word_1_311' title='bbox 1367 4129 1390 4165; x_wconf 92' lang='lat' dir='ltr'><strong>rn</strong></span> 
     </span>
     <span class='ocr_line' id='line_1_40' title="bbox 265 4175 1391 4248; baseline 0.003 -19"><span class='ocrx_word' id='word_1_312' title='bbox 265 4175 314 4230; x_wconf 86' lang='lat' dir='ltr'><strong>der</strong></span> <span class='ocrx_word' id='word_1_313' title='bbox 331 4175 371 4230; x_wconf 81' lang='lat' dir='ltr'><strong>hs.</strong></span> <span class='ocrx_word' id='word_1_314' title='bbox 391 4175 461 4230; x_wconf 86' lang='lat' dir='ltr'><strong>doch</strong></span> <span class='ocrx_word' id='word_1_315' title='bbox 480 4179 514 4231; x_wconf 82' lang='lat' dir='ltr'><strong>ist</strong></span> <span class='ocrx_word' id='word_1_316' title='bbox 550 4177 602 4232; x_wconf 79' lang='lat' dir='ltr'><strong>late</strong></span> <span class='ocrx_word' id='word_1_317' title='bbox 619 4178 752 4248; x_wconf 77' lang='lat' dir='ltr'><strong>gelassen.</strong></span> <span class='ocrx_word' id='word_1_318' title='bbox 791 4179 823 4244; x_wconf 85' lang='grc'><strong>6)</strong></span> <span class='ocrx_word' id='word_1_319' title='bbox 842 4180 890 4235; x_wconf 86' lang='lat' dir='ltr'><strong>mit</strong></span> <span class='ocrx_word' id='word_1_320' title='bbox 911 4198 941 4236; x_wconf 89' lang='lat' dir='ltr'><strong>as</strong></span> <span class='ocrx_word' id='word_1_321' title='bbox 961 4183 1061 4236; x_wconf 79' lang='lat' dir='ltr'><strong>irorent</strong></span> <span class='ocrx_word' id='word_1_322' title='bbox 1086 4180 1214 4236; x_wconf 81' lang='lat' dir='ltr'><strong>aebliesst</strong></span> <span class='ocrx_word' id='word_1_323' title='bbox 1238 4181 1329 4236; x_wconf 85' lang='lat' dir='ltr'><strong>dieser</strong></span> <span class='ocrx_word' id='word_1_324' title='bbox 1345 4179 1391 4232; x_wconf 82' lang='lat' dir='ltr'><strong>ab·</strong></span> 
     </span>
     <span class='ocr_line' id='line_1_41' title="bbox 265 4195 1133 4314; baseline 0.01 -19"><span class='ocrx_word' id='word_1_325' title='bbox 265 4251 321 4296; x_wconf 81' lang='lat' dir='ltr'><strong>satz</strong></span> <span class='ocrx_word' id='word_1_326' title='bbox 339 4244 366 4296; x_wconf 91' lang='lat' dir='ltr'><strong>in</strong></span> <span class='ocrx_word' id='word_1_327' title='bbox 385 4242 432 4298; x_wconf 87' lang='lat' dir='ltr'><strong>der</strong></span> <span class='ocrx_word' id='word_1_328' title='bbox 449 4243 489 4298; x_wconf 84' lang='lat' dir='ltr'><strong>ba.</strong></span> <span class='ocrx_word' id='word_1_329' title='bbox 526 4195 557 4311; x_wconf 58' lang='grc' dir='ltr'><strong>ΊΡ)</strong></span> <span class='ocrx_word' id='word_1_330' title='bbox 576 4243 667 4300; x_wconf 82' lang='lat' dir='ltr'><strong>dieser</strong></span> <span class='ocrx_word' id='word_1_331' title='bbox 684 4261 768 4314; x_wconf 78' lang='lat' dir='ltr'><strong>ganza</strong></span> <span class='ocrx_word' id='word_1_332' title='bbox 786 4245 878 4302; x_wconf 76' lang='lat' dir='ltr'><strong>rimu</strong></span> <span class='ocrx_word' id='word_1_333' title='bbox 896 4200 965 4306; x_wconf 63' lang='lat' dir='ltr'><strong>sebft</strong></span> <span class='ocrx_word' id='word_1_334' title='bbox 982 4251 1009 4303; x_wconf 95' lang='lat' dir='ltr'><strong>in</strong></span> <span class='ocrx_word' id='word_1_335' title='bbox 1027 4249 1076 4304; x_wconf 90' lang='lat' dir='ltr'><strong>dor</strong></span> <span class='ocrx_word' id='word_1_336' title='bbox 1093 4248 1133 4304; x_wconf 85' lang='lat' dir='ltr'><strong>bs.</strong></span> 
     </span>
    </p>
   </div>
   <div class='ocr_carea' id='block_1_5' title="bbox 0 0 1480 4836">
    <p class='ocr_par' dir='ltr' id='par_1_8' title="bbox 0 0 1480 4836">
     <span class='ocr_line' id='line_1_42' title="bbox 0 0 1480 4836; baseline 0 0"><span class='ocrx_word' id='word_1_337' title='bbox 0 0 1480 4836; x_wconf 95' lang='lat' dir='ltr'><strong> </strong></span> 
     </span>
    </p>
   </div>
  </div>
 </body>
</html>
