2884 4834
288 212 360 283 tet
557 205 565 218 ’
654 239 783 290 murus
804 239 1048 288 wonnrmunsns.

204 378 403 450 tesernirolfl
425 369 573 448 incendit
596 395 713 448 menso
737 379 834 448 maio.
865 378 1011 448 Poraotts
1033 377 1205 448 vero'hiis
1220 378 1430 448 'commotus

287 484 341 549 est
363 478 567 548 venerabilis
593 477 746 546 dominus
768 476 979 547 Eberhardus
997 477 1125 546 eleotus
1143 476 1428 568 Wormaoiensis,

287 583 322 648 et
338 578 533 646 oonvooatis
551 577 667 646 amieis
686 577 756 645 suis
774 575 962 667 diligenter,
980 566 1100 646 uolens
1118 575 1284 646 hostiliter
1300 583 1332 646 et
1350 595 1429 666 po-

285 681 393 746 tenter
409 674 592 764 prooedere
611 681 728 744 eontra
744 674 867 744 dietum
884 675 1056 744 Jaoobnm
1083 674 1210 744 Videns
1230 675 1293 745 heo
1309 675 1426 745 Jaeo-

286 775 349 844 bus
367 776 457 844 misit
473 774 516 842 ad
534 774 701 843 dominum
719 775 861 843 eleotum
877 775 1038 842 illustrem
1049 775 1156 843 virum
1171 773 1342 844 Hirsutum
1361 792 1428 843 oo-

286 876 415 964 mitem,
435 873 564 941 tratrem
586 874 693 962 ipsius
712 872 836 942 domini
861 873 976 963 oleati,
999 874 1268 962 compromittens
1287 879 1321 944 et
1336 873 1426 943 sub-

286 974 403 1042 iioiens
430 990 468 1041 se
492 972 638 1040 totaliter
665 978 699 1042 et
720 971 763 1040 do
788 968 890 1061 plano
914 990 976 1041 suo
1003 971 1147 1041 arbitrio.
1173 973 1215 1042 Et
1238 971 1283 1041 ad
1298 991 1427 1063 preoes

287 1071 412 1142 domini
437 1071 535 1140 eleoti
559 1072 652 1139 nives
670 1071 705 1139 id
729 1072 837 1160 ipsum
855 1070 1013 1141 leeerunt.
1038 1071 1081 1139 Et
1098 1072 1156 1162 sie,
1174 1071 1309 1160 pulsata
1327 1090 1426 1140 eam-

197 1203 204 1212 ·
285 1188 375 1262 pana
392 1188 494 1259 super
510 1171 643 1259 auriam,
654 1175 841 1240 oonvooato
858 1171 983 1260 populo
1000 1170 1179 1259 episeopus
1189 1170 1426 1240 Wormatien-

288 1271 336 1340 sis
355 1268 567 1338 oonoordiam
586 1275 620 1338 et
643 1269 819 1338 amioitiam
838 1269 924 1338 inter
941 1271 1033 1338 oiues
1052 1274 1086 1338 et
1100 1267 1267 1339 Joooltum
1284 1271 1425 1339 militem

287 1368 519 1460 promulgavit.
534 1367 572 1436 ln
581 1373 778 1457 pentecoste
796 1364 878 1458 [mai
896 1365 960 1460 12]
976 1385 1057 1436 vero
1075 1367 1315 1438 oumdominns
1329 1369 1426 1438 elee-

288 1475 343 1537 tus
361 1484 497 1536 oausam
516 1467 580 1534 sibi
598 1469 808 1536 commissam
825 1467 959 1554 utrique
976 1467 1062 1555 parti
1076 1465 1250 1536 diffinitive
1268 1486 1425 1556 pronun-

289 1568 372 1636 tiare
395 1566 578 1656 voluisset,
603 1565 710 1634 dietus
734 1565 882 1636 Jaeohus
909 1566 1054 1636 totaliter
1080 1565 1282 1636 contradixit
1307 1567 1425 1655 aliquo

288 1664 388 1734 modo
407 1682 445 1733 se
462 1664 549 1734 vello
567 1657 702 1753 paoem1
720 1683 921 1734 oonservare
930 1717 940 1756 ,
958 1665 1024 1733 nisi
1042 1665 1222 1755 episeopus
1241 1684 1342 1735 suam
1361 1684 1424 1734 vo-

288 1766 448 1834 luntatem
470 1781 530 1852 per
553 1764 663 1832 omnia
683 1764 921 1852 pronuntiaret.
946 1763 988 1834 nt
1005 1765 1054 1832 sio
1071 1763 1178 1834 iaetus
1197 1771 1251 1834 est
1269 1767 1424 1835 novissi-

288 1881 362 1932 mus
380 1880 471 1931 error
487 1863 581 1952 peior
598 1864 727 1952 priore,
747 1868 782 1931 et
798 1864 979 1953 episeopus
996 1862 1248 1952 supramodum
1267 1881 1424 1933 eommo-

289 1969 354 2031 tus.
380 1963 503 2030 Postea
519 1960 607 2030 idem
625 1961 773 2031 Jaoobus
791 1963 912 2031 nolens
930 1961 1094 2031 desistere
1112 1980 1133 2029 a
1152 1964 1333 2052 proposito
1351 1981 1424 2032 ma·

289 2059 400 2150 ligno,
424 2060 604 2129 m.oo.l.viii.
627 2061 662 2127 in
686 2061 777 2130 iunio
802 2062 890 2129 misit
913 2061 1077 2148 quosdam
1102 2059 1145 2129 de
1169 2063 1239 2130 suis
1256 2063 1295 2130 in
1312 2063 1424 2132 villam

289 2159 528 2229 Lidriseoheim
546 2167 580 2227 et
596 2159 770 2228 suecendit
785 2159 832 2228 ibi
849 2160 1000 2229 horreum
1017 2159 1192 2228 Edalwini.
1208 2160 1251 2229 Et
1269 2162 1439 2254 similiter*

291 2260 389 2326 etiam
408 2258 509 2345 aliqui
527 2256 569 2327 de
587 2259 657 2327 suis
675 2259 837 2327 intrantes
855 2259 966 2327 villam
985 2258 1141 2349 sultzen,
1160 2258 1308 2329 toreular
1325 2259 1420 2328 Hen-

290 2357 349 2425 rioi
366 2355 497 2424 Rieheri
514 2356 559 2425 ibi
578 2362 785 2426 secavernnt.
808 2356 860 2426 De
878 2357 999 2446 quibus
1017 2358 1134 2426 iterato
1153 2356 1311 2428 dominus
1332 2360 1422 2450 epis·

291 2472 398 2544 oopus
428 2455 663 2546 nonturnatus,
700 2461 964 2545 supervenerunt
995 2456 1140 2525 illustres
1173 2457 1235 2526 viri
1265 2456 1422 2526 dominus

290 2553 427 2624 Emioho
451 2571 564 2623 eomes
590 2554 632 2623 de
656 2554 823 2642 Liningen
841 2561 875 2624 et
891 2555 1062 2644 Philippus
1081 2553 1123 2624 de
1141 2553 1349 2646 Holenlels‚
1369 2574 1421 2624 as-

291 2659 462 2722 sumentes
481 2653 546 2721 sibi
563 2653 650 2722 hane
668 2652 867 2722 disoordiam
884 2655 1030 2723 totaliter
1047 2653 1255 2745 sopiendam,
1275 2655 1344 2724 sub
1366 2656 1422 2724 hae

291 2750 396 2822 torma
414 2751 504 2839 quod
517 2754 628 2821 omnia
645 2752 788 2842 dampna
806 2753 966 2822 aJoeobo
979 2753 1107 2822 civibus
1127 2754 1219 2822 illata
1231 2757 1313 2842 post
1329 2755 1438 2856 epis-p

291 2852 368 2939 oopi
384 2851 684 2940 promulgationem
701 2853 795 2940 paois
812 2853 867 2921 vel
883 2851 971 2920 laeta
987 2869 1096 2940 usque
1113 2851 1156 2920 ad
1174 2850 1296 2921 testum
1315 2855 1418 2921 saneti

291 2949 409 3018 Jaoobi
435 2946 508 3038 [iul.
534 2948 598 3042 25]
624 2949 668 3018 ad
692 2951 856 3038 integrum
882 2952 1060 3020 restaurari
1086 2949 1254 3020 deberent.
1283 2952 1320 3020 Si
1347 2969 1418 3020 vero

292 3047 400 3116 diotus
418 3047 567 3138 Jaeobns
585 3049 736 3138 episeopi
753 3051 809 3118 vel
825 3049 1047 3138 predietorum
1061 3049 1269 3119 dominorum
1289 3051 1418 3119 arbitrio

292 3147 326 3214 in
352 3147 463 3233 aliquo
489 3148 675 3236 resisteret,
700 3165 760 3236 per
788 3149 853 3217 lroo
878 3148 1032 3219 dominus
1050 3147 1092 3217 de
1110 3147 1298 3217 Holenlels
1315 3151 1418 3238 ipsum

291 3244 456 3313 laoobum
474 3251 507 3313 et
525 3263 607 3315 suos
625 3246 775 3315 lautores
793 3246 836 3315 alr
850 3247 1002 3317 omnibns
1018 3247 1257 3316 munitionibus
1278 3250 1418 3318 totaliter

292 3345 426 3434 eioeret,
446 3349 479 3412 et
496 3344 558 3413 sibi
574 3346 628 3413 vel
646 3346 718 3414 suis
735 3346 861 3414 nullum
875 3345 1073 3416 adiutorium
1087 3352 1244 3436 preparet
1260 3347 1418 3437 velpres-
1436 3407 1437 3410 ,

292 3449 362 3512 tare
380 3461 400 3512 a
418 3445 488 3512 suis
507 3444 619 3512 amieis
637 3446 848 3532 permitteret.
1436 3527 1437 3530 Ἴ

366 3541 499 3611 Interea
525 3560 614 3611 anno
638 3543 876 3612 maalvilla
894 3542 981 3612 testo
998 3543 1105 3613 saneti
1122 3543 1243 3613 Jaeobi
1263 3539 1339 3634 [iul.
1360 3541 1415 3634 25]
1436 3551 1437 3601 t

293 3641 486 3729 supervenit
507 3640 661 3709 dominus
684 3641 866 3711 Rishardus
889 3642 1112 3712 Romanorum
1135 3659 1194 3711 rex
1211 3643 1247 3710 in
1265 3643 1416 3712 Worma-

294 3742 391 3828 tiam,
417 3741 475 3826 qui
501 3739 564 3808 sibi
591 3741 690 3808 etiam
711 3741 776 3809 ista
795 3741 994 3830 assumpsit,
1014 3747 1047 3809 et
1064 3747 1199 3828 treugas
1216 3740 1299 3810 leoit
1314 3759 1415 3830 usqne

294 3837 337 3906 ad
348 3837 816 3908 lestumsanotiBartholomoi
827 3836 922 3931 [aug.
933 3836 1011 3929 tt],
1030 3839 1120 3927 quod
1130 3845 1201 3908 erat
1212 3841 1248 3908 in
1263 3843 1415 3929 proximo.

294 3935 336 4003 Et
353 3943 419 4004 tuni
438 3954 498 4024 per
522 3937 689 4007 dontinum
710 3956 824 4026 regem
849 3939 959 4008 medio
976 3945 1124 4027 tempore
1142 3938 1245 4007 niohil
1262 3945 1367 4029 super
1382 3957 1415 4006 eo

261 4039 263 4044 '
294 4033 356 4104 luit
372 4039 599 4123 attemptatum
618 4038 689 4106 sive
707 4039 923 4107 terminatum.
956 4038 1079 4106 Postea
1096 4039 1340 4126 superveniens
1360 4037 1414 4106 do-

295 4134 404 4200 minns
430 4133 599 4222 Philippus
627 4135 668 4204 de
694 4133 879 4207 Hoheniels
905 4137 1020 4226 sapius
1044 4140 1179 4224 treugas
1209 4136 1291 4206 leoit
1307 4156 1368 4226 pro
1384 4153 1436 4204 aow

331 4243 361 4305 i]
381 4255 476 4310 paoem
493 4239 561 4296 habe
579 4241 622 4296 ioli
640 4243 841 4312 eingeseholtet.
