2878 4834
402 251 594 302 eaarsntrua
614 251 808 302 noannrrnus.
1100 227 1171 295 255

44 393 173 482 natine,
199 398 236 462 et
253 392 387 461 subtilia
404 390 607 479 aurifrigiata
630 391 729 462 valde
747 391 846 461 bona.
871 391 954 461 ltem
973 391 1039 462 due
1057 396 1172 464 oasule

47 493 82 562 de
98 492 196 561 viridi
216 493 347 583 samito,
366 497 400 562 et
416 497 464 561 tot
480 491 656 560 dalmatiae
674 498 708 560 et
726 491 859 560 subtilia
875 492 1057 580 auriirigita
1073 495 1173 564 valde

46 593 136 660 bona.
164 591 247 660 ltem
266 591 332 660 due
351 592 467 660 nasute
485 591 527 660 de
547 607 668 660 oreeee
687 593 825 682 samito,
848 595 897 660 tot
913 590 1107 685 dalmatiae,
1139 601 1174 664 et

45 692 172 760 subtilia
198 691 298 760 valde
324 691 424 760 bona.
458 691 532 760 Una
562 691 648 760 iuter
678 698 808 758 ceteras
840 697 909 758 erat
933 692 1067 760 easulas
1094 701 1172 763 ante

45 809 165 879 patruos
192 789 265 859 dies
291 791 460 880 violacea,
486 789 564 858 latis
591 797 625 858 et
647 791 777 876 magnis
803 789 1002 881 aurifrigiis,
1018 791 1123 880 longa
1141 801 1174 864 et

44 893 147 979 larga,
183 892 294 958 aureis
323 891 445 970 lunulis
473 897 507 958 et
532 889 698 958 sideribus
726 890 878 977 insertis3
905 907 971 978 qne
995 894 1076 959 tanti
1103 900 1175 963 erat

44 989 198 1078 penderis
229 996 366 1078 propter
389 1008 522 1080 aurum,
548 995 583 1057 ut
607 989 723 1078 pbeari
749 1007 818 1057 non
835 996 970 1080 posset,
997 997 1030 1058 et
1047 993 1080 1059 in
1098 996 1173 1082 ipsa

45 1092 92 1158 tin
109 1089 235 1177 aliquis
252 1095 400 1178 poterat,
419 1090 484 1156 nisi
501 1088 602 1157 valde
620 1088 792 1177 robustum,
811 1087 924 1156 divina
940 1093 1099 1176 mysteria
1113 1109 1172 1163 ee·

45 1189 177 1257 lebrare.
210 1189 449 1258 Vestiebantur
472 1195 582 1258 tannen
607 1188 663 1257 illa
686 1187 864 1276 pontidees
889 1194 923 1255 et
939 1188 1057 1278 prelati
1074 1191 1171 1263 iestis

44 1290 207 1377 precipuis
226 1289 396 1356 cantaturi.
424 1287 492 1356 Sed
514 1293 593 1376 pest
611 1288 821 1374 euangelium
840 1293 973 1356 eantato
992 1289 1172 1384 oilertorio,

43 1387 129 1456 lactis
150 1387 397 1476 oblationibus,
414 1387 504 1455 illam
529 1386 759 1478 deponentes,
783 1386 1013 1458 ilexibilierem
1031 1407 1172 1461 sumen-

43 1492 103 1577 tes,
121 1489 157 1555 in
181 1488 239 1556 illa
259 1486 373 1555 divina
390 1485 608 1575 perfecerunt.

110 1587 195 1654 ltem
221 1588 321 1654 multe
346 1587 457 1655 tuniee
484 1584 692 1656 diversorum
710 1584 879 1676 dolorum,
906 1586 1063 1657 videlieet
1079 1589 1172 1658 rubei

44 1685 150 1754 uiridis
185 1691 218 1753 et
242 1685 387 1754 violaeei
413 1685 555 1775 eoloriS,
581 1685 763 1773 virgulam,
790 1687 917 1776 erenei,
943 1686 1025 1778 albi,
1050 1689 1170 1776 quibus

43 1785 217 1852 utebantur
233 1785 372 1852 ministri
390 1784 538 1852 altarium
562 1791 596 1852 et
612 1785 737 1872 acolyti
762 1790 796 1852 et
814 1784 1000 1856 ebrismatis
1018 1794 1172 1876 portato-

44 1901 101 1952 res.
126 1884 167 1952 ln
186 1884 271 1952 albis
289 1884 434 1970 cingulis
452 1883 675 1952 humeralibus
689 1884 786 1952 stolis
802 1890 836 1952 et
853 1887 974 1955 ueteris
992 1904 1171 1956 ornamen-

45 1985 97 2071 tis,
131 1985 252 2072 paneis
284 1982 452 2052 eradenda
477 1984 617 2073 eopiosa
641 1983 827 2051 diversitas.
864 1983 966 2052 Erant
986 1984 1090 2055 insule
1115 1987 1170 2055 vel

44 2082 140 2151 thiare
165 2082 352 2152 octodecim
371 2083 622 2172 auriphrigiate,
649 2081 841 2151 ehirotbeee
859 2083 960 2152 valde
976 2083 1085 2176 boue,
1111 2103 1169 2155 se-

44 2181 146 2250 deeim
168 2181 281 2250 annuli
298 2182 508 2271 pontilieales
525 2182 605 2250 boni
621 2189 654 2250 et
670 2182 802 2270 magni,
827 2181 870 2250 de
887 2183 1006 2253 rubino
1029 2201 1117 2254 unus
1136 2192 1170 2254 et

44 2281 202 2369 impositis
219 2281 293 2350 aliis
309 2283 449 2368 gemmis
467 2282 619 2372 minutis,
638 2280 680 2350 de
697 2280 877 2367 smaragdo
896 2299 1002 2373 unus,
1022 2283 1064 2352 de
1089 2303 1170 2374 sap·

43 2381 131 2469 phiro
148 2399 255 2471 unus,
279 2380 322 2450 de
338 2382 471 2470 topazio
491 2399 589 2450 unus.
615 2380 732 2449 Baeuli
752 2381 941 2468 pastorales
968 2382 1036 2452 duo
1057 2385 1171 2453 vestiti

44 2487 188 2567 argente.
216 2481 331 2567 Caligo
347 2486 425 2550 eote
442 2487 475 2548 et
491 2486 541 2548 tot
558 2479 717 2548 sandalia.
744 2479 816 2547 lieo
838 2479 880 2549 de
901 2484 1122 2552 vestimentis.
1162 2539 1164 2545 ,

112 2577 208 2647 Nune
224 2579 267 2648 de
282 2585 401 2648 ornatu
414 2585 448 2647 et
466 2579 623 2648 thesauro
640 2579 801 2668 eeolesie,
820 2585 854 2647 et
866 2581 972 2668 prime
988 2581 1030 2650 de
1044 2583 1170 2671 pertioa

45 2677 171 2748 auditis.
187 2678 267 2746 Erat
281 2680 407 2767 partina
424 2685 586 2765 argentea
601 2695 750 2746 eeneava
769 2677 940 2771 deaurata,
960 2697 1025 2768 que
1043 2688 1168 2749 tanturn

43 2778 207 2866 preoipuis
228 2777 334 2869 iestis,
350 2784 387 2846 ut
407 2779 441 2846 in
466 2779 646 2868 passione,
663 2782 880 2868 pentecoste,
904 2779 938 2847 in
956 2779 1169 2848 dedicatione

45 2877 239 2966 ecelesiam
259 2876 486 2967 iestopatroni
500 2879 641 2964 gloriosi
654 2876 961 2947 eoniessorisbeati
975 2878 1119 2970 Martini,
1134 2881 1169 2948 in

43 2977 211 3045 nativitate
228 2976 421 3066 Salu'atoris,
440 2983 517 3046 ante
534 2977 638 3046 altare
655 2975 886 3065 dependebat3
906 2979 938 3046 in
953 2980 1169 3066 quavasoula

44 3074 331 3164 suspendebantur
343 3075 487 3164 quedam
503 3075 649 3144 eburnea
664 3074 807 3163 qrredam
822 3083 985 3164 argentea
995 3077 1169 3148 formarum

45 3173 260 3265 diuersarum,
278 3178 389 3244 omnia
406 3175 558 3263 reliquiis
577 3175 685 3264 plena.
711 3175 750 3242 ln
766 3175 879 3244 herum
897 3179 1041 3245 omnium
1059 3177 1169 3248 medio

46 3271 185 3359 fulgebat
196 3273 395 3362 smaragdus
412 3293 600 3364 suspensus
613 3275 743 3342 eatenis
760 3275 871 3344 aureis
882 3275 1023 3366 duabnS,
1038 3277 1169 3346 habens

48 3376 256 3458 quantitatem
279 3381 312 3443 et
327 3373 577 3464 spissitudinem
597 3373 722 3442 dimidii
744 3377 888 3463 peponis
908 3378 1039 3466 magni,
1058 3381 1092 3444 et
1110 3393 1170 3464 per

48 3475 148 3541 emnia
165 3473 410 3542 similitudinem
426 3473 555 3542 babens
574 3475 727 3562 peponis,
747 3481 781 3542 et
796 3477 870 3562 ipse
885 3493 1066 3543 eeneavus.
1084 3475 1169 3543 liuto

48 3571 169 3640 solebat
183 3591 272 3661 aqua
287 3572 417 3642 iniundi
435 3591 509 3641 eum
526 3573 657 3642 dnobus
670 3573 723 3642 vel
738 3573 840 3641 tribus
858 3574 1029 3662 piseieulis
1044 3576 1168 3664 parvis,

48 3677 78 3736 et
99 3671 252 3761 deposito
277 3672 422 3761 desuper
451 3672 629 3763 operculo,
662 3689 735 3741 eam
763 3674 983 3741 movebantur
1005 3673 1168 3765 piscinuli,

49 3769 204 3858 simplides
224 3777 259 3840 et
275 3772 386 3844 vetule
401 3771 544 3860 lapidem
560 3773 675 3840 vivere
691 3771 907 3841 aiilrmabant.

112 3871 211 3938 Erant
227 3870 392 3940 thuribula
410 3870 526 3940 deeem
543 3877 705 3958 argentea
725 3869 899 3963 deaurata,
919 3879 952 3941 et
975 3891 1076 3942 unum
1102 3891 1168 3941 au-

52 3983 131 4036 reum
162 3970 292 4038 habens
318 3971 388 4039 auri
412 3987 540 4038 mareas
561 3977 648 4062 tres,
676 3976 709 4039 et
731 3988 844 4040 aeerre
875 3971 1040 4041 undeeim.
1078 3973 1169 4042 lnter

53 4081 125 4149 quas
142 4087 209 4138 una
227 4076 297 4138 erat
313 4069 355 4138 de
372 4069 483 4158 lapide
499 4071 630 4156 integro
651 4069 818 4158 onychino
840 4089 1010 4163 eeneavo,
1038 4072 1167 4140 habens

53 4164 285 4237 similitudinem
306 4169 427 4238 vermis
443 4169 625 4259 horribilis,
643 4169 678 4238 id
703 4174 757 4237 est
778 4175 814 4238 ut
836 4169 989 4259 bufonis,
1009 4172 1168 4240 consavi-

51 4267 96 4331 tas
113 4267 179 4336 eius
194 4269 334 4357 patebat
346 4270 381 4338 in
396 4267 518 4360 dorso,
535 4268 591 4338 ubi
611 4273 646 4338 et
662 4267 806 4338 eireulns
827 4275 1009 4357 argenteus
1029 4287 1103 4338 eum
1125 4269 1167 4337 ti-
