2886 4834
394 235 556 284 canonicor
578 234 783 283 consumme.
1106 209 1149 276 ts

36 377 154 446 claudet
180 378 252 443 cios
268 373 362 444 nabis
384 373 474 459 quod
488 373 655 440 commode
676 391 742 442 non
754 375 937 459 poterimus
953 374 1081 460 inprede‘
1097 375 1152 442 oet
1168 385 1233 439 ¹29³

35 477 131 564 epredt
147 477 321 542 ciuitatem.
356 473 561 540 Pretereasr'
577 475 744 540 coercitus
768 475 858 559 repis
874 475 1034 557 requievit
1044 491 1152 559 prope

38 577 184 656 Herstetu,
201 591 262 640 nos
277 571 416 658 smputis
433 569 546 638 diebus
563 570 724 660 visitabit,
743 577 776 638 et
791 571 947 656 quiequid
961 576 1062 640 aetra
1077 591 1150 639 mu-

35 693 79 742 ros
91 673 196 756 fuemt
212 671 359 740 totaliter
375 669 567 738 devastabit.
593 670 636 738 m
650 675 687 736 ut
702 668 798 737 miehi
815 671 960 754 uidetur,
982 673 1012 738 st
1028 670 1151 738 obsessi

35 777 108 839 reete
128 769 313 854 fuerimus,
352 769 446 852 infra
470 768 567 836 brem
592 772 719 854 tempus
741 772 775 837 tu
797 771 929 837 acuum
953 787 1018 837 uon
1046 772 1152 838 tercia

34 891 101 957 pars
119 887 308 956 pauperum
334 867 524 936 remanebit.
563 867 631 936 Sed
653 869 799 936 umutto
821 873 1002 954 pauciores
1017 867 1155 936 haberet

36 988 115 1055 mom
130 963 293 1052 habeat,1
312 972 345 1034 et
356 971 509 1053 potenter
525 985 586 1034 uos
601 966 751 1034 obsidere
767 986 833 1034 uon
844 971 968 1052 posset,
984 965 1045 1034 hee
1060 967 1152 1035 urata

36 1075 60 1134 et
72 1070 198 1135 mamea
215 1066 310 1134 uobis
322 1066 476 1150 faoeret;
498 1068 727 1152 possessiones
749 1071 883 1133 nostras
899 1066 1018 1134 altenis
1034 1066 1151 1133 trade·

37 1171 87 1248 ret,
112 1170 144 1232 et
167 1185 231 1234 mos
260 1168 330 1233 stne
351 1182 468 1251 pupna
486 1182 573 1250 pene
601 1167 726 1232 uostris
750 1163 899 1232 omnibvs
923 1165 1151 1250 defraudaret.

38 1267 179 1332 Preterea
197 1263 381 1334 Rubiooam
405 1281 480 1332 oum
500 1265 620 1349 pomis
643 1262 825 1331 homiuibus
841 1263 1019 1347 obsideret,
1037 1268 1071 1330 et
1091 1263 1152 1331 itta

36 1369 153 1450 propter
177 1362 391 1432 homicidium
413 1362 525 1431 militis
548 1362 729 1430 temtum
751 1365 878 1430 uoutter
899 1362 1027 1446 factum
1049 1365 1085 1430 tn
1101 1379 1152 1446 ea,

39 1462 86 1530 u'bv'
103 1463 309 1541 traderetur,
340 1465 373 1527 et
393 1463 443 1529 sia
459 1463 624 1528 mutatam
646 1479 720 1530 mem
735 1463 806 1530 suis
819 1461 1009 1545 fautoribus
1024 1461 1152 1530 obtine·

39 1566 84 1644 ret,
98 1565 128 1628 et
139 1561 298 1644 fautores
321 1561 467 1646 episcopi
482 1560 730 1646 Arpeuh'nensts
747 1561 887 1644 deleret,
914 1565 948 1628 et
962 1563 1011 1628 sie
1027 1559 1152 1629 tlubtm

9 1651 10 1678 ³
38 1678 94 1726 eam
109 1659 205 1727 adse
222 1659 410 1728 devolberet
425 1677 524 1744 quam
533 1661 567 1726 tn
579 1664 775 1745 perpetuum
787 1662 955 1728 retineret.

9 1787 10 1826 l
96 1757 172 1827 Cum
193 1759 261 1828 bec
277 1765 311 1828 et
326 1758 379 1826 bis
398 1757 517 1826 similia
531 1757 781 1846 ponderassem
802 1760 894 1826 cives
921 1755 1152 1844 Argentinen-

9 1853 10 1858 ’
42 1875 84 1923 ses
100 1857 240 1926 fideliter
265 1857 505 1925 consonuerunt
519 1855 653 1925 domino
670 1855 761 1944 quod
774 1859 906 1926 veniam
924 1876 945 1926 o
960 1874 1041 1943 roge
1064 1874 1152 1944 que-

9 2043 10 2046 *
40 1961 153 2024 rorstet
169 1957 355 2046 obtineret,
372 1957 451 2043 quio
466 1957 495 2022 si
509 1973 578 2023 non
592 1954 718 2024 laceret
736 1961 806 2024 tota
822 1973 884 2024 sua
906 1956 1087 2044 progenies
1109 1953 1151 2024 de

41 2059 107 2122 terra
127 2055 275 2124 breviter
294 2054 469 2124 deleretur.
496 2053 705 2123 Venerabilis
736 2053 889 2123 dominus
913 2052 1086 2122 Comedus
1109 2052 1151 2121 de

9 2137 11 2186 l
40 2150 244 2241 Licblenborg
263 2155 444 2242 episcopus
465 2150 723 2239 Argentinensis
748 2155 781 2222 in
804 2159 895 2222 arcto
916 2154 1060 2242 positus,
1083 2150 1151 2220 do-

10 2253 11 2342 }
41 2252 139 2320 ninum
155 2245 446 2338 lle‘Lichtenborg
459 2258 494 2320 ct
510 2255 662 2320 comitem
675 2251 717 2320 de
736 2251 861 2321 Werde
879 2253 1014 2320 vocavit
1029 2257 1063 2320 et
1079 2268 1152 2318 cum

11 2393 12 2400 .
42 2350 78 2416 eis
101 2349 139 2419 ad
158 2351 269 2440 pedes
297 2352 387 2437 regis
421 2350 584 2420 humiliter
604 2369 642 2419 se
666 2352 865 2440 prostravit,
885 2351 927 2420 ab
954 2368 995 2419 eo
1019 2351 1152 2419 venium

10 2439 12 2450 ⁴
43 2451 218 2535 cumgratia
234 2449 428 2538 postulavit.
452 2448 525 2518 Rex
541 2449 768 2518 misericordia
788 2451 909 2539 plenus
930 2467 992 2520 eos
1009 2447 1154 2517 hilariter

44 2547 199 2616 exaudivit.
232 2549 379 2636 iniunxit
403 2554 513 2616 autem
544 2567 603 2618 rex
633 2548 766 2617 domino
788 2549 961 2638 preposito
987 2547 1077 2615 dioto
1109 2546 1151 2614 de

11 2669 12 2738 3
44 2641 249 2733 lichtenberg
274 2653 308 2715 ct
333 2647 443 2714 comiti
464 2645 507 2714 de
537 2646 660 2715 Werde
682 2646 773 2735 qnod
799 2663 914 2716 secum
938 2649 970 2713 ln
992 2646 1152 2734 expensis

11 2751 16 2834 }
43 2746 158 2830 propriis
171 2750 356 2834 pergerent
376 2744 486 2814 donec
504 2745 695 2834 ampliorem
710 2746 856 2832 graciam
870 2744 912 2812 nb
937 2761 979 2813 oo
1001 2761 1041 2812 oc
1056 2743 1152 2832 prin-

12 2837 13 2930 l
45 2841 151 2928 cipibus
168 2845 367 2912 obtinerent
393 2842 467 2912 Hoc
483 2843 571 2912 iacto
593 2863 711 2926 ronna
734 2843 901 2933 principos
923 2861 963 2910 oc
986 2841 1153 2910 civitatum

12 2939 13 2948 ’
45 2944 166 3009 rectores
190 2959 310 3031 pacem
330 2959 391 3029 pro
414 2943 540 3010 viribus
567 2959 605 3010 se
630 2941 776 3011 tacturos
803 2944 986 3010 iuramento
1014 2940 1155 3008 fideliter

48 3035 239 3108 firmaverunt.

50 3231 86 3299 lte
106 3237 271 3308 dbeordta
292 3243 379 3308 inter
396 3255 508 3325 repom
532 3238 689 3322 mutate,
713 3255 826 3323 repom
843 3237 960 3324 haphe
989 3242 1022 3304 et
1044 3253 1156 3323 repom

124 3335 351 3406 lloumuorum.

14 3517 15 3560 1
102 3479 165 3552 Rex
189 3485 326 3553 Francia
350 3483 449 3552 liliam
473 3501 567 3550 suam
592 3481 659 3576 lilio
677 3485 768 3570 regis
786 3481 907 3571 Anglie
925 3481 1155 3572 desponsavit,

14 3619 15 3624 ,
52 3581 298 3668 eteipeouniam
325 3583 458 3650 multam
485 3587 518 3650 et
535 3581 700 3650 civitatem
719 3583 909 3649 maritimam
930 3599 1080 3667 magnam
1100 3585 1153 3647 at-

54 3689 100 3757 one
122 3677 237 3748 bonam
261 3700 335 3749 oum
363 3680 593 3748 adiacentibus
618 3679 680 3748 sibl
704 3679 795 3748 dedit
826 3677 960 3767 quando
988 3697 1061 3748 cum
1088 3677 1155 3746 lilio

53 3775 119 3857 regis
147 3781 350 3847 matrimonio
376 3780 552 3866 copulavit.
596 3777 676 3846 Cum
706 3779 836 3846 iuvenis
862 3777 1070 3845 iuvenculam
1097 3795 1157 3865 per
1261 3861 1264 3866 Ι

55 3871 156 3960 tompus
172 3876 307 3965 aliquod
326 3877 515 3966 habuisset,
535 3875 712 3945 iuvenculn
730 3879 814 3944 viam
834 3877 944 3945 carnis
963 3874 1155 3966 ingreditur,

58 3963 129 4038 liberi
144 3981 220 4062 post
236 3982 370 4044 matrem
397 3975 541 4043 breviter
559 3973 785 4062 sequebantur
804 3979 835 4042 et
854 3979 946 4062 pater
963 3975 1059 4042 bores
1078 3973 1156 4041 elb-

54 4064 114 4133 citor
128 4073 342 4158 parvulorum.
369 4073 469 4142 Cives
487 4091 567 4142 vero
586 4075 729 4142 civitatis
745 4091 842 4160 quom
861 4091 918 4140 rex
932 4073 1071 4141 ¹lirarncie
1090 4072 1156 4138 llio

15 4225 16 4260 ³
82 4227 104 4289 l]
119 4226 208 4286 babet?
