2878 4834
246 177 318 247 260
604 207 796 256 cnarsrrruus
819 207 1010 256 uoauurmus.

241 346 311 414 bitu
328 347 429 415 vitam
448 344 588 437 ducens.
614 343 784 414 Arnoldus
803 363 872 415 non
890 363 1013 414 moram
1032 345 1177 438 iaciens,
1196 367 1273 418 cum
1294 347 1375 418 luis-

242 452 295 513 set
320 451 357 512 ut
383 446 484 514 moris
512 452 565 513 est
590 445 633 513 ab
655 447 852 534 imperatore
877 446 1046 531 regalibus
1069 447 1267 539 investitus,
1299 449 1374 516 bla-

241 547 390 630 guntiam
415 545 527 633 venit,
554 542 668 632 ibique
696 545 890 613 solemniter
913 551 966 612 est
991 553 1181 634 susceptus.
1210 549 1293 618 Post
1316 567 1373 615 an-

241 663 319 712 num
347 643 413 711 lere
439 651 472 712 et
498 643 666 711 dimidium
684 643 885 712 venerabilis
903 641 1081 712 Heinrious
1098 647 1215 734 presul
1234 645 1372 715 deiunc-

240 749 314 832 tus,
342 743 407 810 deo
434 742 477 810 ad
502 761 599 830 quem
624 743 867 833 appellaverat,
895 748 999 811 totum
1024 761 1222 832 processum
1240 746 1371 834 leobry-
1425 767 1426 810 ι

240 841 402 910 mabiliter
420 837 632 928 assignavit1.
1425 905 1426 911 ,

313 939 481 1009 Arnoldus
492 946 601 1008 autem
611 938 788 1028 primordia
802 941 853 1008 sui
863 957 1067 1009 consecrans
1081 943 1285 1032 presulatus,
1296 961 1370 1031 pur·
1425 965 1426 978 ³

239 1059 354 1129 puram
372 1041 527 1128 optimam
546 1039 588 1108 de
605 1040 738 1107 almaria
762 1040 894 1130 tullenS,
919 1040 983 1107 sibi
998 1039 1075 1108 iecit
1096 1048 1213 1110 vestes
1231 1043 1370 1109 tunicam
1425 1067 1426 1110 t

241 1139 1370 1228 sorcotiumetmantellumutinimperatoriscuriagloriosiorappa-
1425 1161 1426 1200 t

240 1244 336 1306 reret.
356 1238 423 1306 Sed
435 1239 646 1326 omnipotens
663 1237 1276 1308 deusnondiusustinuitistudnelas.
1295 1237 1370 1307 Orta
1425 1266 1426 1280 ι

240 1344 294 1405 est
310 1337 396 1404 enim
415 1336 585 1405 dissensio
595 1336 695 1404 valde
709 1338 1368 1424 gravis'interipsoscivesMaguntiuen·

240 1454 308 1504 ses.
329 1436 410 1503 Nam
425 1454 576 1524 unapars
587 1435 724 1503 dolebat
734 1436 947 1504 vehementer
956 1437 1180 1504 venerabilem
1191 1439 1295 1506 virum
1306 1437 1368 1505 do·
1425 1464 1426 1470 ¹

240 1536 360 1602 minum
374 1534 562 1602 Heinricum
580 1535 621 1602 ab
641 1537 838 1623 episcopatu
857 1541 1017 1624 amotum;
1037 1536 1101 1602 alia
1115 1537 1321 1622 gloriabatur
1338 1541 1369 1603 et
1425 1547 1426 1609 3

240 1632 1368 1723 superbiebatdrnoldumsubstitutum.Eratenimoriundusdeipsa
1425 1666 1426 1709 ι

238 1739 332 1822 parte
351 1731 495 1800 civitatis
515 1751 579 1820 que
598 1732 781 1800 Seleholen
798 1734 996 1801 nominatur.
1023 1733 1102 1800 l'am
1125 1735 1242 1820 gravis
1264 1740 1367 1802 autem
1425 1765 1426 1809 ι

239 1832 415 1900 erescebat
433 1831 474 1899 de
493 1831 546 1899 die
565 1832 599 1898 in
618 1831 705 1900 diem
722 1831 846 1900 invidia
863 1835 948 1900 inter
965 1833 1068 1922 aives,
1087 1839 1123 1900 ut
1136 1833 1240 1901 tribus
1252 1833 1365 1901 diebus
1425 1866 1426 1909 3

237 1931 272 1998 in
299 1932 483 2019 septimana
502 1930 801 2020 congrederentur,
818 1936 863 1999 et
879 1949 938 2018 per
955 1932 1083 2020 plateas
1106 1949 1180 2000 eum
1198 1931 1318 2018 gladiis
1336 1938 1366 1998 et
1425 1951 1426 2010 j

239 2029 383 2098 lustibus
409 2047 450 2097 ao
476 2031 585 2097 contis
604 2029 803 2118 cuspidibus
827 2035 862 2098 et
878 2030 1006 2098 lanceis
1025 2031 1168 2098 invicem
1188 2049 1226 2098 se
1246 2036 1364 2098 macta·
1425 2066 1426 2108 ι

231 2119 322 2218 rent,
341 2127 567 2215 caderentque
581 2129 659 2196 bino
678 2135 710 2196 et
727 2128 805 2196 binc
822 2135 979 2216 tanquam
997 2145 1080 2197 oves
1095 2131 1286 2198 occisionis.
1299 2129 1364 2196 Neo
1425 2166 1426 2208 ι

239 2245 277 2295 se
294 2226 464 2296 Arnoldus
487 2229 699 2316 interponere
726 2229 853 2296 curavit
876 2245 936 2316 pro
960 2246 1045 2316 paee
1064 2233 1097 2296 et
1114 2227 1293 2297 concordia
1310 2245 1364 2296 re·
1425 2265 1426 2307 3

238 2325 430 2412 formanda3
456 2325 518 2394 sed
544 2345 626 2394 suos
650 2327 798 2395 lautores
823 2329 935 2416 potius
959 2333 1075 2395 contra
1100 2333 1227 2415 partem
1244 2326 1362 2395 adver·
1425 2379 1426 2407 ,

238 2443 310 2494 sam
328 2426 493 2494 animavit.
527 2426 665 2514 Propter
688 2425 779 2513 quod
803 2425 926 2495 accidit
942 2433 978 2493 ut
995 2444 1072 2514 pars
1090 2428 1147 2495 illa
1165 2427 1207 2495 de
1227 2426 1362 2494 Selebo-
1425 2463 1426 2468 =

238 2523 314 2614 len,
343 2543 440 2612 quarn
465 2523 602 2602 fovebat
627 2531 660 2592 et
683 2525 850 2592 animabat
866 2523 1054 2614 Arnoldus,
1074 2527 1179 2593 maius
1198 2532 1361 2594 monaste·
1425 2577 1426 2598 ι

237 2625 319 2690 rium
338 2629 534 2713 occuparet,
558 2625 683 2711 illoque
701 2641 761 2712 pro
780 2629 891 2692 castro
909 2631 1055 2692 uteretur
1072 2632 1187 2692 contra
1206 2623 1361 2692 adversa-

237 2723 316 2790 rios.
342 2722 503 2791 Durabat
516 2722 579 2790 bec
605 2722 773 2791 dissensio
793 2723 866 2791 dies
885 2724 1025 2812 multoS,
1045 2729 1079 2791 et
1096 2723 1206 2792 clerus
1225 2724 1361 2809 graviter
1425 2739 1426 2804 ι

238 2838 421 2910 oppressus
449 2828 658 2909 contemptus
684 2821 886 2911 habebatur,
914 2823 1083 2909 quinium
1114 2823 1211 2910 copia
1237 2821 1359 2889 maioris
1425 2863 1426 2894 ;

237 2920 382 2988 ecclesie
405 2921 454 2988 eis
479 2919 728 2989 concedebatur
745 2920 788 2989 ad
807 2920 952 2988 divinum
969 2919 1114 2989 osticium
1135 2919 1356 3008 exequendum
1425 2947 1426 3002 ι

237 3019 387 3086 nonnisi
405 3037 464 3106 pro
482 3020 612 3086 illorum
637 3020 733 3086 libitu
750 3021 926 3110 laieorum,
947 3021 1003 3106 qui
1021 3019 1101 3087 illud
1122 3027 1244 3090 temere
1263 3037 1358 3087 oceu-

236 3125 399 3204 paverant
406 3139 414 3204 3
441 3123 473 3185 et
490 3119 554 3186 iam
572 3118 706 3205 quidem
727 3117 817 3186 multi
837 3118 1058 3187 venerabilem
1076 3117 1265 3188 Heinricum
1282 3133 1356 3186 oon·

238 3223 418 3302 queruntur
434 3219 549 3286 mortis
568 3217 713 3285 debitum
732 3217 932 3286 exsoluisse.

312 3313 392 3383 Rem
419 3315 546 3404 relero,
574 3317 710 3406 iratres,
739 3317 891 3385 omnibus
914 3317 1004 3383 illius
1029 3317 1134 3384 seculi
1151 3317 1355 3384 notissimam.

237 3411 330 3482 Mors
349 3415 549 3482 venerabilis
564 3413 710 3484 Heinrioi
729 3416 839 3484 multis
857 3416 1008 3484 innotuit.
1035 3415 1193 3484 Pervenit
1211 3418 1303 3484 etiam
1322 3410 1356 3479 ad

237 3531 336 3581 aures
354 3513 482 3582 illorum
501 3513 736 3600 cardinalium,
765 3516 821 3600 qui
840 3515 881 3582 ab
900 3515 1097 3602 episcopatu
1116 3532 1192 3582 eum
1210 3529 1356 3582 amoven-

237 3616 289 3678 tes
317 3631 354 3680 se
379 3614 600 3700 promiserant
627 3618 844 3704 sequuturoS,
872 3620 906 3681 et
929 3611 1084 3680 ludentes
1110 3612 1152 3680 ad
1180 3614 1355 3681 alterutrum

238 3708 406 3778 dixerunt:
424 3712 508 3778 Fece
523 3714 696 3798 precessit,
713 3730 774 3779 suc
793 3716 937 3798 tempore
956 3729 1018 3778 uos
1032 3729 1214 3796 sequemur
1233 3712 1271 3779 Et
1287 3724 1355 3778 ecoe

237 3811 366 3877 transiit
392 3817 522 3898 tempus
550 3812 668 3902 breve,
695 3814 728 3879 et
753 3811 850 3881 ambo
877 3829 945 3879 unc
981 3809 1035 3878 die
1064 3811 1254 3878 moriuntur.
1287 3808 1357 3876 Nam

237 3924 324 3974 unus
350 3907 509 3976 sedens
499 3929 533 3977 m
561 3909 643 3978 sede
676 3915 793 3978 nature
818 3915 853 3979 ut
878 3913 1036 3999 purgaret
1070 3918 1237 4000 ventrem,
1261 3907 1357 3977 omnia

272 4081 303 4145 l]
272 4078 372 4132 laus
384 4081 486 4134 seinem
500 4080 635 4150 grabateiu
650 4099 683 4136 zu
693 4082 822 4136 Eimbeelr
840 4081 891 4135 soll
907 4083 1056 4152 gestandam
1070 4083 1172 4136 baben:
1191 4082 1280 4137 adm.
1283 4098 1303 4134 c.
1306 4079 1348 4132 1.“”
1325 4095 1355 4131 ιιι

237 4147 570 4270 ἓὲἃίἒυὲῧὲιᾱὲἐιίᾓόιξῑιὲ
587 4159 664 4271 prim
681 4152 824 4273 Hcffiieus
834 4149 907 4272 ν1ι1ἰίιι
918 4167 1011 4273 ΙιιεριῖιΙ
1026 4153 1097 4221 blog.
1116 4151 1192 4206 Aber
1218 4151 1283 4204 nacb
1306 4147 1354 4201 dem

512 4235 520 4270 ι
572 4235 585 4269 r
622 4235 752 4274 omssr
787 4235 818 4274 er
853 4235 863 4270 ι
899 4235 914 4272 a
953 4236 1021 4273 run.
