2878 4834
262 230 333 300 268
620 259 815 308 cunmrrnncs
835 259 1024 308 noeuamrrus

261 403 377 468 suerat
392 396 665 490 Mogontinensi,
690 398 827 468 abstulit
843 399 1016 468 violenter.
1049 395 1147 478 Ouod
1171 403 1285 468 tamen
1311 397 1394 466 devs

261 515 330 566 non
347 499 480 584 reliquit
496 499 643 566 inultum.
682 497 766 568 Nam
784 498 908 586 etipse
926 496 995 565 dux
1010 502 1089 585 post
1106 498 1242 565 multum
1263 505 1398 586 tempo-

261 598 307 664 ris
324 589 541 665 interiectus¹
568 597 705 685 turpiter
727 598 867 686 interiit,
897 613 1009 683 neque
1028 597 1157 684 corpori
1176 597 1300 664 Christi
1320 616 1397 685 par-

260 697 406 784 ticipans
423 713 535 783 nequo
552 713 676 785 regno,
693 701 730 764 ut
748 697 962 764 existimatur.
987 694 1029 762 llt
1050 695 1182 782 quidem
1201 697 1293 764 iuste
1313 697 1397 763 satis

262 812 429 883 superque
447 795 546 884 satis,
573 797 683 882 utqui
701 793 834 864 beatum
851 794 1029 862 Martinum
1055 791 1169 862 debito
1187 795 1252 862 sibi
1273 794 1397 862 decore

262 894 466 982 spoliaverat
482 899 664 982 etornatu,
688 895 761 982 ipse
780 912 915 982 quoque
940 892 1056 961 celesti
1075 899 1193 960 ornatu
1222 901 1257 962 et
1286 894 1396 980 gloria

259 994 452 1080 privaretur.
479 989 665 1061 Oaltitudo
684 998 718 1060 et
734 991 940 1081 profunditas
961 991 1156 1060 iudiciorum
1174 993 1255 1060 iusti
1274 992 1395 1061 iudicis

261 1090 327 1181 dei,
345 1091 500 1159 terribilis
517 1092 551 1158 in
568 1092 719 1160 consiliis
738 1109 839 1186 super
856 1108 972 1160 omnes
991 1090 1076 1158 lilios
1094 1090 1275 1159 hominum.

180 1201 248 1256 laco
338 1191 521 1279 Imperator
544 1189 686 1280 abierat,
717 1196 752 1259 et
774 1197 919 1278 surgunt
948 1187 1015 1258 duo
1041 1205 1141 1275 reges
1167 1207 1229 1278 pro
1253 1191 1396 1278 imperio

179 1272 247 1394 „¹30
264 1289 452 1376 litigantes3
476 1307 545 1358 non
569 1295 622 1358 est
645 1290 701 1377 qui
725 1290 858 1358 amalis
876 1288 1123 1356 imminentibus
1141 1305 1179 1356 se
1197 1288 1397 1357 abscondat.

263 1387 535 1474 Magantiaensis
553 1387 827 1477 archiepiscopus
844 1406 913 1456 non
931 1393 999 1477 est,
1017 1392 1051 1455 et
1067 1385 1133 1454 duc
1151 1404 1211 1475 pro
1230 1405 1274 1456 eo
1284 1441 1294 1477 ‚
1325 1390 1397 1475 quvis

262 1503 376 1555 eorum
395 1486 452 1554 hat
468 1487 583 1576 maior,
601 1486 781 1556 decertant.
812 1487 863 1556 Ex
880 1493 1020 1574 utraque
1037 1490 1131 1574 parte
1149 1487 1247 1553 amici
1266 1493 1303 1554 et
1322 1486 1397 1554 lau-

261 1591 354 1655 tores
371 1585 649 1674 promissionibus
660 1592 694 1654 et
710 1587 902 1655 muneribus
919 1584 1200 1673 commoneantur
1224 1591 1327 1673 turpe
1347 1593 1397 1653 est

259 1683 393 1774 dicere,
419 1685 484 1772 ipsi
509 1685 620 1754 clerici
643 1685 807 1754 electores
832 1685 974 1754 simonie
999 1685 1079 1752 vitio
1104 1683 1336 1773 maculantur,
1365 1691 1395 1751 et

260 1783 517 1873 multiplicantur
534 1785 619 1852 mala
638 1801 738 1873 super
756 1790 894 1875 terram,
922 1789 955 1852 et
973 1781 1135 1850 scinditur
1151 1783 1303 1850 ecclesia
1322 1783 1396 1850 lha-

260 1882 522 1968 guntinens-ium.
549 1881 612 1963 Qui
628 1885 686 1950 uni
704 1882 879 1972 adherent,
907 1901 981 1950 cum
999 1899 1040 1950 eo
1058 1881 1235 1969 recedunt,
1261 1883 1319 1950 alii
1341 1901 1395 1949 ro-

259 1988 396 2050 manent
413 1999 487 2050 curn
504 1983 617 2050 altero.
654 1981 814 2051 Suliioere
831 1987 963 2071 poterat
980 1979 1022 2048 ad
1040 1979 1291 2054 desolationem
1309 1987 1397 2048 terre

259 2099 361 2148 unum
370 2081 515 2149 schisma
524 2103 533 2168 ;
548 2079 611 2149 sed
628 2079 726 2150 lunes
744 2087 960 2170 peccatorum
976 2080 1150 2168 dupliciter
1168 2081 1396 2169 circumplexi,

260 2178 428 2248 difficilius
448 2179 683 2248 dissolvuntur.

383 2280 580 2347 Pervertunt
596 2283 715 2347 cuncta
733 2279 830 2348 simul
847 2277 911 2346 hec
928 2277 994 2346 duo
1014 2277 1196 2347 schismata
1213 2278 1331 2344 iuncta

384 2376 512 2464 Regum
529 2377 739 2467 pontificum,
758 2396 823 2447 nec
840 2378 931 2446 novit
950 2377 1075 2444 amicus
1094 2377 1245 2444 amicum.

334 2475 408 2545 Una
425 2494 503 2565 pars
522 2495 587 2564 que
601 2483 804 2546 remanserat
825 2476 1078 2565 canonicorum,
1107 2493 1180 2543 eum
1199 2492 1263 2542 suo
1284 2475 1394 2542 electo

260 2575 572 2646 excommunicatur.
588 2575 656 2644 Sed
668 2577 733 2664 ipsi
743 2576 829 2644 hanc
848 2575 1223 2644 excommunicationem
1239 2592 1278 2641 se
1292 2575 1396 2642 simu-

259 2675 367 2748 lantes
385 2677 557 2765 ignorare,
576 2674 689 2743 divina
707 2675 877 2744 celebrare
895 2691 964 2742 non
983 2675 1145 2742 omittunt.
1171 2672 1313 2740 Duravit
1331 2673 1394 2740 hec

259 2776 467 2843 contumacia
485 2775 581 2842 annis
600 2779 687 2842 octo.

335 2872 482 2959 Contigit
503 2879 581 2961 post
605 2873 669 2942 hec
697 2878 734 2940 ut
755 2891 814 2940 rex
838 2872 1026 2962 PhilippuS,
1059 2871 1115 2956 qui
1141 2867 1280 2938 fovebat
1305 2869 1392 2936 hano

259 2976 387 3059 partem
404 2971 629 3062 interdictam,
654 2971 860 3040 occideretur
877 2973 911 3038 in
930 2971 1062 3037 civitate
1079 2964 1321 3054 Bamberg'ensi
1330 3019 1340 3056 ,
1361 2973 1392 3034 et

259 3069 322 3136 hec
339 3089 415 3157 pars
434 3068 604 3140 debilitata
620 3076 685 3160 est,
703 3076 804 3158 atque
822 3069 968 3138 lautores
990 3069 1127 3136 alterius
1145 3068 1312 3156 episcopi,
1338 3066 1392 3152 qui

259 3166 463 3236 decivitate
497 3173 662 3260 exierant,
695 3169 904 3238 convaluere.
947 3163 1046 3235 Anno
1075 3166 1199 3235 domini
1228 3165 1388 3234 mccviii.

258 3267 426 3356 principes
451 3275 530 3356 post
553 3275 689 3337 mortem
711 3268 851 3356 Philippi
875 3263 966 3352 reg-is
991 3267 1025 3334 in
1048 3264 1215 3333 Othonem
1240 3281 1388 3331 conven-

257 3367 344 3457 iunt,
364 3367 419 3454 qui
438 3365 545 3436 iuerat
561 3367 772 3436 adversarius
790 3367 929 3454 Philippi
943 3383 1002 3452 pro
1020 3365 1168 3453 imperio,
1191 3365 1286 3430 cuius
1303 3362 1384 3449 parti

259 3467 358 3533 etiam
381 3483 469 3554 papa
494 3466 637 3536 lavebat.
671 3468 738 3535 lste
757 3463 845 3534 Otho
871 3465 1045 3532 maturavit
1069 3463 1112 3530 ad
1137 3469 1257 3550 papam
1278 3462 1386 3527 venire

258 3582 319 3652 pro
337 3565 498 3653 imperiali
516 3567 782 3634 consecratione.
810 3564 1032 3651 Solempniter
1045 3559 1286 3649 proficiscitur,
1305 3575 1387 3626 con-

259 3669 425 3754 secratur,
455 3670 535 3752 post
560 3683 683 3732 annum
699 3664 1017 3750 excommunicatur,
1050 3661 1148 3747 eique
1180 3660 1266 3726 lilius
1283 3656 1386 3724 Hein-

259 3763 316 3828 rici
340 3763 567 3852 imperatorie,
593 3781 652 3831 rex
671 3763 782 3831 Sicilie
808 3761 1014 3849 Fridericus,
1043 3761 1224 3826 suscitatur
1250 3775 1268 3823 a
1291 3774 1384 3844 papa.

259 3857 411 3928 Redeunt
428 3863 524 3952 mala,
543 3869 684 3948 surgunt
697 3860 871 3948 incendia,
899 3860 1008 3948 spolia
1026 3859 1238 3926 reviviscunt.
1270 3853 1385 3921 Fride-

259 3959 346 4024 ricus
364 3961 455 4026 verrit
474 3959 515 4028 de
535 3957 654 4049 Apulia
681 3965 796 4028 contra
813 3958 996 4045 Othonem;
1033 3963 1111 4046 post
1133 3973 1242 4024 annos
1262 3953 1384 4039 aliquot

260 4053 347 4124 Otho
365 4059 507 4126 moritur.
546 4059 732 4128 Fridericus
752 4059 924 4147 dispositis
948 4063 1046 4146 prout
1071 4056 1190 4123 melius
1209 4053 1310 4142 putuit
1325 4069 1384 4117 re-

289 4199 324 4319 slt]
343 4197 457 4319 lfiffiwiss
476 4199 577 4268 herzog
595 4211 649 4255 von
669 4201 766 4256 Beieru
791 4199 885 4274 warde
903 4215 946 4254 am
966 4203 998 4253 16
1016 4205 1083 4268 sept.
1110 4199 1174 4252 1231
1194 4191 1382 4250 meuehlerisch

260 4281 290 4318 er
316 4281 348 4320 oc
368 4281 410 4322 en.
