2950 4836
445 253 637 301 aprunianus
658 254 845 301 atrtnnnsrs.
1139 228 1207 293 5b7

49 389 151 458 aliis
168 385 179 427 ¹
198 389 306 478 opidis
323 389 508 461 Franoonie
526 398 669 482 taceam,
694 394 728 459 in
747 391 866 480 quibus
885 409 923 460 se
940 391 1039 459 Judei
1058 410 1132 459 oum
1149 411 1208 460 ar·
1229 405 1295 458 1298

45 490 135 557 mis
164 489 371 557 defensionis
397 492 582 558 ooniunotis
610 489 806 558 Christianis
838 507 906 559 non
931 491 1047 578 paucis
1072 509 1213 578 reoepe-

49 587 161 678 rant,
180 589 307 656 suntin
324 589 416 657 brevi
435 589 502 658 diei
521 591 635 677 spacio
655 596 846 678 expugnata
853 611 863 676 3
882 595 915 656 et
933 595 998 657 tam
1010 591 1084 677 ipsa
1104 596 1214 657 eastra

52 702 174 772 quam
193 685 292 754 Judei
311 692 344 754 et
362 686 537 755 Christiani
554 688 676 756 ibidem
694 687 850 756 incendio
864 689 1041 775 perierunt.
1067 687 1108 756 Et
1122 687 1213 776 quod

52 784 192 852 durum
203 785 366 875 estdiotu,
384 787 462 854 lieet
476 787 589 854 durius
609 789 652 854 sit
674 786 779 856 laeto:
797 786 896 855 Judei
910 788 1074 876 seniores,
1090 788 1212 854 timen-

53 890 127 950 tes
149 901 192 950 ne
209 885 304 970 pueri
322 889 356 952 et
373 883 493 952 lemine
512 885 693 972 baptisma,
714 891 751 952 ut
767 886 881 970 ignem
900 884 1097 975 evaderent,
1116 893 1213 974 pete-

55 987 168 1071 rent,
196 1000 256 1050 eos
278 984 417 1070 propriis
436 984 587 1051 manibus
606 990 683 1051 ante
709 1001 747 1051 se
765 985 901 1070 ignibus
920 983 1152 1074 subiecerunt,
1181 990 1214 1051 et

55 1083 215 1168 ipsimet
231 1081 444 1168 postmodum
461 1083 647 1150 insilierunt
663 1083 697 1148 in
714 1083 836 1169 ignem.
859 1081 959 1150 Arma
977 1083 1083 1150 eoiom
1101 1088 1133 1150 et
1150 1099 1213 1170 pe-

60 1181 222 1269 cuniam,
241 1171 307 1246 ne²
324 1179 518 1248 Christianis
537 1180 704 1270 oederent,
722 1183 813 1269 prius
833 1199 931 1268 quam
950 1198 987 1248 se
1005 1183 1100 1269 ipsos
1118 1181 1213 1250 llam-

59 1295 201 1346 marum
221 1279 373 1364 voragini
398 1279 609 1346 tradiderunt.
644 1279 685 1346 Et
709 1285 789 1368 aput
805 1279 1023 1346 Bobenberoh
1049 1285 1083 1348 et
1109 1281 1213 1347 eoiam

61 1368 266 1444 Emberob³
291 1379 430 1463 oontr'git
452 1377 534 1445 illud
558 1377 655 1446 idern.
691 1378 790 1446 Cives
810 1385 918 1445 tamen
935 1377 1212 1468 Ratisponenses‚

65 1495 175 1543 suam
192 1475 347 1542 volentes
366 1477 530 1544 honorare
549 1477 713 1544 civitatem
723 1529 732 1565 ,
751 1478 845 1564 ipsos
863 1475 993 1544 tudeos
1012 1477 1141 1563 absque
1159 1478 1214 1544 iu-

64 1574 168 1642 dioio
195 1572 304 1641 oooidi
331 1579 365 1642 et
390 1575 516 1642 destrui
540 1579 732 1664 vetuerunt,
759 1575 910 1642 dieentes
936 1573 1026 1662 quod
1051 1576 1214 1643 voluntati

66 1673 133 1740 dei
160 1673 194 1739 ln
219 1671 401 1740 Judeorum
433 1672 663 1742 interleotione
696 1674 823 1740 nollent
851 1671 1043 1762 resistere,
1065 1680 1119 1742 set
1150 1692 1214 1742 ex-

67 1777 233 1860 speotare
260 1769 369 1839 donee
395 1771 437 1840 de
461 1773 526 1840 hoo
552 1771 643 1860 quod
665 1770 728 1838 hee
752 1772 900 1840 vindiota
923 1777 1016 1840 esset
1041 1772 1214 1840 adomino

69 1873 127 1938 eis
149 1870 244 1937 lueret
261 1871 364 1938 maior
388 1870 482 1938 lidos.
518 1871 558 1938 llt
577 1873 625 1938 sio
644 1869 743 1938 ludei
761 1869 1028 1958 Ratisponenses
1046 1871 1125 1938 lieet
1142 1888 1214 1938 oum

70 1970 181 2036 multa
200 1967 393 2037 dillroultate
411 1987 520 2056 usque
539 1969 638 2036 hodie
656 1968 846 2036 incendium
865 1974 1052 2036 evaserunt.

154 2067 370 2134 mnenovin.
396 2066 552 2136 Albertus
579 2086 637 2135 rex
655 2065 875 2135 Romanorum
894 2067 1230 2135 celebravltourlam·

74 2167 299 2253 sollempnem
314 2183 387 2232 oum
405 2166 610 2254 principibus
633 2165 806 2234 Alamanie
825 2165 912 2254 apud
931 2165 1133 2234 Nnnrberob.
1156 2164 1214 2232 Cui

73 2263 300 2332 interfuerunt
317 2263 530 2334 Coloniensis
549 2265 767 2349 Treverensis
785 2265 1052 2351 Maguntinensis
1071 2264 1215 2332 11181111-

74 2364 262 2450 purgensis
277 2363 529 2454 arehiepiscopi,
549 2369 581 2431 et
593 2363 849 2452 Ratisponensis
868 2365 1077 2432 Pataviensis
1091 2363 1215 2431 1111111-

75 2463 198 2547 gensis
218 2465 251 2528 et
268 2463 323 2528 alii
342 2464 490 2550 episoopi
508 2463 617 2551 multi,
644 2464 722 2530 item
748 2481 807 2530 rex
824 2463 977 2550 boemie,
1004 2462 1072 2530 dux
1088 2462 1215 2530 Bama-

76 2562 128 2628 rie
138 2613 147 2648 ,
172 2559 334 2628 liudolfus
354 2578 467 2628 eomes
485 2561 653 2648 palatinus
670 2561 770 2650 Renl,
799 2560 903 2628 duoes
922 2560 1092 2628 llarinthie
1112 2567 1145 2627 et
1162 2561 1216 2628 alii

77 2659 214 2726 nobiles
233 2659 333 2726 multi.
359 2659 397 2726 ln
416 2658 532 2727 eodem
552 2661 641 2726 ouria
659 2659 763 2726 edixit
780 2659 876 2744 leges
892 2677 956 2744 que
974 2657 1112 2726 inlerius
1132 2677 1215 2726 oon-

78 2749 272 2845 tlnentur,⁴
299 2763 331 2825 et
359 2758 458 2825 lilium
486 2777 582 2826 suum
612 2759 867 2845 primogenitum
891 2774 951 2844 pro
975 2755 1059 2825 duee
1083 2755 1216 2825 Austrie

79 2856 266 2943 deputavit.
300 2855 358 2923 Cui
391 2858 495 2924 eniam
528 2855 757 2945 postmodum,
794 2855 952 2922 videlieet
984 2872 1072 2922 anno
1105 2873 1217 2923 mooe.

78 2956 197 3043 primo,
218 2955 316 3022 lrliam
328 2955 468 3042 Philippi
482 2957 570 3041 regis
585 2955 721 3021 Franoie
735 2954 868 3021 nomine
883 2947 1093 3042 Planoham,⁵
1106 2959 1216 3022 natam

80 3071 127 3120 ex
151 3052 219 3120 lrlia
245 3052 339 3120 duois
365 3053 558 3144 brabancie,
593 3070 731 3120 uxorem
757 3052 936 3142 oopulavit‚
963 3058 997 3120 et
1029 3051 1072 3120 ad
1099 3058 1217 3120 terram

79 3149 216 3219 Austrie
234 3157 287 3218 est
304 3151 456 3220 deduota.

88 3279 89 3282 ¹
157 3249 253 3316 Ciroa
270 3249 357 3318 idem
374 3256 504 3338 tempus
523 3251 715 3318 Bonilaoius
733 3268 822 3338 papa
839 3247 919 3317 ieoit
937 3253 971 3316 et
988 3249 1030 3316 ad
1048 3248 1219 3333 generalia

82 3348 194 3416 studia
223 3349 285 3415 sub
311 3349 400 3417 bulla
426 3350 608 3416 transmisit
634 3355 763 3416 sextum
781 3347 899 3414 librum
921 3345 1146 3414 decretalium.
1180 3346 1218 3412 In

84 3464 153 3533 quo
173 3447 274 3514 multa
301 3465 366 3535 que
394 3454 493 3516 antea
516 3453 610 3514 erant
632 3448 665 3513 in
692 3446 792 3512 soolls
813 3452 845 3512 et
863 3445 897 3510 in
913 3443 1044 3510 iudioiis
1062 3443 1217 3528 ambigua

82 3545 285 3635 declararit,
313 3552 346 3614 et
364 3545 449 3614 duos
478 3545 663 3614 oardinales
682 3543 856 3633 deposuit,
883 3545 920 3609 ut
936 3548 1028 3630 patet
1045 3541 1165 3608 elarius
1183 3543 1217 3608 in

83 3705 153 3756 stain
177 3698 245 3756 letto
269 3702 312 3756 bei
331 3701 360 3757 C.
379 3704 434 3758 und
456 3705 493 3756 im
521 3702 621 3758 Chron.
645 3699 740 3756 Salisb.
766 3717 797 3754 so
819 3701 872 3752 wie
891 3699 918 3753 in
936 3699 984 3754 der
1001 3697 1040 3755 hs.
1058 3717 1102 3754 wo
1120 3697 1218 3754 iedoeh

83 3773 146 3832 eine
164 3769 246 3824 ldoko
264 3772 309 3835 111,
328 3771 411 3825 findet
429 3771 486 3826 oieb
505 3772 570 3826 eber
587 3771 623 3824 im
643 3771 741 3824 chron.
759 3768 903 3823 Osterhov.

119 3842 150 3904 l)
169 3840 264 3892 eastris
281 3846 309 3893 et
326 3839 396 3893 steht
414 3839 473 3893 hier
490 3841 559 3893 noclr
577 3841 613 3892 im
633 3838 730 3892 Obron.
755 3835 900 3892 Osterbovr
936 3836 968 3902 2)
986 3837 995 3888 i
1014 3836 1051 3890 sis
1069 3835 1142 3889 stelit
1158 3835 1219 3889 hier

83 3907 152 3960 nooh
171 3909 208 3959 im
228 3906 326 3960 Obron.
344 3907 489 3963 Osterbov.
525 3909 557 3975 3)
575 3915 603 3961 et
620 3906 692 3974 apud
709 3903 852 3960 Anrberelr.
872 3901 969 3956 Chron.
990 3853 1147 3970 gsrerlrnv,
1161 3917 1218 3956 wo-

82 3975 168 4028 selbst
185 3974 233 4027 das
250 3974 339 4041 3111111
358 3973 484 4042 folgende
502 3973 569 4028 illud
588 3974 663 4028 fehlt.
701 3977 733 4036 11)
752 3971 827 4025 dlese
845 3978 954 4038 gesetze
972 3967 1064 4040 loigeri
1082 3972 1218 4025 uberne-

83 4041 272 4096 dorinderhs.
291 4043 360 4096 noch
377 4043 420 4096 bei
439 4043 565 4097 0111111111
583 4041 651 4096 noeh
667 4045 702 4095 im
722 4039 822 4094 Obron.
842 4037 950 4104 Satist,
970 4038 1041 4094 ohne
1058 4039 1166 4094 zweifel
1183 4041 1219 4092 ist

83 4110 130 4163 der
148 4110 311 4164 anderwdrts
328 4111 468 4164 erlraltene
486 4108 652 4164 landl'rieden
671 4109 796 4178 gemeint.
833 4109 863 4174 5)
882 4106 1028 4161 Planobam
1043 4107 1116 4161 steht
1127 4109 1154 4160 in
1171 4105 1219 4158 dar

82 4178 122 4231 hs.
148 4195 201 4231 von
223 4183 346 4246 spiterer
373 4178 443 4232 band
468 4180 495 4232 in
525 4180 588 4231 eine
617 4177 686 4230 dazu
710 4175 852 4246 gelassene
877 4174 959 4230 lirclre
986 4173 1218 4244 eingescbrieben,

85 4246 185 4300 Blanza
204 4245 304 4299 (ihren.
324 4246 432 4312 Salisb„
452 4246 485 4300 N.
505 4245 655 4300 hoiconis.

963 4327 1021 4380 35*
