<?xml version="1.0" encoding="UTF-8"?>
<!DOCTYPE html PUBLIC "-//W3C//DTD XHTML 1.0 Transitional//EN"
    "http://www.w3.org/TR/xhtml1/DTD/xhtml1-transitional.dtd">
<html xmlns="http://www.w3.org/1999/xhtml" xml:lang="en" lang="en">
 <head>
  <title>
</title>
<meta http-equiv="Content-Type" content="text/html;charset=utf-8" />
  <meta name='ocr-system' content='tesseract 3.04.00' />
  <meta name='ocr-capabilities' content='ocr_page ocr_carea ocr_par ocr_line ocrx_word'/>
</head>
<body>
  <div class='ocr_page' id='page_1' title='image "./fontesrerumgerm00hubegoog_0219.png"; bbox 0 0 2884 4834; ppageno 0'>
   <div class='ocr_carea' id='block_1_1' title="bbox 274 218 991 294">
    <p class='ocr_par' dir='ltr' id='par_1_1' title="bbox 274 218 991 294">
     <span class='ocr_line' id='line_1_1' title="bbox 274 218 991 294; baseline 0.008 -10"><span class='ocrx_word' id='word_1_1' title='bbox 274 218 347 284; x_wconf 55' lang='lat'>156*</span> <span class='ocrx_word' id='word_1_2' title='bbox 674 247 808 293; x_wconf 76' lang='lat' dir='ltr'>nunnius</span> <span class='ocrx_word' id='word_1_3' title='bbox 827 247 991 294; x_wconf 78' lang='lat' dir='ltr'>semensas.</span> 
     </span>
    </p>
   </div>
   <div class='ocr_carea' id='block_1_2' title="bbox 190 383 1432 1954">
    <p class='ocr_par' dir='ltr' id='par_1_2' title="bbox 190 383 1432 602">
     <span class='ocr_line' id='line_1_2' title="bbox 190 383 1432 472; baseline 0.009 -29"><span class='ocrx_word' id='word_1_4' title='bbox 190 391 255 451; x_wconf 79' lang='lat' dir='ltr'>moa</span> <span class='ocrx_word' id='word_1_5' title='bbox 346 383 445 454; x_wconf 85' lang='lat' dir='ltr'>Anno</span> <span class='ocrx_word' id='word_1_6' title='bbox 463 386 584 453; x_wconf 74' lang='lat' dir='ltr'>xxxui.</span> <span class='ocrx_word' id='word_1_7' title='bbox 602 385 743 452; x_wconf 72' lang='lat' dir='ltr'><strong>intrante</strong></span> <span class='ocrx_word' id='word_1_8' title='bbox 769 385 854 451; x_wconf 89' lang='lat' dir='ltr'>maio</span> <span class='ocrx_word' id='word_1_9' title='bbox 874 392 927 453; x_wconf 94' lang='lat' dir='ltr'>est</span> <span class='ocrx_word' id='word_1_10' title='bbox 944 391 1060 452; x_wconf 87' lang='lat' dir='ltr'>saneta</span> <span class='ocrx_word' id='word_1_11' title='bbox 1078 385 1232 453; x_wconf 84' lang='lat' dir='ltr'>Elizabet·</span> <span class='ocrx_word' id='word_1_12' title='bbox 1248 387 1399 454; x_wconf 81' lang='lat' dir='ltr'>translata</span> <span class='ocrx_word' id='word_1_13' title='bbox 1431 463 1432 472; x_wconf 8' lang='grc' dir='ltr'>ἵ</span> 
     </span>
     <span class='ocr_line' id='line_1_3' title="bbox 270 482 868 572; baseline 0 -22"><span class='ocrx_word' id='word_1_14' title='bbox 270 501 328 571; x_wconf 92' lang='lat' dir='ltr'>per</span> <span class='ocrx_word' id='word_1_15' title='bbox 344 501 461 552; x_wconf 90' lang='lat' dir='ltr'>manus</span> <span class='ocrx_word' id='word_1_16' title='bbox 479 482 633 552; x_wconf 88' lang='lat' dir='ltr'>Friderioi</span> <span class='ocrx_word' id='word_1_17' title='bbox 650 485 868 572; x_wconf 87' lang='lat' dir='ltr'>imperatoris.</span> 
     </span>
    </p>

    <p class='ocr_par' dir='ltr' id='par_1_3' title="bbox 341 580 1398 670">
     <span class='ocr_line' id='line_1_4' title="bbox 341 580 1398 670; baseline -0.002 -19"><span class='ocrx_word' id='word_1_18' title='bbox 341 580 442 651; x_wconf 85' lang='lat' dir='ltr'>Anno</span> <span class='ocrx_word' id='word_1_19' title='bbox 459 583 535 651; x_wconf 86' lang='lat' dir='ltr'>xlii.</span> <span class='ocrx_word' id='word_1_20' title='bbox 552 588 673 650; x_wconf 88' lang='lat' dir='ltr'>exusta</span> <span class='ocrx_word' id='word_1_21' title='bbox 690 588 741 650; x_wconf 96' lang='grc' dir='ltr'>εει</span> <span class='ocrx_word' id='word_1_22' title='bbox 759 582 876 650; x_wconf 88' lang='lat' dir='ltr'>eivitas</span> <span class='ocrx_word' id='word_1_23' title='bbox 895 581 1157 650; x_wconf 86' lang='lat' dir='ltr'>Wormaoiensis</span> <span class='ocrx_word' id='word_1_24' title='bbox 1183 583 1218 650; x_wconf 93' lang='lat' dir='ltr'>in</span> <span class='ocrx_word' id='word_1_25' title='bbox 1246 581 1299 650; x_wconf 89' lang='lat' dir='ltr'>die</span> <span class='ocrx_word' id='word_1_26' title='bbox 1324 583 1398 670; x_wconf 92' lang='lat' dir='ltr'>pal-</span> 
     </span>
    </p>

    <p class='ocr_par' dir='ltr' id='par_1_4' title="bbox 233 682 1091 770">
     <span class='ocr_line' id='line_1_5' title="bbox 233 682 1091 770; baseline 0 -21"><span class='ocrx_word' id='word_1_27' title='bbox 233 759 234 763; x_wconf 10' lang='lat'><em>*</em></span> <span class='ocrx_word' id='word_1_28' title='bbox 270 699 394 751; x_wconf 90' lang='lat' dir='ltr'>mamm</span> <span class='ocrx_word' id='word_1_29' title='bbox 412 682 553 749; x_wconf 91' lang='lat' dir='ltr'>etmulti</span> <span class='ocrx_word' id='word_1_30' title='bbox 571 682 721 749; x_wconf 92' lang='lat' dir='ltr'>homines</span> <span class='ocrx_word' id='word_1_31' title='bbox 740 682 940 750; x_wconf 92' lang='lat' dir='ltr'>interierunt.</span> <span class='ocrx_word' id='word_1_32' title='bbox 1089 766 1091 770; x_wconf 79' lang='lat'>.</span> 
     </span>
    </p>

    <p class='ocr_par' dir='ltr' id='par_1_5' title="bbox 269 777 1399 966">
     <span class='ocr_line' id='line_1_6' title="bbox 342 777 1399 868; baseline -0.002 -20"><span class='ocrx_word' id='word_1_33' title='bbox 342 777 442 848; x_wconf 84' lang='lat' dir='ltr'>Anno</span> <span class='ocrx_word' id='word_1_34' title='bbox 459 781 548 848; x_wconf 79' lang='lat' dir='ltr'>xliii.</span> <span class='ocrx_word' id='word_1_35' title='bbox 572 786 692 848; x_wconf 86' lang='lat' dir='ltr'>exusta</span> <span class='ocrx_word' id='word_1_36' title='bbox 716 785 769 848; x_wconf 91' lang='lat' dir='ltr'>est</span> <span class='ocrx_word' id='word_1_37' title='bbox 793 781 911 849; x_wconf 87' lang='lat' dir='ltr'>eivites</span> <span class='ocrx_word' id='word_1_38' title='bbox 931 779 1097 868; x_wconf 90' lang='lat' dir='ltr'>Spirensis</span> <span class='ocrx_word' id='word_1_39' title='bbox 1124 781 1157 848; x_wconf 94' lang='lat' dir='ltr'>in</span> <span class='ocrx_word' id='word_1_40' title='bbox 1182 778 1271 849; x_wconf 85' lang='lat' dir='ltr'>festo</span> <span class='ocrx_word' id='word_1_41' title='bbox 1289 779 1399 848; x_wconf 89' lang='lat' dir='ltr'>Marei.</span> 
     </span>
     <span class='ocr_line' id='line_1_7' title="bbox 269 878 1106 966; baseline 0 -20"><span class='ocrx_word' id='word_1_42' title='bbox 269 878 350 946; x_wconf 87' lang='lat' dir='ltr'>Item</span> <span class='ocrx_word' id='word_1_43' title='bbox 368 897 457 947; x_wconf 93' lang='lat' dir='ltr'>anno</span> <span class='ocrx_word' id='word_1_44' title='bbox 476 881 629 966; x_wconf 77' lang='lat' dir='ltr'><strong>sequenti</strong></span> <span class='ocrx_word' id='word_1_45' title='bbox 648 885 681 948; x_wconf 91' lang='lat' dir='ltr'>et</span> <span class='ocrx_word' id='word_1_46' title='bbox 700 878 819 946; x_wconf 90' lang='lat' dir='ltr'>eodem</span> <span class='ocrx_word' id='word_1_47' title='bbox 837 879 891 948; x_wconf 88' lang='lat' dir='ltr'>die</span> <span class='ocrx_word' id='word_1_48' title='bbox 910 885 1027 948; x_wconf 87' lang='lat' dir='ltr'>exusta</span> <span class='ocrx_word' id='word_1_49' title='bbox 1045 884 1106 947; x_wconf 90' lang='lat' dir='ltr'>est.</span> 
     </span>
    </p>

    <p class='ocr_par' dir='ltr' id='par_1_6' title="bbox 267 975 1398 1461">
     <span class='ocr_line' id='line_1_8' title="bbox 341 975 1398 1065; baseline -0.001 -19"><span class='ocrx_word' id='word_1_50' title='bbox 341 976 441 1046; x_wconf 85' lang='lat' dir='ltr'>Anno</span> <span class='ocrx_word' id='word_1_51' title='bbox 458 977 534 1046; x_wconf 88' lang='lat' dir='ltr'>xl.v.</span> <span class='ocrx_word' id='word_1_52' title='bbox 552 978 752 1046; x_wconf 89' lang='lat' dir='ltr'>eelebratum</span> <span class='ocrx_word' id='word_1_53' title='bbox 770 981 821 1046; x_wconf 91' lang='lat' dir='ltr'>est</span> <span class='ocrx_word' id='word_1_54' title='bbox 844 979 1018 1047; x_wconf 79' lang='lat' dir='ltr'>eonsilium</span> <span class='ocrx_word' id='word_1_55' title='bbox 1040 979 1074 1045; x_wconf 93' lang='lat' dir='ltr'>in</span> <span class='ocrx_word' id='word_1_56' title='bbox 1090 975 1260 1064; x_wconf 87' lang='lat' dir='ltr'>Lugduno</span> <span class='ocrx_word' id='word_1_57' title='bbox 1278 995 1299 1043; x_wconf 91' lang='lat' dir='ltr'>a</span> <span class='ocrx_word' id='word_1_58' title='bbox 1316 995 1398 1065; x_wconf 89' lang='lat' dir='ltr'>papa</span> 
     </span>
     <span class='ocr_line' id='line_1_9' title="bbox 267 1073 1396 1166; baseline -0.001 -23"><span class='ocrx_word' id='word_1_59' title='bbox 267 1073 451 1144; x_wconf 92' lang='lat' dir='ltr'>lnnoeente</span> <span class='ocrx_word' id='word_1_60' title='bbox 471 1081 587 1164; x_wconf 88' lang='lat' dir='ltr'>quarto</span> <span class='ocrx_word' id='word_1_61' title='bbox 595 1130 606 1166; x_wconf 88' lang='lat'><em>‚</em></span> <span class='ocrx_word' id='word_1_62' title='bbox 624 1077 679 1145; x_wconf 83' lang='lat' dir='ltr'>ulii</span> <span class='ocrx_word' id='word_1_63' title='bbox 698 1079 862 1145; x_wconf 92' lang='lat' dir='ltr'>eommuni</span> <span class='ocrx_word' id='word_1_64' title='bbox 880 1077 1048 1146; x_wconf 86' lang='lat' dir='ltr'>sententia</span> <span class='ocrx_word' id='word_1_65' title='bbox 1066 1077 1246 1146; x_wconf 91' lang='lat' dir='ltr'>destitutus</span> <span class='ocrx_word' id='word_1_66' title='bbox 1266 1081 1320 1143; x_wconf 91' lang='lat' dir='ltr'>est</span> <span class='ocrx_word' id='word_1_67' title='bbox 1337 1077 1396 1142; x_wconf 93' lang='lat' dir='ltr'>im-</span> 
     </span>
     <span class='ocr_line' id='line_1_10' title="bbox 267 1175 1395 1282; baseline -0.002 -40"><span class='ocrx_word' id='word_1_68' title='bbox 267 1181 400 1262; x_wconf 89' lang='lat' dir='ltr'>perator</span> <span class='ocrx_word' id='word_1_69' title='bbox 415 1175 611 1244; x_wconf 86' lang='lat' dir='ltr'>Frideriens.</span> <span class='ocrx_word' id='word_1_70' title='bbox 646 1177 686 1244; x_wconf 84' lang='lat' dir='ltr'>Et</span> <span class='ocrx_word' id='word_1_71' title='bbox 708 1182 856 1244; x_wconf 91' lang='lat' dir='ltr'>mortuus</span> <span class='ocrx_word' id='word_1_72' title='bbox 882 1181 935 1245; x_wconf 92' lang='lat' dir='ltr'>est</span> <span class='ocrx_word' id='word_1_73' title='bbox 958 1193 1047 1282; x_wconf 66' lang='lat' dir='ltr'>appno</span> <span class='ocrx_word' id='word_1_74' title='bbox 1066 1175 1395 1263; x_wconf 85' lang='lat' dir='ltr'>quinquagesimam</span> 
     </span>
     <span class='ocr_line' id='line_1_11' title="bbox 268 1252 1398 1365; baseline 0.001 -25"><span class='ocrx_word' id='word_1_75' title='bbox 268 1272 321 1340; x_wconf 88' lang='lat' dir='ltr'>die</span> <span class='ocrx_word' id='word_1_76' title='bbox 348 1274 445 1342; x_wconf 90' lang='lat' dir='ltr'>beate</span> <span class='ocrx_word' id='word_1_77' title='bbox 462 1274 564 1343; x_wconf 90' lang='lat' dir='ltr'>Luoie</span> <span class='ocrx_word' id='word_1_78' title='bbox 592 1271 683 1365; x_wconf 89' lang='lat' dir='ltr'>[deo.</span> <span class='ocrx_word' id='word_1_79' title='bbox 712 1271 795 1365; x_wconf 82' lang='grc'>13],</span> <span class='ocrx_word' id='word_1_80' title='bbox 820 1252 965 1363; x_wconf 53' lang='lat' dir='ltr'>triginta*</span> <span class='ocrx_word' id='word_1_81' title='bbox 976 1276 1072 1343; x_wconf 91' lang='lat' dir='ltr'>annis</span> <span class='ocrx_word' id='word_1_82' title='bbox 1094 1275 1269 1363; x_wconf 88' lang='lat' dir='ltr'>imperavit</span> <span class='ocrx_word' id='word_1_83' title='bbox 1288 1291 1347 1342; x_wconf 89' lang='lat' dir='ltr'>rex</span> <span class='ocrx_word' id='word_1_84' title='bbox 1369 1279 1398 1341; x_wconf 89' lang='lat' dir='ltr'>et</span> 
     </span>
     <span class='ocr_line' id='line_1_12' title="bbox 268 1373 1213 1461; baseline 0.008 -23"><span class='ocrx_word' id='word_1_85' title='bbox 268 1373 452 1461; x_wconf 84' lang='lat' dir='ltr'>imperator.</span> <span class='ocrx_word' id='word_1_86' title='bbox 1211 1442 1213 1446; x_wconf 86' lang='grc'><em>,</em></span> 
     </span>
    </p>

    <p class='ocr_par' dir='ltr' id='par_1_7' title="bbox 268 1467 1395 1659">
     <span class='ocr_line' id='line_1_13' title="bbox 340 1467 1395 1564; baseline -0.001 -25"><span class='ocrx_word' id='word_1_87' title='bbox 340 1469 440 1540; x_wconf 84' lang='lat' dir='ltr'>Anno</span> <span class='ocrx_word' id='word_1_88' title='bbox 462 1472 549 1541; x_wconf 84' lang='lat' dir='ltr'>xl.vi.</span> <span class='ocrx_word' id='word_1_89' title='bbox 573 1469 724 1540; x_wconf 85' lang='lat' dir='ltr'>Osweldi</span> <span class='ocrx_word' id='word_1_90' title='bbox 748 1473 838 1558; x_wconf 86' lang='lat' dir='ltr'>regis</span> <span class='ocrx_word' id='word_1_91' title='bbox 868 1467 963 1562; x_wconf 88' lang='lat' dir='ltr'>[aug.</span> <span class='ocrx_word' id='word_1_92' title='bbox 983 1469 1021 1564; x_wconf 88' lang='lat'>5]</span> <span class='ocrx_word' id='word_1_93' title='bbox 1051 1471 1203 1540; x_wconf 88' lang='lat' dir='ltr'>devietus</span> <span class='ocrx_word' id='word_1_94' title='bbox 1226 1480 1279 1541; x_wconf 87' lang='lat' dir='ltr'>est</span> <span class='ocrx_word' id='word_1_95' title='bbox 1307 1469 1395 1540; x_wconf 85' lang='lat' dir='ltr'>Con-</span> 
     </span>
     <span class='ocr_line' id='line_1_14' title="bbox 268 1569 1226 1659; baseline 0.001 -23"><span class='ocrx_word' id='word_1_96' title='bbox 268 1569 369 1637; x_wconf 88' lang='lat' dir='ltr'>radus</span> <span class='ocrx_word' id='word_1_97' title='bbox 387 1588 448 1638; x_wconf 86' lang='lat' dir='ltr'>rex</span> <span class='ocrx_word' id='word_1_98' title='bbox 464 1571 553 1659; x_wconf 89' lang='lat' dir='ltr'>apud</span> <span class='ocrx_word' id='word_1_99' title='bbox 570 1571 800 1639; x_wconf 86' lang='lat' dir='ltr'>Franlrenvort</span> <span class='ocrx_word' id='word_1_100' title='bbox 817 1589 837 1638; x_wconf 89' lang='lat' dir='ltr'>a</span> <span class='ocrx_word' id='word_1_101' title='bbox 853 1571 1041 1657; x_wconf 73' lang='lat' dir='ltr'>lantgravio</span> <span class='ocrx_word' id='word_1_102' title='bbox 1060 1571 1226 1640; x_wconf 90' lang='lat' dir='ltr'>Heinrieo.</span> 
     </span>
    </p>

    <p class='ocr_par' dir='ltr' id='par_1_8' title="bbox 267 1668 1395 1954">
     <span class='ocr_line' id='line_1_15' title="bbox 342 1668 1395 1758; baseline -0.001 -22"><span class='ocrx_word' id='word_1_103' title='bbox 342 1668 444 1738; x_wconf 89' lang='lat' dir='ltr'>Anno</span> <span class='ocrx_word' id='word_1_104' title='bbox 461 1671 560 1738; x_wconf 85' lang='lat' dir='ltr'>xl.vii.</span> <span class='ocrx_word' id='word_1_105' title='bbox 578 1669 746 1738; x_wconf 89' lang='lat' dir='ltr'>mandavit</span> <span class='ocrx_word' id='word_1_106' title='bbox 763 1670 916 1751; x_wconf 84' lang='lat' dir='ltr'>dominus</span> <span class='ocrx_word' id='word_1_107' title='bbox 934 1668 1118 1738; x_wconf 87' lang='lat' dir='ltr'>Friderious</span> <span class='ocrx_word' id='word_1_108' title='bbox 1142 1671 1323 1758; x_wconf 86' lang='lat' dir='ltr'>imperator</span> <span class='ocrx_word' id='word_1_109' title='bbox 1340 1670 1395 1736; x_wconf 89' lang='lat' dir='ltr'>eioi</span> 
     </span>
     <span class='ocr_line' id='line_1_16' title="bbox 269 1767 1394 1856; baseline 0.001 -23"><span class='ocrx_word' id='word_1_110' title='bbox 269 1767 392 1835; x_wconf 89' lang='lat' dir='ltr'>elerum</span> <span class='ocrx_word' id='word_1_111' title='bbox 410 1767 603 1856; x_wconf 89' lang='lat' dir='ltr'>Spirensem</span> <span class='ocrx_word' id='word_1_112' title='bbox 629 1788 648 1837; x_wconf 86' lang='lat' dir='ltr'>a</span> <span class='ocrx_word' id='word_1_113' title='bbox 673 1770 805 1837; x_wconf 84' lang='lat' dir='ltr'>civitate</span> <span class='ocrx_word' id='word_1_114' title='bbox 823 1767 973 1856; x_wconf 81' lang='lat' dir='ltr'><strong>Spirensi</strong></span> <span class='ocrx_word' id='word_1_115' title='bbox 997 1787 1057 1856; x_wconf 90' lang='lat' dir='ltr'>per</span> <span class='ocrx_word' id='word_1_116' title='bbox 1073 1768 1273 1837; x_wconf 90' lang='lat' dir='ltr'>Friderioum</span> <span class='ocrx_word' id='word_1_117' title='bbox 1292 1769 1394 1835; x_wconf 88' lang='lat' dir='ltr'>eomi-</span> 
     </span>
     <span class='ocr_line' id='line_1_17' title="bbox 267 1865 585 1954; baseline 0.006 -22"><span class='ocrx_word' id='word_1_118' title='bbox 267 1872 332 1933; x_wconf 90' lang='lat' dir='ltr'>tem</span> <span class='ocrx_word' id='word_1_119' title='bbox 350 1865 391 1934; x_wconf 89' lang='lat' dir='ltr'>de</span> <span class='ocrx_word' id='word_1_120' title='bbox 408 1867 585 1954; x_wconf 91' lang='lat' dir='ltr'>Liningen.</span> 
     </span>
    </p>
   </div>
   <div class='ocr_carea' id='block_1_3' title="bbox 267 1980 1395 2467">
    <p class='ocr_par' dir='ltr' id='par_1_9' title="bbox 267 1980 1395 2467">
     <span class='ocr_line' id='line_1_18' title="bbox 341 1980 1394 2071; baseline -0.004 -21"><span class='ocrx_word' id='word_1_121' title='bbox 341 1981 441 2051; x_wconf 83' lang='lat' dir='ltr'>Anno</span> <span class='ocrx_word' id='word_1_122' title='bbox 468 1983 590 2052; x_wconf 91' lang='lat' dir='ltr'>domini</span> <span class='ocrx_word' id='word_1_123' title='bbox 617 1983 830 2050; x_wconf 79' lang='lat' dir='ltr'>monulviiii.</span> <span class='ocrx_word' id='word_1_124' title='bbox 869 1980 1043 2050; x_wconf 85' lang='lat' dir='ltr'>Cunrodus</span> <span class='ocrx_word' id='word_1_125' title='bbox 1073 1984 1269 2071; x_wconf 77' lang='lat' dir='ltr'>prepositus</span> <span class='ocrx_word' id='word_1_126' title='bbox 1294 1983 1394 2050; x_wconf 90' lang='lat' dir='ltr'>saneti</span> 
     </span>
     <span class='ocr_line' id='line_1_19' title="bbox 268 2079 1395 2169; baseline 0 -23"><span class='ocrx_word' id='word_1_127' title='bbox 268 2079 424 2150; x_wconf 86' lang='lat' dir='ltr'>Widonis</span> <span class='ocrx_word' id='word_1_128' title='bbox 454 2081 563 2151; x_wconf 88' lang='lat' dir='ltr'>dietus</span> <span class='ocrx_word' id='word_1_129' title='bbox 590 2081 632 2150; x_wconf 92' lang='lat' dir='ltr'>de</span> <span class='ocrx_word' id='word_1_130' title='bbox 663 2081 820 2150; x_wconf 75' lang='lat' dir='ltr'>steinach</span> <span class='ocrx_word' id='word_1_131' title='bbox 852 2083 987 2169; x_wconf 75' lang='lat' dir='ltr'>arripuit</span> <span class='ocrx_word' id='word_1_132' title='bbox 1014 2083 1075 2148; x_wconf 90' lang='lat' dir='ltr'>iter</span> <span class='ocrx_word' id='word_1_133' title='bbox 1108 2083 1142 2149; x_wconf 93' lang='lat' dir='ltr'>in</span> <span class='ocrx_word' id='word_1_134' title='bbox 1176 2081 1229 2149; x_wconf 87' lang='lat' dir='ltr'>die</span> <span class='ocrx_word' id='word_1_135' title='bbox 1258 2082 1395 2150; x_wconf 94' lang='lat' dir='ltr'>omnium</span> 
     </span>
     <span class='ocr_line' id='line_1_20' title="bbox 267 2179 1391 2270; baseline -0.001 -24"><span class='ocrx_word' id='word_1_136' title='bbox 267 2185 456 2248; x_wconf 86' lang='lat' dir='ltr'>sanatorum</span> <span class='ocrx_word' id='word_1_137' title='bbox 474 2181 574 2250; x_wconf 91' lang='lat' dir='ltr'>eundi</span> <span class='ocrx_word' id='word_1_138' title='bbox 592 2183 625 2249; x_wconf 92' lang='lat' dir='ltr'>in</span> <span class='ocrx_word' id='word_1_139' title='bbox 643 2179 826 2270; x_wconf 70' lang='lat' dir='ltr'>niustriam,</span> <span class='ocrx_word' id='word_1_140' title='bbox 844 2181 901 2248; x_wconf 93' lang='lat' dir='ltr'>ubi</span> <span class='ocrx_word' id='word_1_141' title='bbox 919 2179 1052 2248; x_wconf 86' lang='lat' dir='ltr'>lunotus</span> <span class='ocrx_word' id='word_1_142' title='bbox 1072 2185 1122 2247; x_wconf 88' lang='grc' dir='ltr'>εει</span> <span class='ocrx_word' id='word_1_143' title='bbox 1140 2179 1321 2266; x_wconf 84' lang='lat' dir='ltr'>legationis</span> <span class='ocrx_word' id='word_1_144' title='bbox 1339 2179 1391 2246; x_wconf 88' lang='lat' dir='ltr'>ol-</span> 
     </span>
     <span class='ocr_line' id='line_1_21' title="bbox 268 2277 1391 2368; baseline 0 -24"><span class='ocrx_word' id='word_1_145' title='bbox 268 2277 344 2345; x_wconf 87' lang='lat' dir='ltr'>fioio</span> <span class='ocrx_word' id='word_1_146' title='bbox 364 2285 522 2367; x_wconf 92' lang='lat' dir='ltr'>suseepto</span> <span class='ocrx_word' id='word_1_147' title='bbox 547 2299 567 2348; x_wconf 86' lang='lat' dir='ltr'>a</span> <span class='ocrx_word' id='word_1_148' title='bbox 593 2279 727 2349; x_wconf 89' lang='lat' dir='ltr'>domino</span> <span class='ocrx_word' id='word_1_149' title='bbox 755 2279 947 2348; x_wconf 82' lang='lat' dir='ltr'>Coloniensi</span> <span class='ocrx_word' id='word_1_150' title='bbox 971 2278 1224 2368; x_wconf 79' lang='lat' dir='ltr'>archiepiscopo</span> <span class='ocrx_word' id='word_1_151' title='bbox 1250 2285 1391 2368; x_wconf 91' lang='lat' dir='ltr'>tempore</span> 
     </span>
     <span class='ocr_line' id='line_1_22' title="bbox 267 2372 718 2467; baseline 0.007 -23"><span class='ocrx_word' id='word_1_152' title='bbox 267 2377 450 2445; x_wconf 91' lang='lat' dir='ltr'>lnnooentii</span> <span class='ocrx_word' id='word_1_153' title='bbox 468 2395 555 2467; x_wconf 88' lang='lat' dir='ltr'>pape</span> <span class='ocrx_word' id='word_1_154' title='bbox 574 2381 689 2467; x_wconf 88' lang='lat' dir='ltr'>quarti.</span> <span class='ocrx_word' id='word_1_155' title='bbox 707 2372 718 2415; x_wconf 84' lang='lat'><strong>¹</strong></span> 
     </span>
    </p>
   </div>
   <div class='ocr_carea' id='block_1_4' title="bbox 265 2489 1390 2782">
    <p class='ocr_par' dir='ltr' id='par_1_10' title="bbox 265 2489 1390 2782">
     <span class='ocr_line' id='line_1_23' title="bbox 339 2489 1390 2584; baseline -0.005 -22"><span class='ocrx_word' id='word_1_156' title='bbox 339 2492 439 2562; x_wconf 89' lang='lat' dir='ltr'>Anno</span> <span class='ocrx_word' id='word_1_157' title='bbox 456 2495 476 2562; x_wconf 94' lang='lat' dir='ltr'>l.</span> <span class='ocrx_word' id='word_1_158' title='bbox 502 2496 535 2562; x_wconf 95' lang='lat' dir='ltr'>in</span> <span class='ocrx_word' id='word_1_159' title='bbox 555 2495 608 2563; x_wconf 93' lang='lat' dir='ltr'>die</span> <span class='ocrx_word' id='word_1_160' title='bbox 626 2494 794 2563; x_wconf 87' lang='lat' dir='ltr'>Frunoisoi</span> <span class='ocrx_word' id='word_1_161' title='bbox 823 2490 905 2584; x_wconf 90' lang='lat' dir='ltr'>[oet.</span> <span class='ocrx_word' id='word_1_162' title='bbox 924 2489 965 2584; x_wconf 75' lang='lat' dir='ltr'>lt]</span> <span class='ocrx_word' id='word_1_163' title='bbox 994 2492 1075 2562; x_wconf 89' lang='lat' dir='ltr'>obiit</span> <span class='ocrx_word' id='word_1_164' title='bbox 1092 2491 1303 2562; x_wconf 88' lang='lat' dir='ltr'>Hermunnus</span> <span class='ocrx_word' id='word_1_165' title='bbox 1329 2491 1390 2559; x_wconf 84' lang='lat' dir='ltr'>dun</span> 
     </span>
     <span class='ocr_line' id='line_1_24' title="bbox 265 2590 1390 2663; baseline -0.005 -1"><span class='ocrx_word' id='word_1_166' title='bbox 265 2590 399 2662; x_wconf 84' lang='lat' dir='ltr'>Austrie</span> <span class='ocrx_word' id='word_1_167' title='bbox 418 2598 451 2662; x_wconf 91' lang='lat' dir='ltr'>et</span> <span class='ocrx_word' id='word_1_168' title='bbox 468 2594 611 2663; x_wconf 89' lang='lat' dir='ltr'>marehio</span> <span class='ocrx_word' id='word_1_169' title='bbox 630 2593 672 2662; x_wconf 90' lang='lat' dir='ltr'>de</span> <span class='ocrx_word' id='word_1_170' title='bbox 689 2593 815 2662; x_wconf 90' lang='lat' dir='ltr'>Baden.</span> <span class='ocrx_word' id='word_1_171' title='bbox 851 2591 978 2662; x_wconf 88' lang='lat' dir='ltr'>Eodem</span> <span class='ocrx_word' id='word_1_172' title='bbox 1006 2594 1111 2660; x_wconf 87' lang='lat' dir='ltr'>eoiam</span> <span class='ocrx_word' id='word_1_173' title='bbox 1135 2610 1225 2660; x_wconf 88' lang='lat' dir='ltr'>anno</span> <span class='ocrx_word' id='word_1_174' title='bbox 1252 2597 1390 2660; x_wconf 88' lang='lat' dir='ltr'>mortuus</span> 
     </span>
     <span class='ocr_line' id='line_1_25' title="bbox 267 2687 1202 2782; baseline -0.002 -24"><span class='ocrx_word' id='word_1_175' title='bbox 267 2697 319 2759; x_wconf 92' lang='lat' dir='ltr'>est</span> <span class='ocrx_word' id='word_1_176' title='bbox 335 2691 521 2761; x_wconf 85' lang='lat' dir='ltr'>Friderieus</span> <span class='ocrx_word' id='word_1_177' title='bbox 539 2693 766 2782; x_wconf 82' lang='lat' dir='ltr'>imperatorin</span> <span class='ocrx_word' id='word_1_178' title='bbox 784 2691 872 2759; x_wconf 87' lang='lat' dir='ltr'>lesto</span> <span class='ocrx_word' id='word_1_179' title='bbox 890 2691 994 2758; x_wconf 89' lang='lat' dir='ltr'>Luoie</span> <span class='ocrx_word' id='word_1_180' title='bbox 1015 2687 1105 2781; x_wconf 90' lang='lat' dir='ltr'>[deo.</span> <span class='ocrx_word' id='word_1_181' title='bbox 1127 2688 1202 2782; x_wconf 87' lang='grc'>13].</span> 
     </span>
    </p>
   </div>
   <div class='ocr_carea' id='block_1_5' title="bbox 264 2805 1390 3190">
    <p class='ocr_par' dir='ltr' id='par_1_11' title="bbox 264 2805 1390 3190">
     <span class='ocr_line' id='line_1_26' title="bbox 338 2805 1390 2894; baseline -0.008 -18"><span class='ocrx_word' id='word_1_182' title='bbox 338 2806 502 2876; x_wconf 83' lang='lat' dir='ltr'>Annali.</span> <span class='ocrx_word' id='word_1_183' title='bbox 529 2808 681 2878; x_wconf 91' lang='lat' dir='ltr'>dominus</span> <span class='ocrx_word' id='word_1_184' title='bbox 705 2807 881 2876; x_wconf 90' lang='lat' dir='ltr'>Heinrious</span> <span class='ocrx_word' id='word_1_185' title='bbox 909 2807 1037 2874; x_wconf 93' lang='lat' dir='ltr'>eleotus</span> <span class='ocrx_word' id='word_1_186' title='bbox 1067 2805 1236 2894; x_wconf 89' lang='lat' dir='ltr'>Spirensis</span> <span class='ocrx_word' id='word_1_187' title='bbox 1264 2805 1390 2892; x_wconf 88' lang='lat' dir='ltr'>arripuit</span> 
     </span>
     <span class='ocr_line' id='line_1_27' title="bbox 264 2901 1388 2996; baseline -0.003 -25"><span class='ocrx_word' id='word_1_188' title='bbox 264 2907 328 2972; x_wconf 90' lang='lat' dir='ltr'>iter</span> <span class='ocrx_word' id='word_1_189' title='bbox 353 2905 453 2974; x_wconf 90' lang='lat' dir='ltr'>eundi</span> <span class='ocrx_word' id='word_1_190' title='bbox 479 2907 679 2994; x_wconf 85' lang='lat' dir='ltr'>Lugdunum</span> <span class='ocrx_word' id='word_1_191' title='bbox 703 2907 737 2974; x_wconf 92' lang='lat' dir='ltr'>in</span> <span class='ocrx_word' id='word_1_192' title='bbox 764 2905 1020 2994; x_wconf 87' lang='lat' dir='ltr'>quadragesima</span> <span class='ocrx_word' id='word_1_193' title='bbox 1048 2901 1182 2996; x_wconf 68' lang='lat' dir='ltr'>[mam]</span> <span class='ocrx_word' id='word_1_194' title='bbox 1225 2905 1266 2972; x_wconf 85' lang='lat' dir='ltr'>Et</span> <span class='ocrx_word' id='word_1_195' title='bbox 1292 2904 1388 2972; x_wconf 87' lang='lat' dir='ltr'>statim</span> 
     </span>
     <span class='ocr_line' id='line_1_28' title="bbox 264 3002 1389 3096; baseline -0.004 -25"><span class='ocrx_word' id='word_1_196' title='bbox 264 3008 343 3091; x_wconf 93' lang='lat' dir='ltr'>post</span> <span class='ocrx_word' id='word_1_197' title='bbox 359 3005 486 3092; x_wconf 91' lang='lat' dir='ltr'>paseha</span> <span class='ocrx_word' id='word_1_198' title='bbox 506 3002 590 3096; x_wconf 85' lang='lat' dir='ltr'>[apr.</span> <span class='ocrx_word' id='word_1_199' title='bbox 611 3003 674 3096; x_wconf 84' lang='lat'>16]</span> <span class='ocrx_word' id='word_1_200' title='bbox 702 3004 880 3074; x_wconf 89' lang='lat' dir='ltr'>reoedente</span> <span class='ocrx_word' id='word_1_201' title='bbox 905 3003 1139 3092; x_wconf 65' lang='lat' dir='ltr'>papaabinde</span> <span class='ocrx_word' id='word_1_202' title='bbox 1164 3021 1319 3072; x_wconf 87' lang='lat' dir='ltr'>reversus</span> <span class='ocrx_word' id='word_1_203' title='bbox 1344 3007 1389 3069; x_wconf 92' lang='lat' dir='ltr'>est</span> 
     </span>
     <span class='ocr_line' id='line_1_29' title="bbox 265 3102 1142 3190; baseline 0.002 -22"><span class='ocrx_word' id='word_1_204' title='bbox 265 3119 339 3170; x_wconf 92' lang='lat' dir='ltr'>eum</span> <span class='ocrx_word' id='word_1_205' title='bbox 356 3121 437 3190; x_wconf 86' lang='lat' dir='ltr'>rege</span> <span class='ocrx_word' id='word_1_206' title='bbox 458 3103 633 3172; x_wconf 88' lang='lat' dir='ltr'>Wilhelmo</span> <span class='ocrx_word' id='word_1_207' title='bbox 653 3110 685 3173; x_wconf 89' lang='lat' dir='ltr'>et</span> <span class='ocrx_word' id='word_1_208' title='bbox 703 3104 837 3172; x_wconf 90' lang='lat' dir='ltr'>domino</span> <span class='ocrx_word' id='word_1_209' title='bbox 857 3103 1000 3189; x_wconf 88' lang='lat' dir='ltr'>Hugone</span> <span class='ocrx_word' id='word_1_210' title='bbox 1018 3102 1142 3190; x_wconf 86' lang='lat' dir='ltr'>legato.</span> 
     </span>
    </p>
   </div>
   <div class='ocr_carea' id='block_1_6' title="bbox 262 3215 1385 3585">
    <p class='ocr_par' dir='ltr' id='par_1_12' title="bbox 262 3215 1385 3585">
     <span class='ocr_line' id='line_1_30' title="bbox 337 3215 1384 3308; baseline -0.005 -22"><span class='ocrx_word' id='word_1_211' title='bbox 337 3215 436 3287; x_wconf 86' lang='lat' dir='ltr'>Anno</span> <span class='ocrx_word' id='word_1_212' title='bbox 460 3219 516 3288; x_wconf 84' lang='lat' dir='ltr'>lii.</span> <span class='ocrx_word' id='word_1_213' title='bbox 539 3220 719 3289; x_wconf 88' lang='lat' dir='ltr'>eelebravit</span> <span class='ocrx_word' id='word_1_214' title='bbox 743 3221 874 3308; x_wconf 91' lang='lat' dir='ltr'>nuptias</span> <span class='ocrx_word' id='word_1_215' title='bbox 900 3219 989 3287; x_wconf 90' lang='lat' dir='ltr'>idem</span> <span class='ocrx_word' id='word_1_216' title='bbox 1014 3238 1072 3287; x_wconf 88' lang='lat' dir='ltr'>rex</span> <span class='ocrx_word' id='word_1_217' title='bbox 1096 3218 1294 3286; x_wconf 90' lang='lat' dir='ltr'>Wilhelmus</span> <span class='ocrx_word' id='word_1_218' title='bbox 1320 3233 1384 3284; x_wconf 91' lang='lat' dir='ltr'>oum</span> 
     </span>
     <span class='ocr_line' id='line_1_31' title="bbox 262 3311 1385 3408; baseline -0.003 -24"><span class='ocrx_word' id='word_1_219' title='bbox 262 3315 413 3386; x_wconf 86' lang='lat' dir='ltr'>Elizabet</span> <span class='ocrx_word' id='word_1_220' title='bbox 430 3317 495 3386; x_wconf 90' lang='lat' dir='ltr'>lilia</span> <span class='ocrx_word' id='word_1_221' title='bbox 514 3318 609 3388; x_wconf 67' lang='lat' dir='ltr'>(lueis</span> <span class='ocrx_word' id='word_1_222' title='bbox 624 3319 666 3388; x_wconf 89' lang='lat' dir='ltr'>de</span> <span class='ocrx_word' id='word_1_223' title='bbox 679 3312 877 3388; x_wconf 74' lang='lat' dir='ltr'>Brlinswieh</span> <span class='ocrx_word' id='word_1_224' title='bbox 891 3319 958 3385; x_wconf 91' lang='lat' dir='ltr'>viiii</span> <span class='ocrx_word' id='word_1_225' title='bbox 971 3318 1034 3386; x_wconf 86' lang='lat' dir='ltr'>lral.</span> <span class='ocrx_word' id='word_1_226' title='bbox 1049 3317 1205 3385; x_wconf 82' lang='lat' dir='ltr'>februarii</span> <span class='ocrx_word' id='word_1_227' title='bbox 1225 3313 1307 3408; x_wconf 88' lang='lat' dir='ltr'>[ian.</span> <span class='ocrx_word' id='word_1_228' title='bbox 1319 3311 1385 3404; x_wconf 72' lang='lat' dir='ltr'>llll,</span> 
     </span>
     <span class='ocr_line' id='line_1_32' title="bbox 262 3417 1384 3585; baseline -0.002 -101"><span class='ocrx_word' id='word_1_229' title='bbox 262 3417 478 3585; x_wconf 54' lang='lat' dir='ltr'>pipplpppeium</span> <span class='ocrx_word' id='word_1_230' title='bbox 496 3417 591 3487; x_wconf 91' lang='lat' dir='ltr'>dueis</span> <span class='ocrx_word' id='word_1_231' title='bbox 610 3424 842 3508; x_wconf 83' lang='lat' dir='ltr'>consumptum</span> <span class='ocrx_word' id='word_1_232' title='bbox 860 3422 912 3486; x_wconf 91' lang='lat' dir='ltr'>est</span> <span class='ocrx_word' id='word_1_233' title='bbox 936 3419 1015 3504; x_wconf 89' lang='lat' dir='ltr'>igne</span> <span class='ocrx_word' id='word_1_234' title='bbox 1041 3418 1075 3484; x_wconf 94' lang='lat' dir='ltr'>in</span> <span class='ocrx_word' id='word_1_235' title='bbox 1094 3417 1169 3505; x_wconf 86' lang='lat' dir='ltr'>ipsa</span> <span class='ocrx_word' id='word_1_236' title='bbox 1186 3422 1288 3485; x_wconf 91' lang='lat' dir='ltr'>noete</span> <span class='ocrx_word' id='word_1_237' title='bbox 1306 3431 1384 3501; x_wconf 92' lang='lat' dir='ltr'>nup-</span> 
     </span>
    </p>
   </div>
   <div class='ocr_carea' id='block_1_7' title="bbox 263 3730 1384 3820">
    <p class='ocr_par' dir='ltr' id='par_1_13' title="bbox 263 3730 1384 3820">
     <span class='ocr_line' id='line_1_33' title="bbox 263 3730 1384 3820; baseline -0.004 -25"><span class='ocrx_word' id='word_1_238' title='bbox 263 3731 381 3818; x_wconf 77' lang='lat' dir='ltr'>rensiS,</span> <span class='ocrx_word' id='word_1_239' title='bbox 400 3733 453 3798; x_wconf 90' lang='lat' dir='ltr'>oui</span> <span class='ocrx_word' id='word_1_240' title='bbox 467 3731 658 3820; x_wconf 86' lang='lat' dir='ltr'>providerat</span> <span class='ocrx_word' id='word_1_241' title='bbox 672 3730 823 3816; x_wconf 85' lang='lat' dir='ltr'>dominus</span> <span class='ocrx_word' id='word_1_242' title='bbox 842 3749 929 3820; x_wconf 88' lang='lat' dir='ltr'>papa</span> <span class='ocrx_word' id='word_1_243' title='bbox 947 3730 1162 3798; x_wconf 90' lang='lat' dir='ltr'>lnnooentius</span> <span class='ocrx_word' id='word_1_244' title='bbox 1182 3735 1318 3816; x_wconf 87' lang='lat' dir='ltr'>quartus</span> <span class='ocrx_word' id='word_1_245' title='bbox 1335 3742 1384 3814; x_wconf 93' lang='lat' dir='ltr'>per</span> 
     </span>
    </p>
   </div>
   <div class='ocr_carea' id='block_1_8' title="bbox 262 3897 1382 4109">
    <p class='ocr_par' dir='ltr' id='par_1_14' title="bbox 262 3897 1382 4109">
     <span class='ocr_line' id='line_1_34' title="bbox 298 3897 1382 3973; baseline -0.006 -19"><span class='ocrx_word' id='word_1_246' title='bbox 298 3904 328 3968; x_wconf 87' lang='lat' dir='ltr'>l)</span> <span class='ocrx_word' id='word_1_247' title='bbox 347 3903 391 3955; x_wconf 87' lang='lat' dir='ltr'>ein</span> <span class='ocrx_word' id='word_1_248' title='bbox 408 3903 524 3957; x_wconf 89' lang='lat' dir='ltr'>anderer</span> <span class='ocrx_word' id='word_1_249' title='bbox 541 3913 621 3973; x_wconf 83' lang='lat' dir='ltr'>agent</span> <span class='ocrx_word' id='word_1_250' title='bbox 639 3901 797 3958; x_wconf 85' lang='lat' dir='ltr'>erabisehof</span> <span class='ocrx_word' id='word_1_251' title='bbox 810 3901 929 3957; x_wconf 86' lang='lat' dir='ltr'>Gonrada</span> <span class='ocrx_word' id='word_1_252' title='bbox 948 3919 1001 3955; x_wconf 87' lang='lat' dir='ltr'>uon</span> <span class='ocrx_word' id='word_1_253' title='bbox 1019 3901 1085 3956; x_wconf 73' lang='lat' dir='ltr'>Gelu</span> <span class='ocrx_word' id='word_1_254' title='bbox 1103 3917 1161 3954; x_wconf 87' lang='lat' dir='ltr'>war</span> <span class='ocrx_word' id='word_1_255' title='bbox 1179 3901 1214 3956; x_wconf 87' lang='lat' dir='ltr'>ll.</span> <span class='ocrx_word' id='word_1_256' title='bbox 1233 3899 1318 3952; x_wconf 85' lang='lat' dir='ltr'>dietus</span> <span class='ocrx_word' id='word_1_257' title='bbox 1329 3897 1382 3950; x_wconf 83' lang='lat' dir='ltr'>l’or·</span> 
     </span>
     <span class='ocr_line' id='line_1_35' title="bbox 262 3965 1381 4041; baseline -0.004 -21"><span class='ocrx_word' id='word_1_258' title='bbox 262 3970 346 4023; x_wconf 82' lang='lat' dir='ltr'>tarius</span> <span class='ocrx_word' id='word_1_259' title='bbox 364 3970 496 4040; x_wconf 83' lang='lat' dir='ltr'>Spirensis</span> <span class='ocrx_word' id='word_1_260' title='bbox 514 3973 600 4041; x_wconf 88' lang='lat' dir='ltr'>vergl.</span> <span class='ocrx_word' id='word_1_261' title='bbox 619 3971 711 4026; x_wconf 72' lang='lat' dir='ltr'>Hellen</span> <span class='ocrx_word' id='word_1_262' title='bbox 729 3971 796 4026; x_wconf 80' lang='lat' dir='ltr'>iiber</span> <span class='ocrx_word' id='word_1_263' title='bbox 812 3970 954 4026; x_wconf 79' lang='lat' dir='ltr'>Friedrich</span> <span class='ocrx_word' id='word_1_264' title='bbox 973 3971 998 4025; x_wconf 94' lang='lat' dir='ltr'>ll</span> <span class='ocrx_word' id='word_1_265' title='bbox 1016 3971 1085 4024; x_wconf 83' lang='lat' dir='ltr'>saite</span> <span class='ocrx_word' id='word_1_266' title='bbox 1102 3973 1167 4036; x_wconf 77' lang='lat'>405,</span> <span class='ocrx_word' id='word_1_267' title='bbox 1185 3967 1311 4022; x_wconf 65' lang='lat' dir='ltr'>wahrend</span> <span class='ocrx_word' id='word_1_268' title='bbox 1329 3965 1381 4019; x_wconf 87' lang='lat' dir='ltr'>0tto</span> 
     </span>
     <span class='ocr_line' id='line_1_36' title="bbox 263 4035 1381 4109; baseline -0.003 -21"><span class='ocrx_word' id='word_1_269' title='bbox 263 4035 312 4090; x_wconf 85' lang='lat' dir='ltr'>des</span> <span class='ocrx_word' id='word_1_270' title='bbox 337 4037 406 4090; x_wconf 87' lang='lat' dir='ltr'>oben</span> <span class='ocrx_word' id='word_1_271' title='bbox 430 4049 579 4106; x_wconf 83' lang='lat' dir='ltr'>genanmeu</span> <span class='ocrx_word' id='word_1_272' title='bbox 603 4039 724 4094; x_wconf 86' lang='lat' dir='ltr'>Cunrads</span> <span class='ocrx_word' id='word_1_273' title='bbox 748 4038 906 4106; x_wconf 83' lang='lat' dir='ltr'>naelrlolger</span> <span class='ocrx_word' id='word_1_274' title='bbox 930 4038 970 4092; x_wconf 89' lang='lat' dir='ltr'>als</span> <span class='ocrx_word' id='word_1_275' title='bbox 994 4038 1087 4109; x_wconf 81' lang='lat' dir='ltr'>probat</span> <span class='ocrx_word' id='word_1_276' title='bbox 1111 4055 1164 4091; x_wconf 85' lang='lat' dir='ltr'>von</span> <span class='ocrx_word' id='word_1_277' title='bbox 1188 4037 1228 4092; x_wconf 87' lang='lat' dir='ltr'>St.</span> <span class='ocrx_word' id='word_1_278' title='bbox 1249 4035 1327 4088; x_wconf 87' lang='lat' dir='ltr'>Wido</span> <span class='ocrx_word' id='word_1_279' title='bbox 1344 4048 1381 4086; x_wconf 88' lang='lat' dir='ltr'>zu·</span> 
     </span>
    </p>
   </div>
   <div class='ocr_carea' id='block_1_9' title="bbox 262 4100 1382 4227">
    <p class='ocr_par' dir='ltr' id='par_1_15' title="bbox 262 4100 1382 4227">
     <span class='ocr_line' id='line_1_37' title="bbox 262 4100 1382 4227; baseline -0.005 -71"><span class='ocrx_word' id='word_1_280' title='bbox 262 4103 350 4171; x_wconf 84' lang='lat' dir='ltr'>gleieh</span> <span class='ocrx_word' id='word_1_281' title='bbox 367 4105 565 4160; x_wconf 84' lang='lat' dir='ltr'>reinhaeanaler</span> <span class='ocrx_word' id='word_1_282' title='bbox 582 4107 698 4161; x_wconf 85' lang='lat' dir='ltr'>Rudolls</span> <span class='ocrx_word' id='word_1_283' title='bbox 716 4125 770 4162; x_wconf 88' lang='lat' dir='ltr'>von</span> <span class='ocrx_word' id='word_1_284' title='bbox 788 4107 930 4227; x_wconf 61' lang='lat' dir='ltr'>Habsburp</span> <span class='ocrx_word' id='word_1_285' title='bbox 947 4122 1019 4173; x_wconf 88' lang='lat' dir='ltr'>war;</span> <span class='ocrx_word' id='word_1_286' title='bbox 1044 4107 1072 4159; x_wconf 93' lang='lat' dir='ltr'>in</span> <span class='ocrx_word' id='word_1_287' title='bbox 1094 4105 1192 4177; x_wconf 87' lang='lat' dir='ltr'>Speier·</span> <span class='ocrx_word' id='word_1_288' title='bbox 1210 4103 1318 4159; x_wconf 84' lang='lat' dir='ltr'>bestand</span> <span class='ocrx_word' id='word_1_289' title='bbox 1335 4100 1382 4152; x_wconf 88' lang='lat' dir='ltr'>also</span> 
     </span>
    </p>
   </div>
   <div class='ocr_carea' id='block_1_10' title="bbox 262 4168 1383 4312">
    <p class='ocr_par' dir='ltr' id='par_1_16' title="bbox 262 4168 1383 4312">
     <span class='ocr_line' id='line_1_38' title="bbox 262 4168 1383 4245; baseline -0.007 -20"><span class='ocrx_word' id='word_1_290' title='bbox 262 4175 499 4239; x_wconf 82' lang='lat' dir='ltr'>gewissermassen</span> <span class='ocrx_word' id='word_1_291' title='bbox 523 4176 584 4228; x_wconf 86' lang='lat' dir='ltr'>eine</span> <span class='ocrx_word' id='word_1_292' title='bbox 608 4173 882 4245; x_wconf 81' lang='lat' dir='ltr'>diplomatenselrule‚</span> <span class='ocrx_word' id='word_1_293' title='bbox 930 4191 993 4228; x_wconf 87' lang='lat' dir='ltr'>eren</span> <span class='ocrx_word' id='word_1_294' title='bbox 1019 4173 1106 4227; x_wconf 70' lang='lat' dir='ltr'>stilles</span> <span class='ocrx_word' id='word_1_295' title='bbox 1128 4173 1199 4228; x_wconf 85' lang='lat' dir='ltr'>ohne</span> <span class='ocrx_word' id='word_1_296' title='bbox 1225 4169 1327 4226; x_wconf 82' lang='lat' dir='ltr'>aweisel</span> <span class='ocrx_word' id='word_1_297' title='bbox 1344 4168 1383 4219; x_wconf 77' lang='lat' dir='ltr'>cler</span> 
     </span>
     <span class='ocr_line' id='line_1_39' title="bbox 264 4241 1120 4312; baseline 0.005 -22"><span class='ocrx_word' id='word_1_298' title='bbox 264 4243 330 4294; x_wconf 73' lang='lat'>1224</span> <span class='ocrx_word' id='word_1_299' title='bbox 348 4241 390 4296; x_wconf 87' lang='lat' dir='ltr'>als</span> <span class='ocrx_word' id='word_1_300' title='bbox 408 4241 608 4298; x_wconf 84' lang='lat' dir='ltr'>reielrseanzler</span> <span class='ocrx_word' id='word_1_301' title='bbox 625 4243 787 4312; x_wconf 85' lang='lat' dir='ltr'>gestorbene</span> <span class='ocrx_word' id='word_1_302' title='bbox 805 4242 914 4297; x_wconf 85' lang='lat' dir='ltr'>bischol&#39;</span> <span class='ocrx_word' id='word_1_303' title='bbox 928 4242 1035 4298; x_wconf 79' lang='lat' dir='ltr'>Guurerl</span> <span class='ocrx_word' id='word_1_304' title='bbox 1055 4257 1120 4295; x_wconf 64' lang='lat' dir='ltr'>urar.</span> 
     </span>
    </p>
   </div>
   <div class='ocr_carea' id='block_1_11' title="bbox 0 0 1446 4834">
    <p class='ocr_par' dir='ltr' id='par_1_17' title="bbox 0 0 1446 4834">
     <span class='ocr_line' id='line_1_40' title="bbox 0 0 1446 4834; baseline 0 2"><span class='ocrx_word' id='word_1_305' title='bbox 0 0 1446 4834; x_wconf 95' lang='lat' dir='ltr'> </span> 
     </span>
    </p>
   </div>
  </div>
 </body>
</html>
