2884 4834
266 197 334 264 rte
633 218 795 267 aorrnrous
816 221 852 266 or
873 221 1041 266 nnsnrvann.

184 371 252 428 ruas
270 362 411 430 fideliter
428 379 447 428 a
465 361 628 448 prinoipro
645 377 753 446 usqua
776 358 818 427 ad
846 359 962 448 duem,
985 367 1017 428 et
1035 357 1113 428 ideo
1135 361 1250 428 merito
1273 377 1343 449 per
1360 379 1415 430 re-

266 479 342 548 gem
360 459 543 550 prediotum
557 461 631 547 ipse
650 466 683 526 et
702 460 753 526 sui
772 467 885 526 essent
909 458 1143 548 promovendi,
1168 463 1196 528 si
1223 460 1414 528 deduotum

267 568 361 629 esset
382 549 415 626 in
435 577 542 648 usum,
558 575 600 626 ex
619 576 660 626 eo
679 556 770 644 quod
788 560 993 646 experientia
1011 559 1124 646 sepius
1143 562 1333 649 reperitur,
1363 564 1415 627 vi-

267 660 388 728 delieet
412 657 503 744 quod
529 659 670 746 promoti
697 675 779 725 suos
804 675 872 725 non
898 665 1012 725 aurant
1035 665 1156 745 postea
1180 667 1415 746 promotores.

266 760 429 828 Dominus
456 776 536 825 vero
559 754 716 824 diturus
744 755 964 824 Romanorum
990 774 1065 846 rex,
1106 757 1240 826 deviato
1270 758 1416 826 domino

266 857 391 927 ridolto
410 855 582 944 sepedicto
601 873 674 924 eum
693 859 780 944 suis,
807 855 931 924 liberos
958 863 992 923 et
1017 856 1192 924 absolutos
1219 857 1356 925 dimisit
1374 877 1415 926 ax

267 961 379 1026 innata
399 956 462 1024 sibi
487 957 580 1042 regia
607 955 782 1024 elementia
808 972 924 1023 omnes
950 957 1121 1044 captivos,
1147 973 1234 1042 quos
1261 959 1301 1024 in
1330 975 1415 1026 con-

268 1057 358 1126 ssiotu
383 1055 533 1143 predicto
565 1056 809 1143 captivaverat,
841 1054 920 1121 lieet
947 1071 1062 1122 omnes
1087 1057 1119 1122 in
1145 1062 1289 1123 mortem
1319 1075 1416 1123 suam

267 1155 445 1224 maobinati
465 1153 623 1240 fuissent3
641 1153 731 1222 unde
750 1153 836 1221 bane
854 1158 968 1241 potest
981 1153 1109 1221 disere:
1127 1171 1193 1221 nou
1204 1155 1345 1222 reddidi
1360 1173 1414 1222 re-

268 1253 481 1322 imbuentibus
492 1251 568 1322 odiri
584 1253 684 1336 matu,
703 1254 853 1340 exceptis
872 1257 980 1319 tamen
998 1254 1115 1341 paucis
1135 1270 1222 1341 quos
1241 1256 1416 1341 aliquam-

269 1355 326 1422 diu
344 1355 413 1420 suis
433 1351 596 1421 custodiis
613 1353 823 1440 manoipavit.

346 1453 386 1520 m
410 1469 452 1519 ne
479 1459 648 1519 moeamus
679 1457 785 1518 ortum
811 1469 873 1519 sue
898 1453 1096 1540 nativitatis,
1124 1451 1240 1519 eadem
1261 1452 1414 1520 breviter

270 1555 465 1619 inseramus.
489 1550 561 1616 Fuit
580 1551 666 1617 enim
683 1548 838 1618 Albertus
863 1568 921 1618 rex
947 1551 1033 1618 blius
1051 1551 1263 1618 invictissimi
1284 1552 1413 1619 domini

269 1648 398 1720 Rudolir
417 1649 596 1718 recolende
614 1650 769 1716 memorie
789 1649 956 1735 quondam
974 1649 1193 1718 Romanorum
1213 1653 1309 1736 regis
1320 1704 1330 1740 ‚
1359 1653 1412 1737 qui

271 1748 475 1838 temporibus
492 1750 562 1816 suis
572 1754 743 1835 assumpta
753 1747 815 1816 sibi
824 1749 935 1816 militia
943 1748 1024 1816 Rani
1035 1766 1197 1834 agressus
1207 1749 1270 1817 iuit
1281 1748 1414 1818 Otana-

271 1869 340 1918 rum
357 1849 623 1937 potentissimum
637 1865 750 1933 regem
762 1847 933 1938 Bobenia
951 1866 1048 1935 quern
1065 1847 1189 1916 devioit
1201 1851 1236 1916 in
1251 1850 1413 1918 ooniiiotu

271 1949 407 2038 publieo
425 1954 459 2014 et
476 1946 606 2035 oceidit,
628 1946 824 2034 triumphum
842 1953 1016 2034 reportans
1034 1948 1229 2037 gloriosum,
1248 1948 1296 2016 de
1318 1951 1411 2016 ouius

272 2067 371 2116 manu
386 2054 419 2116 et
431 2047 579 2135 potentia
596 2047 730 2113 retranit
746 2045 899 2114 dueatum
910 2043 1052 2135 Austris,
1064 2065 1162 2133 quem
1174 2046 1230 2114 diu
1242 2049 1413 2115 violenter

273 2154 307 2218 et
323 2149 445 2216 iniuste
465 2146 653 2214 detinuerat
671 2146 894 2232 possessione
908 2151 1023 2213 eontra
1035 2146 1204 2233 imperium
1214 2145 1412 2234 Romanum,

272 2249 305 2314 in
324 2263 391 2334 quo
409 2245 533 2314 duoatu
556 2243 675 2312 duoem
692 2243 832 2331 prefecit
855 2251 888 2311 et
912 2245 1050 2312 instituit
1068 2244 1166 2312 titium
1185 2263 1283 2313 suum
1305 2246 1411 2314 domi-

273 2363 350 2414 num
367 2343 548 2432 Albanum,
568 2344 623 2430 qui
639 2341 862 2433 postmodum,
876 2349 912 2410 ut
930 2362 1029 2431 supra
1048 2342 1172 2412 diotum
1186 2350 1249 2434 est,
1271 2344 1317 2413 de
1339 2345 1409 2412 dni-

273 2444 337 2512 bus
355 2443 436 2532 iilis,
450 2441 605 2510 videlieet
623 2441 665 2510 de
678 2441 829 2531 Austris,
848 2461 1007 2528 egressus
1026 2461 1100 2510 euru
1118 2445 1266 2511 exercitu
1287 2461 1409 2530 magno

274 2541 411 2631 otianti,
430 2540 551 2610 oceidit
566 2541 732 2610 domiuum
746 2539 901 2609 Adolsum
919 2540 1138 2610 Romanorum
1157 2561 1285 2631 regern,
1306 2545 1341 2610 in
1360 2545 1407 2630 ip-

274 2644 344 2712 sius
363 2644 448 2711 enirn
465 2638 575 2709 Adolir
593 2641 744 2728 potentia
761 2641 899 2728 potiori,
919 2647 953 2707 et
969 2639 1076 2708 faetus
1095 2647 1148 2708 est
1164 2660 1223 2710 ren
1242 2642 1408 2709 arridente

275 2742 337 2810 sibi
356 2741 489 2810 domina
505 2741 665 2828 Fortuna,
692 2745 790 2828 prout
808 2741 959 2826 superius
984 2739 1036 2808 est
1053 2742 1291 2828 conseriptum.

348 2841 528 2927 Postquam
552 2838 704 2906 dominus
730 2837 889 2906 ailbertus
916 2844 1046 2906 oreatus
1074 2838 1135 2906 tuit
1157 2840 1190 2906 in
1218 2857 1337 2926 regem
1355 2857 1408 2926 par

276 2959 372 3008 suum
397 2941 518 3008 iustum
544 2945 577 3006 et
603 2938 785 3024 gloriosum
818 2937 1032 3026 triumphum,
1076 2941 1214 3024 contigit
1242 2938 1407 3025 quoddam

276 3039 341 3106 deo
361 3044 529 3105 annuente
547 3037 646 3106 valde
664 3037 846 3122 gloriosum
864 3042 897 3104 et
920 3036 1106 3125 laudabile,
1132 3038 1254 3124 inquo
1274 3054 1407 3124 compe-

276 3136 421 3204 riebatur
439 3136 493 3203 dei
512 3135 616 3204 fuisse
634 3137 791 3204 voluntas
811 3153 871 3202 sua
886 3135 1017 3224 eleotio,
1031 3135 1120 3203 unde
1134 3135 1214 3204 dieit
1229 3139 1405 3225 seriptum:

228 3298 246 3322 ,
276 3253 371 3322 quem
390 3235 497 3321 dtiipr't
509 3235 658 3304 domiuus
678 3233 817 3318 replebit
832 3236 920 3301 omui
933 3233 1026 3318 bono,
1041 3238 1075 3300 et
1090 3233 1265 3317 fertilitate
1277 3233 1406 3321 srupom

276 3335 505 3420 circumsutpet
524 3337 653 3401 iustum.
671 3331 816 3401 Annona
830 3334 915 3400 enim
933 3351 998 3420 que
1016 3333 1222 3402 vendebatur
1250 3341 1330 3402 ante
1349 3331 1404 3400 ad-

276 3441 411 3504 ventum
438 3452 534 3502 suum
559 3449 619 3521 pro
638 3432 754 3500 daoem
774 3430 910 3520 solidis,
935 3431 1142 3499 vendebatur
1160 3434 1271 3502 subito
1290 3439 1404 3522 postea

276 3552 335 3622 pro
363 3539 505 3622 quatuor
529 3531 647 3600 solidis
675 3538 708 3598 et
731 3548 791 3618 pro
816 3531 941 3598 minori.
975 3530 1102 3599 Eodem
1125 3533 1239 3619 itaque
1265 3539 1403 3619 ternpore

277 3639 368 3700 tanta
386 3632 448 3700 iuit
465 3629 692 3700 habundantia
708 3631 776 3697 vini
785 3681 794 3718 ,
815 3630 905 3717 quod
922 3648 1023 3697 unum
1041 3631 1199 3718 pioariurn
1217 3633 1287 3699 vini
1307 3629 1404 3698 daba-

277 3738 328 3800 tur
344 3749 404 3820 pro
422 3749 490 3799 uno
510 3748 586 3819 ovo,
614 3735 648 3797 et
664 3747 765 3796 unrrm
783 3729 941 3816 pioarium
960 3727 1038 3796 boni
1056 3730 1123 3796 vini
1140 3747 1200 3818 pro
1218 3748 1288 3798 uno
1308 3729 1403 3796 dena-

278 3831 335 3897 rio.
361 3829 457 3897 Unde
475 3828 612 3915 vulgare
631 3829 723 3896 venit
739 3827 967 3915 proverbium:
988 3832 1129 3912 propter
1155 3828 1293 3895 eiectum
1319 3843 1402 3894 strum

278 3929 427 3996 dominus
443 3931 529 3994 omui
544 3928 670 4012 populo
683 3927 827 4011 prouidit
840 3928 874 3993 io
888 3925 980 3993 bono.
1174 3927 1177 3932 '

351 4025 450 4094 Anno
469 4025 593 4094 domini
612 4026 881 4094 moalxxnnviii.
906 4031 984 4112 post
1008 4026 1189 4111 gloriosum
1215 4025 1404 4114 triumphum

279 4121 538 4202 dominiAlberti
557 4124 650 4193 duois
660 4121 807 4214 dustria,
827 4123 1104 4211 quomadmodum
1120 4131 1173 4191 est
1186 4127 1403 4213 presoriptum

280 4225 432 4294 dominus
450 4221 605 4291 albertus
624 4223 691 4291 dux
710 4220 841 4290 Austrie
855 4223 977 4291 nolens
995 4222 1064 4290 iieri
1080 4223 1301 4310 proiudieium
1321 4224 1404 4310 prin-
