<?xml version="1.0" encoding="UTF-8"?>
<!DOCTYPE html PUBLIC "-//W3C//DTD XHTML 1.0 Transitional//EN"
    "http://www.w3.org/TR/xhtml1/DTD/xhtml1-transitional.dtd">
<html xmlns="http://www.w3.org/1999/xhtml" xml:lang="en" lang="en">
 <head>
  <title>
</title>
<meta http-equiv="Content-Type" content="text/html;charset=utf-8" />
  <meta name='ocr-system' content='tesseract 3.04.00' />
  <meta name='ocr-capabilities' content='ocr_page ocr_carea ocr_par ocr_line ocrx_word'/>
</head>
<body>
  <div class='ocr_page' id='page_1' title='image "./fontesrerumgerm00hubegoog_0471.png"; bbox 0 0 2888 4824; ppageno 0'>
   <div class='ocr_carea' id='block_1_1' title="bbox 237 187 1009 262">
    <p class='ocr_par' dir='ltr' id='par_1_1' title="bbox 237 187 1009 262">
     <span class='ocr_line' id='line_1_1' title="bbox 237 187 1009 262; baseline 0.004 -5"><span class='ocrx_word' id='word_1_1' title='bbox 237 187 310 258; x_wconf 78' lang='lat' dir='ltr'><strong>t08</strong></span> <span class='ocrx_word' id='word_1_2' title='bbox 595 215 758 262; x_wconf 84' lang='lat' dir='ltr'><strong>cnuonrcon</strong></span> <span class='ocrx_word' id='word_1_3' title='bbox 780 216 1009 262; x_wconf 74' lang='lat' dir='ltr'><strong>rannonerunse.</strong></span> 
     </span>
    </p>
   </div>
   <div class='ocr_carea' id='block_1_2' title="bbox 159 351 1440 1733">
    <p class='ocr_par' dir='ltr' id='par_1_2' title="bbox 159 351 1440 1532">
     <span class='ocr_line' id='line_1_2' title="bbox 159 351 1439 444; baseline 0 -24"><span class='ocrx_word' id='word_1_4' title='bbox 159 364 225 420; x_wconf 78' lang='lat' dir='ltr'><strong>tart</strong></span> <span class='ocrx_word' id='word_1_5' title='bbox 243 355 367 424; x_wconf 91' lang='lat' dir='ltr'><strong>domini</strong></span> <span class='ocrx_word' id='word_1_6' title='bbox 386 372 474 444; x_wconf 92' lang='lat' dir='ltr'><strong>pape</strong></span> <span class='ocrx_word' id='word_1_7' title='bbox 495 372 555 443; x_wconf 91' lang='lat' dir='ltr'><strong>per</strong></span> <span class='ocrx_word' id='word_1_8' title='bbox 571 352 739 423; x_wconf 83' lang='lat' dir='ltr'>biennium</span> <span class='ocrx_word' id='word_1_9' title='bbox 762 353 824 421; x_wconf 91' lang='lat' dir='ltr'><strong>sibi</strong></span> <span class='ocrx_word' id='word_1_10' title='bbox 837 353 1030 442; x_wconf 91' lang='lat' dir='ltr'><strong>usurpando</strong></span> <span class='ocrx_word' id='word_1_11' title='bbox 1047 354 1249 442; x_wconf 79' lang='lat' dir='ltr'><strong>recepisset,</strong></span> <span class='ocrx_word' id='word_1_12' title='bbox 1265 351 1382 420; x_wconf 90' lang='lat' dir='ltr'><strong>dietus</strong></span> <span class='ocrx_word' id='word_1_13' title='bbox 1438 420 1439 443; x_wconf 52' lang='lat'><strong>,</strong></span> 
     </span>
     <span class='ocr_line' id='line_1_3' title="bbox 238 451 1439 544; baseline -0.004 -21"><span class='ocrx_word' id='word_1_14' title='bbox 238 473 327 544; x_wconf 90' lang='lat' dir='ltr'><strong>papa</strong></span> <span class='ocrx_word' id='word_1_15' title='bbox 342 473 411 522; x_wconf 94' lang='lat' dir='ltr'><strong>non</strong></span> <span class='ocrx_word' id='word_1_16' title='bbox 434 455 485 521; x_wconf 93' lang='lat' dir='ltr'><strong>his</strong></span> <span class='ocrx_word' id='word_1_17' title='bbox 507 459 685 521; x_wconf 89' lang='lat' dir='ltr'><strong>contentus</strong></span> <span class='ocrx_word' id='word_1_18' title='bbox 701 455 857 540; x_wconf 86' lang='lat' dir='ltr'><strong>apposuit</strong></span> <span class='ocrx_word' id='word_1_19' title='bbox 878 453 987 520; x_wconf 91' lang='lat' dir='ltr'><strong>adhuc</strong></span> <span class='ocrx_word' id='word_1_20' title='bbox 1005 455 1114 539; x_wconf 92' lang='lat' dir='ltr'><strong>ipsum</strong></span> <span class='ocrx_word' id='word_1_21' title='bbox 1135 451 1320 520; x_wconf 89' lang='lat' dir='ltr'><strong>sublimare</strong></span> <span class='ocrx_word' id='word_1_22' title='bbox 1343 469 1384 519; x_wconf 87' lang='lat' dir='ltr'><strong>ac</strong></span> <span class='ocrx_word' id='word_1_23' title='bbox 1438 506 1439 537; x_wconf 61' lang='lat'><strong>,</strong></span> 
     </span>
     <span class='ocr_line' id='line_1_4' title="bbox 237 551 1438 640; baseline -0.003 -19"><span class='ocrx_word' id='word_1_24' title='bbox 237 555 386 640; x_wconf 89' lang='lat' dir='ltr'><strong>legatum</strong></span> <span class='ocrx_word' id='word_1_25' title='bbox 407 552 580 620; x_wconf 87' lang='lat' dir='ltr'><strong>Germanic</strong></span> <span class='ocrx_word' id='word_1_26' title='bbox 603 553 813 620; x_wconf 89' lang='lat' dir='ltr'><strong>constituere.</strong></span> <span class='ocrx_word' id='word_1_27' title='bbox 846 551 914 619; x_wconf 89' lang='lat' dir='ltr'><strong>Sed</strong></span> <span class='ocrx_word' id='word_1_28' title='bbox 942 552 1095 619; x_wconf 91' lang='lat' dir='ltr'><strong>terribilis</strong></span> <span class='ocrx_word' id='word_1_29' title='bbox 1119 551 1203 619; x_wconf 89' lang='lat' dir='ltr'><strong>deus</strong></span> <span class='ocrx_word' id='word_1_30' title='bbox 1226 552 1261 617; x_wconf 92' lang='lat' dir='ltr'><strong>in</strong></span> <span class='ocrx_word' id='word_1_31' title='bbox 1287 568 1381 618; x_wconf 90' lang='lat' dir='ltr'><strong>eon·</strong></span> <span class='ocrx_word' id='word_1_32' title='bbox 1437 555 1438 568; x_wconf 60' lang='lat'>¹</span> 
     </span>
     <span class='ocr_line' id='line_1_5' title="bbox 239 650 1438 740; baseline -0.005 -19"><span class='ocrx_word' id='word_1_33' title='bbox 239 653 323 721; x_wconf 90' lang='lat' dir='ltr'><strong>siliis</strong></span> <span class='ocrx_word' id='word_1_34' title='bbox 343 670 442 740; x_wconf 89' lang='lat' dir='ltr'><strong>super</strong></span> <span class='ocrx_word' id='word_1_35' title='bbox 463 651 550 718; x_wconf 91' lang='lat' dir='ltr'><strong>lrlios</strong></span> <span class='ocrx_word' id='word_1_36' title='bbox 567 651 753 740; x_wconf 92' lang='lat' dir='ltr'><strong>hominum,</strong></span> <span class='ocrx_word' id='word_1_37' title='bbox 771 651 864 718; x_wconf 91' lang='lat' dir='ltr'><strong>cuius</strong></span> <span class='ocrx_word' id='word_1_38' title='bbox 878 651 999 718; x_wconf 92' lang='lat' dir='ltr'><strong>iudicia</strong></span> <span class='ocrx_word' id='word_1_39' title='bbox 1018 650 1163 738; x_wconf 83' lang='lat' dir='ltr'>abyssus</span> <span class='ocrx_word' id='word_1_40' title='bbox 1184 651 1301 739; x_wconf 90' lang='lat' dir='ltr'><strong>multa,</strong></span> <span class='ocrx_word' id='word_1_41' title='bbox 1323 650 1381 735; x_wconf 86' lang='lat' dir='ltr'><strong>qui</strong></span> <span class='ocrx_word' id='word_1_42' title='bbox 1437 683 1438 698; x_wconf 51' lang='lat'><strong>,</strong></span> 
     </span>
     <span class='ocr_line' id='line_1_6' title="bbox 238 750 1380 838; baseline -0.004 -18"><span class='ocrx_word' id='word_1_43' title='bbox 238 751 394 820; x_wconf 89' lang='lat' dir='ltr'><strong>humilem</strong></span> <span class='ocrx_word' id='word_1_44' title='bbox 414 751 551 838; x_wconf 76' lang='lat' dir='ltr'><strong>respicit</strong></span> <span class='ocrx_word' id='word_1_45' title='bbox 574 755 607 817; x_wconf 93' lang='lat' dir='ltr'><strong>et</strong></span> <span class='ocrx_word' id='word_1_46' title='bbox 628 750 695 817; x_wconf 90' lang='lat' dir='ltr'><strong>alta</strong></span> <span class='ocrx_word' id='word_1_47' title='bbox 723 751 857 835; x_wconf 78' lang='lat' dir='ltr'><strong>alonge</strong></span> <span class='ocrx_word' id='word_1_48' title='bbox 880 751 1071 837; x_wconf 77' lang='lat' dir='ltr'><strong>cognoscit,</strong></span> <span class='ocrx_word' id='word_1_49' title='bbox 1095 750 1194 818; x_wconf 89' lang='lat' dir='ltr'><strong>huius</strong></span> <span class='ocrx_word' id='word_1_50' title='bbox 1212 750 1380 816; x_wconf 92' lang='lat' dir='ltr'><strong>immense</strong></span> 
     </span>
     <span class='ocr_line' id='line_1_7' title="bbox 239 847 1440 937; baseline -0.005 -18"><span class='ocrx_word' id='word_1_51' title='bbox 239 849 410 937; x_wconf 82' lang='lat' dir='ltr'><strong>dignitatis</strong></span> <span class='ocrx_word' id='word_1_52' title='bbox 433 849 573 936; x_wconf 92' lang='lat' dir='ltr'><strong>gloriam</strong></span> <span class='ocrx_word' id='word_1_53' title='bbox 591 848 765 916; x_wconf 89' lang='lat' dir='ltr'><strong>intercidit.</strong></span> <span class='ocrx_word' id='word_1_54' title='bbox 790 849 873 915; x_wconf 93' lang='lat' dir='ltr'><strong>Nam</strong></span> <span class='ocrx_word' id='word_1_55' title='bbox 893 867 966 916; x_wconf 93' lang='lat' dir='ltr'><strong>cum</strong></span> <span class='ocrx_word' id='word_1_56' title='bbox 989 855 1083 916; x_wconf 90' lang='lat' dir='ltr'><strong>esset</strong></span> <span class='ocrx_word' id='word_1_57' title='bbox 1103 851 1136 916; x_wconf 90' lang='lat' dir='ltr'><strong>in</strong></span> <span class='ocrx_word' id='word_1_58' title='bbox 1161 847 1382 936; x_wconf 83' lang='lat' dir='ltr'><strong>expeditione</strong></span> <span class='ocrx_word' id='word_1_59' title='bbox 1437 863 1440 934; x_wconf 73' lang='lat' dir='ltr'><strong>l</strong></span> 
     </span>
     <span class='ocr_line' id='line_1_8' title="bbox 239 937 1440 1037; baseline -0.003 -21"><span class='ocrx_word' id='word_1_60' title='bbox 239 967 313 1017; x_wconf 93' lang='lat' dir='ltr'><strong>cum</strong></span> <span class='ocrx_word' id='word_1_61' title='bbox 333 966 415 1035; x_wconf 92' lang='lat' dir='ltr'><strong>rege</strong></span> <span class='ocrx_word' id='word_1_62' title='bbox 436 954 511 1016; x_wconf 90' lang='lat' dir='ltr'><strong>ante</strong></span> <span class='ocrx_word' id='word_1_63' title='bbox 535 937 658 1015; x_wconf 86' lang='lat' dir='ltr'><strong>curtem</strong></span> <span class='ocrx_word' id='word_1_64' title='bbox 680 949 805 1033; x_wconf 92' lang='lat' dir='ltr'><strong>regiam</strong></span> <span class='ocrx_word' id='word_1_65' title='bbox 821 947 1029 1033; x_wconf 92' lang='lat' dir='ltr'><strong>lngelnheim</strong></span> <span class='ocrx_word' id='word_1_66' title='bbox 1053 947 1193 1037; x_wconf 92' lang='lat' dir='ltr'><strong>dictam,</strong></span> <span class='ocrx_word' id='word_1_67' title='bbox 1219 949 1313 1034; x_wconf 91' lang='lat' dir='ltr'><strong>cepit</strong></span> <span class='ocrx_word' id='word_1_68' title='bbox 1327 948 1382 1012; x_wconf 87' lang='lat' dir='ltr'><strong>in·</strong></span> <span class='ocrx_word' id='word_1_69' title='bbox 1437 943 1440 1012; x_wconf 88' lang='lat' dir='ltr'><strong>l</strong></span> 
     </span>
     <span class='ocr_line' id='line_1_9' title="bbox 239 1041 1440 1137; baseline -0.004 -22"><span class='ocrx_word' id='word_1_70' title='bbox 239 1048 378 1137; x_wconf 87' lang='lat' dir='ltr'><strong>firmari,</strong></span> <span class='ocrx_word' id='word_1_71' title='bbox 410 1049 567 1134; x_wconf 85' lang='lat' dir='ltr'><strong>venitque</strong></span> <span class='ocrx_word' id='word_1_72' title='bbox 591 1047 782 1135; x_wconf 90' lang='lat' dir='ltr'><strong>Pinguiam,</strong></span> <span class='ocrx_word' id='word_1_73' title='bbox 806 1047 863 1112; x_wconf 91' lang='lat' dir='ltr'><strong>ubi</strong></span> <span class='ocrx_word' id='word_1_74' title='bbox 886 1048 940 1114; x_wconf 81' lang='lat' dir='ltr'><strong>vil.</strong></span> <span class='ocrx_word' id='word_1_75' title='bbox 970 1046 1044 1114; x_wconf 90' lang='lat' dir='ltr'><strong>idus</strong></span> <span class='ocrx_word' id='word_1_76' title='bbox 1074 1047 1182 1113; x_wconf 92' lang='lat' dir='ltr'><strong>martii</strong></span> <span class='ocrx_word' id='word_1_77' title='bbox 1210 1041 1323 1134; x_wconf 79' lang='lat' dir='ltr'><strong>[maru</strong></span> <span class='ocrx_word' id='word_1_78' title='bbox 1339 1041 1379 1135; x_wconf 87' lang='lat'><strong>9]</strong></span> <span class='ocrx_word' id='word_1_79' title='bbox 1437 1065 1440 1110; x_wconf 89' lang='lat' dir='ltr'><strong>l</strong></span> 
     </span>
     <span class='ocr_line' id='line_1_10' title="bbox 240 1143 1440 1233; baseline -0.007 -17"><span class='ocrx_word' id='word_1_80' title='bbox 240 1146 324 1216; x_wconf 93' lang='lat' dir='ltr'><strong>diem</strong></span> <span class='ocrx_word' id='word_1_81' title='bbox 342 1147 461 1214; x_wconf 87' lang='lat' dir='ltr'><strong>clausit</strong></span> <span class='ocrx_word' id='word_1_82' title='bbox 481 1153 668 1213; x_wconf 86' lang='lat' dir='ltr'><strong>extremum.</strong></span> <span class='ocrx_word' id='word_1_83' title='bbox 691 1145 749 1213; x_wconf 89' lang='lat' dir='ltr'><strong>Cui</strong></span> <span class='ocrx_word' id='word_1_84' title='bbox 765 1145 935 1214; x_wconf 88' lang='lat' dir='ltr'><strong>Cristanus</strong></span> <span class='ocrx_word' id='word_1_85' title='bbox 957 1148 1059 1214; x_wconf 91' lang='lat' dir='ltr'><strong>maior</strong></span> <span class='ocrx_word' id='word_1_86' title='bbox 1075 1145 1271 1233; x_wconf 84' lang='lat' dir='ltr'><strong>prepositus</strong></span> <span class='ocrx_word' id='word_1_87' title='bbox 1294 1143 1381 1212; x_wconf 88' lang='lat' dir='ltr'><strong>Mo·</strong></span> <span class='ocrx_word' id='word_1_88' title='bbox 1437 1159 1440 1208; x_wconf 81' lang='lat' dir='ltr'><strong>l</strong></span> 
     </span>
     <span class='ocr_line' id='line_1_11' title="bbox 239 1243 1440 1332; baseline -0.002 -20"><span class='ocrx_word' id='word_1_89' title='bbox 239 1246 399 1332; x_wconf 90' lang='lat' dir='ltr'><strong>guntinus</strong></span> <span class='ocrx_word' id='word_1_90' title='bbox 417 1247 591 1314; x_wconf 91' lang='lat' dir='ltr'><strong>successit.</strong></span> <span class='ocrx_word' id='word_1_91' title='bbox 617 1243 690 1311; x_wconf 93' lang='lat' dir='ltr'><strong>Hoc</strong></span> <span class='ocrx_word' id='word_1_92' title='bbox 708 1247 812 1321; x_wconf 90' lang='lat' dir='ltr'><strong>eciam</strong></span> <span class='ocrx_word' id='word_1_93' title='bbox 835 1263 923 1312; x_wconf 95' lang='lat' dir='ltr'><strong>anno</strong></span> <span class='ocrx_word' id='word_1_94' title='bbox 943 1245 977 1310; x_wconf 95' lang='lat' dir='ltr'><strong>in</strong></span> <span class='ocrx_word' id='word_1_95' title='bbox 998 1244 1050 1312; x_wconf 92' lang='lat' dir='ltr'><strong>die</strong></span> <span class='ocrx_word' id='word_1_96' title='bbox 1069 1245 1255 1312; x_wconf 90' lang='lat' dir='ltr'><strong>Palmarum</strong></span> <span class='ocrx_word' id='word_1_97' title='bbox 1274 1243 1383 1328; x_wconf 77' lang='lat' dir='ltr'><strong>[mara</strong></span> <span class='ocrx_word' id='word_1_98' title='bbox 1439 1263 1440 1310; x_wconf 79' lang='lat' dir='ltr'><strong>r</strong></span> 
     </span>
     <span class='ocr_line' id='line_1_12' title="bbox 241 1341 1440 1436; baseline -0.007 -22"><span class='ocrx_word' id='word_1_99' title='bbox 241 1341 306 1436; x_wconf 85' lang='lat'><strong>28]</strong></span> <span class='ocrx_word' id='word_1_100' title='bbox 328 1343 518 1432; x_wconf 89' lang='lat' dir='ltr'><strong>supradicta</strong></span> <span class='ocrx_word' id='word_1_101' title='bbox 534 1344 658 1430; x_wconf 92' lang='lat' dir='ltr'><strong>regalis</strong></span> <span class='ocrx_word' id='word_1_102' title='bbox 680 1345 770 1411; x_wconf 92' lang='lat' dir='ltr'><strong>curia</strong></span> <span class='ocrx_word' id='word_1_103' title='bbox 796 1362 816 1411; x_wconf 89' lang='lat' dir='ltr'><strong>a</strong></span> <span class='ocrx_word' id='word_1_104' title='bbox 840 1361 919 1430; x_wconf 90' lang='lat' dir='ltr'><strong>rege</strong></span> <span class='ocrx_word' id='word_1_105' title='bbox 947 1343 1124 1412; x_wconf 89' lang='lat' dir='ltr'><strong>Wilhelmo</strong></span> <span class='ocrx_word' id='word_1_106' title='bbox 1148 1342 1289 1411; x_wconf 90' lang='lat' dir='ltr'><strong>viriliter</strong></span> <span class='ocrx_word' id='word_1_107' title='bbox 1316 1360 1383 1410; x_wconf 87' lang='lat' dir='ltr'><strong>ex·</strong></span> <span class='ocrx_word' id='word_1_108' title='bbox 1439 1363 1440 1406; x_wconf 38' lang='grc' dir='ltr'><strong>Τ</strong></span> 
     </span>
     <span class='ocr_line' id='line_1_13' title="bbox 238 1449 469 1532; baseline 0.004 -21"><span class='ocrx_word' id='word_1_109' title='bbox 238 1450 389 1532; x_wconf 91' lang='lat' dir='ltr'><strong>pugnata</strong></span> <span class='ocrx_word' id='word_1_110' title='bbox 407 1449 469 1512; x_wconf 85' lang='lat' dir='ltr'><strong>est.</strong></span> 
     </span>
    </p>

    <p class='ocr_par' dir='ltr' id='par_1_3' title="bbox 239 1539 1440 1733">
     <span class='ocr_line' id='line_1_14' title="bbox 314 1539 1436 1651; baseline -0.001 -43"><span class='ocrx_word' id='word_1_111' title='bbox 314 1540 388 1610; x_wconf 91' lang='lat' dir='ltr'><strong>Hoc</strong></span> <span class='ocrx_word' id='word_1_112' title='bbox 408 1543 513 1610; x_wconf 90' lang='lat' dir='ltr'><strong>ceiam</strong></span> <span class='ocrx_word' id='word_1_113' title='bbox 536 1559 624 1609; x_wconf 92' lang='lat' dir='ltr'><strong>anno</strong></span> <span class='ocrx_word' id='word_1_114' title='bbox 648 1542 734 1610; x_wconf 91' lang='lat' dir='ltr'><strong>circa</strong></span> <span class='ocrx_word' id='word_1_115' title='bbox 749 1545 861 1630; x_wconf 90' lang='lat' dir='ltr'><strong>partes</strong></span> <span class='ocrx_word' id='word_1_116' title='bbox 878 1539 1070 1627; x_wconf 88' lang='lat' dir='ltr'><strong>Burgundie</strong></span> <span class='ocrx_word' id='word_1_117' title='bbox 1093 1541 1127 1606; x_wconf 92' lang='lat' dir='ltr'><strong>in</strong></span> <span class='ocrx_word' id='word_1_118' title='bbox 1146 1541 1294 1608; x_wconf 83' lang='lat' dir='ltr'><strong>&#39;comitia</strong></span> <span class='ocrx_word' id='word_1_119' title='bbox 1313 1539 1382 1608; x_wconf 90' lang='lat' dir='ltr'><strong>Sa·</strong></span> <span class='ocrx_word' id='word_1_120' title='bbox 1430 1552 1436 1651; x_wconf 68' lang='grc' dir='ltr'>Ι</span> 
     </span>
     <span class='ocr_line' id='line_1_15' title="bbox 239 1639 1440 1733; baseline -0.007 -25"><span class='ocrx_word' id='word_1_121' title='bbox 239 1656 331 1727; x_wconf 88' lang='lat' dir='ltr'><strong>vcya</strong></span> <span class='ocrx_word' id='word_1_122' title='bbox 360 1639 491 1728; x_wconf 91' lang='lat' dir='ltr'><strong>quidam</strong></span> <span class='ocrx_word' id='word_1_123' title='bbox 516 1657 612 1708; x_wconf 92' lang='lat' dir='ltr'><strong>mons</strong></span> <span class='ocrx_word' id='word_1_124' title='bbox 638 1640 813 1729; x_wconf 87' lang='lat' dir='ltr'><strong>lapidosus</strong></span> <span class='ocrx_word' id='word_1_125' title='bbox 848 1646 881 1708; x_wconf 92' lang='lat' dir='ltr'><strong>et</strong></span> <span class='ocrx_word' id='word_1_126' title='bbox 906 1640 992 1708; x_wconf 88' lang='lat' dir='ltr'><strong>altus</strong></span> <span class='ocrx_word' id='word_1_127' title='bbox 1023 1640 1224 1733; x_wconf 91' lang='lat' dir='ltr'><strong>scopulatim</strong></span> <span class='ocrx_word' id='word_1_128' title='bbox 1249 1641 1384 1706; x_wconf 89' lang='lat' dir='ltr'><strong>scissus</strong></span> <span class='ocrx_word' id='word_1_129' title='bbox 1439 1661 1440 1700; x_wconf 77' lang='lat' dir='ltr'><strong>r</strong></span> 
     </span>
    </p>
   </div>
   <div class='ocr_carea' id='block_1_3' title="bbox 241 1737 1384 2226">
    <p class='ocr_par' dir='ltr' id='par_1_4' title="bbox 241 1737 1384 2226">
     <span class='ocr_line' id='line_1_16' title="bbox 241 1737 1383 1830; baseline 0 -24"><span class='ocrx_word' id='word_1_130' title='bbox 241 1745 316 1830; x_wconf 92' lang='lat' dir='ltr'><strong>est,</strong></span> <span class='ocrx_word' id='word_1_131' title='bbox 344 1745 377 1806; x_wconf 92' lang='lat' dir='ltr'><strong>ct</strong></span> <span class='ocrx_word' id='word_1_132' title='bbox 397 1756 554 1807; x_wconf 90' lang='lat' dir='ltr'><strong>corruens</strong></span> <span class='ocrx_word' id='word_1_133' title='bbox 570 1740 668 1806; x_wconf 93' lang='lat' dir='ltr'><strong>unius</strong></span> <span class='ocrx_word' id='word_1_134' title='bbox 684 1740 753 1807; x_wconf 87' lang='lat' dir='ltr'><strong>sere</strong></span> <span class='ocrx_word' id='word_1_135' title='bbox 767 1741 863 1806; x_wconf 89' lang='lat' dir='ltr'><strong>leuce</strong></span> <span class='ocrx_word' id='word_1_136' title='bbox 878 1741 1018 1827; x_wconf 90' lang='lat' dir='ltr'><strong>spatium</strong></span> <span class='ocrx_word' id='word_1_137' title='bbox 1043 1740 1238 1826; x_wconf 91' lang='lat' dir='ltr'><strong>occupavit,</strong></span> <span class='ocrx_word' id='word_1_138' title='bbox 1255 1755 1298 1806; x_wconf 90' lang='lat' dir='ltr'><strong>ao</strong></span> <span class='ocrx_word' id='word_1_139' title='bbox 1315 1737 1383 1806; x_wconf 93' lang='lat' dir='ltr'><strong>duc</strong></span> 
     </span>
     <span class='ocr_line' id='line_1_17' title="bbox 241 1837 1384 1924; baseline -0.003 -18"><span class='ocrx_word' id='word_1_140' title='bbox 241 1838 389 1908; x_wconf 83' lang='lat' dir='ltr'><strong>cenobia</strong></span> <span class='ocrx_word' id='word_1_141' title='bbox 402 1840 569 1924; x_wconf 91' lang='lat' dir='ltr'><strong>nigrorum</strong></span> <span class='ocrx_word' id='word_1_142' title='bbox 586 1837 743 1906; x_wconf 90' lang='lat' dir='ltr'><strong>videlicet</strong></span> <span class='ocrx_word' id='word_1_143' title='bbox 766 1838 1002 1906; x_wconf 88' lang='lat' dir='ltr'><strong>monachorum</strong></span> <span class='ocrx_word' id='word_1_144' title='bbox 1030 1855 1069 1904; x_wconf 89' lang='lat' dir='ltr'><strong>ac</strong></span> <span class='ocrx_word' id='word_1_145' title='bbox 1088 1837 1384 1905; x_wconf 89' lang='lat' dir='ltr'><strong>Promonstraten-</strong></span> 
     </span>
     <span class='ocr_line' id='line_1_18' title="bbox 242 1935 1382 2026; baseline -0.002 -22"><span class='ocrx_word' id='word_1_146' title='bbox 242 1937 327 2005; x_wconf 91' lang='lat' dir='ltr'><strong>sium</strong></span> <span class='ocrx_word' id='word_1_147' title='bbox 354 1955 428 2005; x_wconf 91' lang='lat' dir='ltr'><strong>cum</strong></span> <span class='ocrx_word' id='word_1_148' title='bbox 453 1936 568 2005; x_wconf 90' lang='lat' dir='ltr'><strong>decem</strong></span> <span class='ocrx_word' id='word_1_149' title='bbox 595 1937 681 2005; x_wconf 91' lang='lat' dir='ltr'><strong>villis</strong></span> <span class='ocrx_word' id='word_1_150' title='bbox 698 1938 884 2026; x_wconf 79' lang='lat' dir='ltr'><strong>oppressit,</strong></span> <span class='ocrx_word' id='word_1_151' title='bbox 914 1938 1037 2005; x_wconf 91' lang='lat' dir='ltr'><strong>occisis</strong></span> <span class='ocrx_word' id='word_1_152' title='bbox 1061 1941 1096 2002; x_wconf 90' lang='lat' dir='ltr'><strong>ut</strong></span> <span class='ocrx_word' id='word_1_153' title='bbox 1117 1935 1238 2004; x_wconf 91' lang='lat' dir='ltr'><strong>dicitur</strong></span> <span class='ocrx_word' id='word_1_154' title='bbox 1256 1935 1382 2003; x_wconf 92' lang='lat' dir='ltr'><strong>ibidem</strong></span> 
     </span>
     <span class='ocr_line' id='line_1_19' title="bbox 241 2034 1384 2124; baseline -0.003 -21"><span class='ocrx_word' id='word_1_155' title='bbox 241 2035 311 2104; x_wconf 89' lang='lat' dir='ltr'><strong>lere</strong></span> <span class='ocrx_word' id='word_1_156' title='bbox 337 2037 425 2104; x_wconf 92' lang='lat' dir='ltr'><strong>mille</strong></span> <span class='ocrx_word' id='word_1_157' title='bbox 451 2036 637 2122; x_wconf 70' lang='lat' dir='ltr'><strong>hominum,</strong></span> <span class='ocrx_word' id='word_1_158' title='bbox 671 2038 812 2124; x_wconf 88' lang='lat' dir='ltr'><strong>ipseque</strong></span> <span class='ocrx_word' id='word_1_159' title='bbox 840 2038 943 2103; x_wconf 89' lang='lat' dir='ltr'><strong>eciam</strong></span> <span class='ocrx_word' id='word_1_160' title='bbox 972 2034 1122 2104; x_wconf 90' lang='lat' dir='ltr'><strong>eiusdem</strong></span> <span class='ocrx_word' id='word_1_161' title='bbox 1148 2040 1237 2102; x_wconf 88' lang='lat' dir='ltr'><strong>terre</strong></span> <span class='ocrx_word' id='word_1_162' title='bbox 1268 2053 1384 2102; x_wconf 90' lang='lat' dir='ltr'><strong>comes</strong></span> 
     </span>
     <span class='ocr_line' id='line_1_20' title="bbox 241 2134 1384 2226; baseline -0.004 -23"><span class='ocrx_word' id='word_1_163' title='bbox 241 2134 363 2203; x_wconf 88' lang='lat' dir='ltr'><strong>dictam</strong></span> <span class='ocrx_word' id='word_1_164' title='bbox 380 2136 507 2202; x_wconf 93' lang='lat' dir='ltr'><strong>ruinam</strong></span> <span class='ocrx_word' id='word_1_165' title='bbox 521 2137 578 2203; x_wconf 88' lang='lat' dir='ltr'><strong>vix</strong></span> <span class='ocrx_word' id='word_1_166' title='bbox 596 2135 773 2226; x_wconf 90' lang='lat' dir='ltr'><strong>ellugiens,</strong></span> <span class='ocrx_word' id='word_1_167' title='bbox 792 2136 911 2203; x_wconf 90' lang='lat' dir='ltr'><strong>milites</strong></span> <span class='ocrx_word' id='word_1_168' title='bbox 931 2141 963 2202; x_wconf 92' lang='lat' dir='ltr'><strong>et</strong></span> <span class='ocrx_word' id='word_1_169' title='bbox 982 2145 1100 2202; x_wconf 86' lang='lat' dir='ltr'><strong>servos</strong></span> <span class='ocrx_word' id='word_1_170' title='bbox 1119 2134 1244 2202; x_wconf 89' lang='lat' dir='ltr'><strong>ibidem</strong></span> <span class='ocrx_word' id='word_1_171' title='bbox 1263 2135 1384 2201; x_wconf 90' lang='lat' dir='ltr'><strong>amisit.</strong></span> 
     </span>
    </p>
   </div>
   <div class='ocr_carea' id='block_1_4' title="bbox 241 2232 1440 2421">
    <p class='ocr_par' dir='ltr' id='par_1_5' title="bbox 241 2232 1440 2421">
     <span class='ocr_line' id='line_1_21' title="bbox 316 2232 1440 2324; baseline 0.002 -24"><span class='ocrx_word' id='word_1_172' title='bbox 316 2232 389 2301; x_wconf 91' lang='lat' dir='ltr'><strong>Hoc</strong></span> <span class='ocrx_word' id='word_1_173' title='bbox 404 2236 508 2300; x_wconf 90' lang='lat' dir='ltr'><strong>eciam</strong></span> <span class='ocrx_word' id='word_1_174' title='bbox 528 2252 615 2301; x_wconf 92' lang='lat' dir='ltr'><strong>anno</strong></span> <span class='ocrx_word' id='word_1_175' title='bbox 634 2252 707 2300; x_wconf 95' lang='lat' dir='ltr'><strong>cum</strong></span> <span class='ocrx_word' id='word_1_176' title='bbox 725 2235 774 2324; x_wconf 88' lang='lat' dir='ltr'><strong>hi,</strong></span> <span class='ocrx_word' id='word_1_177' title='bbox 803 2235 858 2320; x_wconf 88' lang='lat' dir='ltr'><strong>qui</strong></span> <span class='ocrx_word' id='word_1_178' title='bbox 880 2233 921 2301; x_wconf 94' lang='lat' dir='ltr'><strong>de</strong></span> <span class='ocrx_word' id='word_1_179' title='bbox 940 2240 1033 2321; x_wconf 92' lang='lat' dir='ltr'><strong>parte</strong></span> <span class='ocrx_word' id='word_1_180' title='bbox 1051 2233 1257 2301; x_wconf 91' lang='lat' dir='ltr'><strong>marchionis</strong></span> <span class='ocrx_word' id='word_1_181' title='bbox 1277 2238 1383 2320; x_wconf 92' lang='lat' dir='ltr'><strong>erant,</strong></span> <span class='ocrx_word' id='word_1_182' title='bbox 1439 2257 1440 2302; x_wconf 77' lang='lat' dir='ltr'><strong>r</strong></span> 
     </span>
     <span class='ocr_line' id='line_1_22' title="bbox 241 2332 1440 2421; baseline -0.001 -23"><span class='ocrx_word' id='word_1_183' title='bbox 241 2338 319 2398; x_wconf 91' lang='lat' dir='ltr'><strong>ante</strong></span> <span class='ocrx_word' id='word_1_184' title='bbox 337 2332 551 2420; x_wconf 88' lang='lat' dir='ltr'><strong>Erphordiam</strong></span> <span class='ocrx_word' id='word_1_185' title='bbox 571 2333 624 2398; x_wconf 92' lang='lat' dir='ltr'><strong>vii.</strong></span> <span class='ocrx_word' id='word_1_186' title='bbox 642 2333 717 2401; x_wconf 93' lang='lat' dir='ltr'><strong>idus</strong></span> <span class='ocrx_word' id='word_1_187' title='bbox 744 2333 941 2420; x_wconf 91' lang='lat' dir='ltr'><strong>septembris</strong></span> <span class='ocrx_word' id='word_1_188' title='bbox 965 2335 1157 2421; x_wconf 86' lang='lat' dir='ltr'><strong>venissent,</strong></span> <span class='ocrx_word' id='word_1_189' title='bbox 1184 2334 1280 2399; x_wconf 91' lang='lat' dir='ltr'><strong>cives</strong></span> <span class='ocrx_word' id='word_1_190' title='bbox 1306 2333 1381 2418; x_wconf 84' lang='lat' dir='ltr'><strong>qui·</strong></span> <span class='ocrx_word' id='word_1_191' title='bbox 1439 2363 1440 2390; x_wconf 65' lang='lat' dir='ltr'><strong>r</strong></span> 
     </span>
    </p>
   </div>
   <div class='ocr_carea' id='block_1_5' title="bbox 240 2429 1440 3013">
    <p class='ocr_par' dir='ltr' id='par_1_6' title="bbox 240 2429 1440 2798">
     <span class='ocr_line' id='line_1_23' title="bbox 242 2429 1381 2521; baseline -0.002 -23"><span class='ocrx_word' id='word_1_192' title='bbox 242 2429 315 2498; x_wconf 89' lang='lat' dir='ltr'><strong>darn</strong></span> <span class='ocrx_word' id='word_1_193' title='bbox 336 2429 377 2498; x_wconf 91' lang='lat' dir='ltr'><strong>de</strong></span> <span class='ocrx_word' id='word_1_194' title='bbox 395 2432 648 2518; x_wconf 86' lang='lat' dir='ltr'><strong>pauperioribus</strong></span> <span class='ocrx_word' id='word_1_195' title='bbox 673 2438 707 2499; x_wconf 93' lang='lat' dir='ltr'><strong>et</strong></span> <span class='ocrx_word' id='word_1_196' title='bbox 728 2435 870 2500; x_wconf 90' lang='lat' dir='ltr'><strong>inermes</strong></span> <span class='ocrx_word' id='word_1_197' title='bbox 890 2433 1039 2521; x_wconf 89' lang='lat' dir='ltr'><strong>egressi,</strong></span> <span class='ocrx_word' id='word_1_198' title='bbox 1067 2431 1142 2498; x_wconf 93' lang='lat' dir='ltr'><strong>dum</strong></span> <span class='ocrx_word' id='word_1_199' title='bbox 1170 2431 1277 2498; x_wconf 87' lang='lat' dir='ltr'><strong>veluti</strong></span> <span class='ocrx_word' id='word_1_200' title='bbox 1303 2431 1381 2498; x_wconf 90' lang='lat' dir='ltr'><strong>artis</strong></span> 
     </span>
     <span class='ocr_line' id='line_1_24' title="bbox 241 2527 1440 2619; baseline 0 -21"><span class='ocrx_word' id='word_1_201' title='bbox 241 2527 388 2598; x_wconf 92' lang='lat' dir='ltr'><strong>bellandi</strong></span> <span class='ocrx_word' id='word_1_202' title='bbox 405 2532 512 2616; x_wconf 93' lang='lat' dir='ltr'><strong>ignari</strong></span> <span class='ocrx_word' id='word_1_203' title='bbox 527 2530 645 2598; x_wconf 90' lang='lat' dir='ltr'><strong>hostes</strong></span> <span class='ocrx_word' id='word_1_204' title='bbox 663 2531 849 2619; x_wconf 88' lang='lat' dir='ltr'><strong>propellere</strong></span> <span class='ocrx_word' id='word_1_205' title='bbox 868 2533 1063 2619; x_wconf 90' lang='lat' dir='ltr'><strong>niterentur,</strong></span> <span class='ocrx_word' id='word_1_206' title='bbox 1092 2529 1382 2617; x_wconf 82' lang='lat' dir='ltr'><strong>qnadragintasex</strong></span> <span class='ocrx_word' id='word_1_207' title='bbox 1439 2557 1440 2598; x_wconf 78' lang='lat' dir='ltr'><strong>r</strong></span> 
     </span>
     <span class='ocr_line' id='line_1_25' title="bbox 242 2629 1440 2721; baseline 0.001 -26"><span class='ocrx_word' id='word_1_208' title='bbox 242 2645 285 2696; x_wconf 87' lang='lat' dir='ltr'><strong>ex</strong></span> <span class='ocrx_word' id='word_1_209' title='bbox 303 2629 352 2696; x_wconf 92' lang='lat' dir='ltr'><strong>eis</strong></span> <span class='ocrx_word' id='word_1_210' title='bbox 378 2631 499 2718; x_wconf 89' lang='lat' dir='ltr'><strong>captivi</strong></span> <span class='ocrx_word' id='word_1_211' title='bbox 525 2629 660 2707; x_wconf 90' lang='lat' dir='ltr'><strong>abducti</strong></span> <span class='ocrx_word' id='word_1_212' title='bbox 678 2637 771 2721; x_wconf 93' lang='lat' dir='ltr'><strong>sunt,</strong></span> <span class='ocrx_word' id='word_1_213' title='bbox 796 2629 929 2716; x_wconf 89' lang='lat' dir='ltr'><strong>quidam</strong></span> <span class='ocrx_word' id='word_1_214' title='bbox 948 2631 1069 2718; x_wconf 90' lang='lat' dir='ltr'><strong>occisi,</strong></span> <span class='ocrx_word' id='word_1_215' title='bbox 1096 2637 1164 2696; x_wconf 91' lang='lat' dir='ltr'><strong>non</strong></span> <span class='ocrx_word' id='word_1_216' title='bbox 1181 2631 1284 2717; x_wconf 92' lang='lat' dir='ltr'><strong>pauci</strong></span> <span class='ocrx_word' id='word_1_217' title='bbox 1304 2629 1381 2695; x_wconf 89' lang='lat' dir='ltr'><strong>vul·</strong></span> <span class='ocrx_word' id='word_1_218' title='bbox 1439 2653 1440 2696; x_wconf 58' lang='lat' dir='ltr'><strong>fl</strong></span> 
     </span>
     <span class='ocr_line' id='line_1_26' title="bbox 240 2727 1440 2798; baseline 0.002 -2"><span class='ocrx_word' id='word_1_219' title='bbox 240 2727 356 2796; x_wconf 86' lang='lat' dir='ltr'><strong>norati.</strong></span> <span class='ocrx_word' id='word_1_220' title='bbox 1439 2789 1440 2798; x_wconf 73' lang='grc'>,</span> 
     </span>
    </p>

    <p class='ocr_par' dir='ltr' id='par_1_7' title="bbox 241 2823 1440 3013">
     <span class='ocr_line' id='line_1_27' title="bbox 315 2823 1440 2914; baseline 0.003 -21"><span class='ocrx_word' id='word_1_221' title='bbox 315 2823 389 2894; x_wconf 91' lang='lat' dir='ltr'><strong>Hoo</strong></span> <span class='ocrx_word' id='word_1_222' title='bbox 408 2829 510 2894; x_wconf 90' lang='lat' dir='ltr'><strong>eciam</strong></span> <span class='ocrx_word' id='word_1_223' title='bbox 530 2845 618 2895; x_wconf 94' lang='lat' dir='ltr'><strong>anno</strong></span> <span class='ocrx_word' id='word_1_224' title='bbox 644 2847 675 2896; x_wconf 90' lang='lat' dir='ltr'><strong>v.</strong></span> <span class='ocrx_word' id='word_1_225' title='bbox 694 2827 757 2895; x_wconf 87' lang='lat' dir='ltr'><strong>lral.</strong></span> <span class='ocrx_word' id='word_1_226' title='bbox 784 2827 922 2893; x_wconf 90' lang='lat' dir='ltr'><strong>ianuarii</strong></span> <span class='ocrx_word' id='word_1_227' title='bbox 940 2826 1039 2894; x_wconf 90' lang='lat' dir='ltr'><strong>llante</strong></span> <span class='ocrx_word' id='word_1_228' title='bbox 1060 2827 1248 2914; x_wconf 76' lang='lat' dir='ltr'><strong>aquilonari</strong></span> <span class='ocrx_word' id='word_1_229' title='bbox 1266 2832 1379 2913; x_wconf 88' lang='lat' dir='ltr'><strong>vento,</strong></span> <span class='ocrx_word' id='word_1_230' title='bbox 1439 2851 1440 2896; x_wconf 69' lang='lat' dir='ltr'><strong>t</strong></span> 
     </span>
     <span class='ocr_line' id='line_1_28' title="bbox 241 2925 1437 3013; baseline 0 -21"><span class='ocrx_word' id='word_1_231' title='bbox 241 2943 331 2992; x_wconf 89' lang='lat' dir='ltr'><strong>mare</strong></span> <span class='ocrx_word' id='word_1_232' title='bbox 349 2926 484 2994; x_wconf 91' lang='lat' dir='ltr'><strong>minoris</strong></span> <span class='ocrx_word' id='word_1_233' title='bbox 504 2928 622 2994; x_wconf 90' lang='lat' dir='ltr'><strong>oceani</strong></span> <span class='ocrx_word' id='word_1_234' title='bbox 648 2932 739 2994; x_wconf 89' lang='lat' dir='ltr'><strong>tanta</strong></span> <span class='ocrx_word' id='word_1_235' title='bbox 762 2926 923 2994; x_wconf 85' lang='lat' dir='ltr'><strong>violentia</strong></span> <span class='ocrx_word' id='word_1_236' title='bbox 948 2926 1116 2992; x_wconf 84' lang='lat' dir='ltr'><strong>maritimis</strong></span> <span class='ocrx_word' id='word_1_237' title='bbox 1137 2926 1233 2992; x_wconf 90' lang='lat' dir='ltr'><strong>terris</strong></span> <span class='ocrx_word' id='word_1_238' title='bbox 1260 2925 1379 3013; x_wconf 88' lang='lat' dir='ltr'><strong>appul—</strong></span> <span class='ocrx_word' id='word_1_239' title='bbox 1436 2947 1437 2950; x_wconf 44' lang='lat'>¹</span> 
     </span>
    </p>
   </div>
   <div class='ocr_carea' id='block_1_6' title="bbox 241 3021 1438 4100">
    <p class='ocr_par' dir='ltr' id='par_1_8' title="bbox 242 3021 1438 3389">
     <span class='ocr_line' id='line_1_29' title="bbox 244 3021 1379 3114; baseline -0.001 -24"><span class='ocrx_word' id='word_1_240' title='bbox 244 3040 316 3092; x_wconf 91' lang='lat' dir='ltr'><strong>sum</strong></span> <span class='ocrx_word' id='word_1_241' title='bbox 335 3030 396 3112; x_wconf 88' lang='lat' dir='ltr'><strong>est,</strong></span> <span class='ocrx_word' id='word_1_242' title='bbox 414 3030 451 3091; x_wconf 91' lang='lat' dir='ltr'><strong>ut</strong></span> <span class='ocrx_word' id='word_1_243' title='bbox 469 3026 546 3091; x_wconf 92' lang='lat' dir='ltr'><strong>citra</strong></span> <span class='ocrx_word' id='word_1_244' title='bbox 564 3025 674 3092; x_wconf 82' lang='lat' dir='ltr'><strong>villam</strong></span> <span class='ocrx_word' id='word_1_245' title='bbox 692 3024 856 3092; x_wconf 88' lang='lat' dir='ltr'><strong>Hamburo</strong></span> <span class='ocrx_word' id='word_1_246' title='bbox 875 3031 1021 3091; x_wconf 87' lang='lat' dir='ltr'><strong>trecente</strong></span> <span class='ocrx_word' id='word_1_247' title='bbox 1038 3021 1181 3114; x_wconf 87' lang='lat' dir='ltr'><strong>[naves]</strong></span> <span class='ocrx_word' id='word_1_248' title='bbox 1193 3025 1379 3112; x_wconf 84' lang='lat' dir='ltr'><strong>periclitato</strong></span> 
     </span>
     <span class='ocr_line' id='line_1_30' title="bbox 242 3110 1438 3202; baseline 0 -14"><span class='ocrx_word' id='word_1_249' title='bbox 242 3118 434 3189; x_wconf 82' lang='lat' dir='ltr'><strong>reserantur.</strong></span> <span class='ocrx_word' id='word_1_250' title='bbox 461 3121 550 3202; x_wconf 85' lang='lat' dir='ltr'><strong>Quot</strong></span> <span class='ocrx_word' id='word_1_251' title='bbox 567 3129 677 3190; x_wconf 93' lang='lat' dir='ltr'><strong>autem</strong></span> <span class='ocrx_word' id='word_1_252' title='bbox 703 3125 736 3190; x_wconf 93' lang='lat' dir='ltr'><strong>in</strong></span> <span class='ocrx_word' id='word_1_253' title='bbox 754 3123 933 3191; x_wconf 85' lang='lat' dir='ltr'><strong>Hollandia</strong></span> <span class='ocrx_word' id='word_1_254' title='bbox 955 3123 1010 3190; x_wconf 87' lang='lat' dir='ltr'><strong>vel</strong></span> <span class='ocrx_word' id='word_1_255' title='bbox 1027 3123 1153 3190; x_wconf 85' lang='lat' dir='ltr'><strong>Fresia</strong></span> <span class='ocrx_word' id='word_1_256' title='bbox 1168 3141 1228 3190; x_wconf 92' lang='lat' dir='ltr'><strong>scu</strong></span> <span class='ocrx_word' id='word_1_257' title='bbox 1257 3124 1378 3190; x_wconf 91' lang='lat' dir='ltr'><strong>ceteris</strong></span> <span class='ocrx_word' id='word_1_258' title='bbox 1434 3110 1438 3119; x_wconf 84' lang='grc'><strong>’</strong></span> 
     </span>
     <span class='ocr_line' id='line_1_31' title="bbox 242 3221 1377 3312; baseline 0.003 -27"><span class='ocrx_word' id='word_1_259' title='bbox 242 3221 409 3289; x_wconf 88' lang='lat' dir='ltr'><strong>maritimis</strong></span> <span class='ocrx_word' id='word_1_260' title='bbox 443 3223 636 3306; x_wconf 91' lang='lat' dir='ltr'><strong>regionibus</strong></span> <span class='ocrx_word' id='word_1_261' title='bbox 669 3224 842 3312; x_wconf 89' lang='lat' dir='ltr'><strong>perierint,</strong></span> <span class='ocrx_word' id='word_1_262' title='bbox 875 3225 967 3289; x_wconf 89' lang='lat' dir='ltr'><strong>novit</strong></span> <span class='ocrx_word' id='word_1_263' title='bbox 992 3221 1093 3311; x_wconf 86' lang='lat' dir='ltr'><strong>deus,</strong></span> <span class='ocrx_word' id='word_1_264' title='bbox 1128 3222 1185 3308; x_wconf 89' lang='lat' dir='ltr'><strong>qui</strong></span> <span class='ocrx_word' id='word_1_265' title='bbox 1210 3239 1274 3310; x_wconf 92' lang='lat' dir='ltr'><strong>per</strong></span> <span class='ocrx_word' id='word_1_266' title='bbox 1298 3223 1377 3290; x_wconf 88' lang='lat' dir='ltr'><strong>tales</strong></span> 
     </span>
     <span class='ocr_line' id='line_1_32' title="bbox 243 3321 1045 3389; baseline 0 -3"><span class='ocrx_word' id='word_1_267' title='bbox 243 3325 384 3386; x_wconf 89' lang='lat' dir='ltr'><strong>eventus</strong></span> <span class='ocrx_word' id='word_1_268' title='bbox 403 3325 558 3388; x_wconf 90' lang='lat' dir='ltr'><strong>terrorem</strong></span> <span class='ocrx_word' id='word_1_269' title='bbox 576 3321 763 3389; x_wconf 90' lang='lat' dir='ltr'><strong>hominibus</strong></span> <span class='ocrx_word' id='word_1_270' title='bbox 781 3323 929 3388; x_wconf 88' lang='lat' dir='ltr'><strong>incutere</strong></span> <span class='ocrx_word' id='word_1_271' title='bbox 948 3321 1045 3388; x_wconf 89' lang='lat' dir='ltr'><strong>solet.</strong></span> 
     </span>
    </p>

    <p class='ocr_par' dir='ltr' id='par_1_9' title="bbox 242 3410 1377 3800">
     <span class='ocr_line' id='line_1_33' title="bbox 317 3410 1376 3504; baseline -0.002 -18"><span class='ocrx_word' id='word_1_272' title='bbox 317 3418 392 3486; x_wconf 88' lang='lat' dir='ltr'><strong>Hoc</strong></span> <span class='ocrx_word' id='word_1_273' title='bbox 409 3437 498 3486; x_wconf 94' lang='lat' dir='ltr'><strong>anno</strong></span> <span class='ocrx_word' id='word_1_274' title='bbox 517 3419 692 3487; x_wconf 92' lang='lat' dir='ltr'><strong>cenobium</strong></span> <span class='ocrx_word' id='word_1_275' title='bbox 710 3419 1006 3488; x_wconf 89' lang='lat' dir='ltr'><strong>sanctimonialium</strong></span> <span class='ocrx_word' id='word_1_276' title='bbox 1024 3421 1057 3486; x_wconf 89' lang='lat' dir='ltr'><strong>in</strong></span> <span class='ocrx_word' id='word_1_277' title='bbox 1076 3420 1169 3504; x_wconf 89' lang='lat' dir='ltr'><strong>regia</strong></span> <span class='ocrx_word' id='word_1_278' title='bbox 1186 3418 1288 3485; x_wconf 89' lang='lat' dir='ltr'><strong>villa.</strong></span> <span class='ocrx_word' id='word_1_279' title='bbox 1304 3471 1311 3484; x_wconf 93' lang='lat'><strong>.</strong></span> <span class='ocrx_word' id='word_1_280' title='bbox 1327 3410 1376 3484; x_wconf 91' lang='lat'><strong>..¹</strong></span> 
     </span>
     <span class='ocr_line' id='line_1_34' title="bbox 243 3515 1377 3608; baseline -0.002 -24"><span class='ocrx_word' id='word_1_281' title='bbox 243 3516 449 3586; x_wconf 86' lang='lat' dir='ltr'><strong>aGunthero</strong></span> <span class='ocrx_word' id='word_1_282' title='bbox 473 3515 725 3608; x_wconf 78' lang='lat' dir='ltr'><strong>learnsperg,</strong></span> <span class='ocrx_word' id='word_1_283' title='bbox 754 3519 831 3606; x_wconf 85' lang='lat' dir='ltr'><strong>quia</strong></span> <span class='ocrx_word' id='word_1_284' title='bbox 860 3519 950 3586; x_wconf 88' lang='lat' dir='ltr'><strong>cives</strong></span> <span class='ocrx_word' id='word_1_285' title='bbox 975 3517 1073 3585; x_wconf 90' lang='lat' dir='ltr'><strong>buius</strong></span> <span class='ocrx_word' id='word_1_286' title='bbox 1098 3518 1176 3586; x_wconf 91' lang='lat' dir='ltr'><strong>ville</strong></span> <span class='ocrx_word' id='word_1_287' title='bbox 1202 3517 1377 3584; x_wconf 89' lang='lat' dir='ltr'><strong>voluerant</strong></span> 
     </span>
     <span class='ocr_line' id='line_1_35' title="bbox 243 3615 1374 3707; baseline -0.002 -25"><span class='ocrx_word' id='word_1_288' title='bbox 243 3633 281 3682; x_wconf 88' lang='lat' dir='ltr'><strong>se</strong></span> <span class='ocrx_word' id='word_1_289' title='bbox 309 3615 496 3684; x_wconf 87' lang='lat' dir='ltr'><strong>marchioni</strong></span> <span class='ocrx_word' id='word_1_290' title='bbox 520 3617 722 3707; x_wconf 78' lang='lat' dir='ltr'><strong>tradidisse,</strong></span> <span class='ocrx_word' id='word_1_291' title='bbox 750 3619 865 3704; x_wconf 86' lang='lat' dir='ltr'><strong>sicque</strong></span> <span class='ocrx_word' id='word_1_292' title='bbox 895 3617 951 3684; x_wconf 91' lang='lat' dir='ltr'><strong>illa</strong></span> <span class='ocrx_word' id='word_1_293' title='bbox 977 3617 1098 3684; x_wconf 89' lang='lat' dir='ltr'><strong>nobilis</strong></span> <span class='ocrx_word' id='word_1_294' title='bbox 1126 3616 1273 3684; x_wconf 90' lang='lat' dir='ltr'><strong>eeclesia</strong></span> <span class='ocrx_word' id='word_1_295' title='bbox 1293 3669 1300 3682; x_wconf 95' lang='lat'>.</span> <span class='ocrx_word' id='word_1_296' title='bbox 1319 3669 1326 3682; x_wconf 90' lang='lat'>.</span> <span class='ocrx_word' id='word_1_297' title='bbox 1345 3667 1374 3681; x_wconf 92' lang='lat'><strong>..</strong></span> 
     </span>
     <span class='ocr_line' id='line_1_36' title="bbox 242 3715 721 3800; baseline 0.004 -20"><span class='ocrx_word' id='word_1_298' title='bbox 242 3715 455 3800; x_wconf 89' lang='lat' dir='ltr'><strong>exigentibus</strong></span> <span class='ocrx_word' id='word_1_299' title='bbox 474 3722 527 3784; x_wconf 85' lang='lat' dir='ltr'><strong>est</strong></span> <span class='ocrx_word' id='word_1_300' title='bbox 543 3716 721 3783; x_wconf 87' lang='lat' dir='ltr'><strong>humiliata.</strong></span> 
     </span>
    </p>

    <p class='ocr_par' dir='ltr' id='par_1_10' title="bbox 241 3811 1373 4100">
     <span class='ocr_line' id='line_1_37' title="bbox 316 3811 1373 3902; baseline 0 -22"><span class='ocrx_word' id='word_1_301' title='bbox 316 3811 414 3882; x_wconf 84' lang='lat' dir='ltr'><strong>Anno</strong></span> <span class='ocrx_word' id='word_1_302' title='bbox 434 3814 558 3883; x_wconf 94' lang='lat' dir='ltr'><strong>domini</strong></span> <span class='ocrx_word' id='word_1_303' title='bbox 576 3816 689 3882; x_wconf 89' lang='lat' dir='ltr'><strong>mccl.</strong></span> <span class='ocrx_word' id='word_1_304' title='bbox 709 3815 878 3883; x_wconf 87' lang='lat' dir='ltr'><strong>Cristanus</strong></span> <span class='ocrx_word' id='word_1_305' title='bbox 897 3813 1117 3899; x_wconf 89' lang='lat' dir='ltr'><strong>bloguntinus</strong></span> <span class='ocrx_word' id='word_1_306' title='bbox 1144 3813 1373 3902; x_wconf 93' lang='lat' dir='ltr'><strong>archiepisco-</strong></span> 
     </span>
     <span class='ocr_line' id='line_1_38' title="bbox 242 3909 1371 4003; baseline 0.001 -26"><span class='ocrx_word' id='word_1_307' title='bbox 242 3927 305 3998; x_wconf 92' lang='lat' dir='ltr'><strong>pus</strong></span> <span class='ocrx_word' id='word_1_308' title='bbox 324 3912 358 3977; x_wconf 91' lang='lat' dir='ltr'><strong>in</strong></span> <span class='ocrx_word' id='word_1_309' title='bbox 375 3913 487 3998; x_wconf 90' lang='lat' dir='ltr'><strong>vigilia</strong></span> <span class='ocrx_word' id='word_1_310' title='bbox 506 3915 689 3982; x_wconf 88' lang='lat' dir='ltr'><strong>nativitatis</strong></span> <span class='ocrx_word' id='word_1_311' title='bbox 709 3913 831 3982; x_wconf 93' lang='lat' dir='ltr'><strong>domini</strong></span> <span class='ocrx_word' id='word_1_312' title='bbox 852 3909 1056 4002; x_wconf 79' lang='lat' dir='ltr'><strong>[l2lt9dec.</strong></span> <span class='ocrx_word' id='word_1_313' title='bbox 1075 3909 1139 4003; x_wconf 73' lang='lat' dir='ltr'><strong>lb]</strong></span> <span class='ocrx_word' id='word_1_314' title='bbox 1159 3911 1371 4000; x_wconf 85' lang='lat' dir='ltr'><strong>Erphordiam</strong></span> 
     </span>
     <span class='ocr_line' id='line_1_39' title="bbox 241 4009 1370 4100; baseline 0 -24"><span class='ocrx_word' id='word_1_315' title='bbox 241 4009 400 4099; x_wconf 90' lang='lat' dir='ltr'><strong>veniens,</strong></span> <span class='ocrx_word' id='word_1_316' title='bbox 427 4011 608 4080; x_wconf 82' lang='lat' dir='ltr'><strong>honorifice</strong></span> <span class='ocrx_word' id='word_1_317' title='bbox 635 4032 653 4081; x_wconf 87' lang='lat' dir='ltr'><strong>a</strong></span> <span class='ocrx_word' id='word_1_318' title='bbox 682 4014 770 4080; x_wconf 85' lang='lat' dir='ltr'><strong>clero</strong></span> <span class='ocrx_word' id='word_1_319' title='bbox 797 4019 975 4100; x_wconf 92' lang='lat' dir='ltr'><strong>susceptus</strong></span> <span class='ocrx_word' id='word_1_320' title='bbox 1001 4018 1053 4079; x_wconf 87' lang='lat' dir='ltr'><strong>est</strong></span> <span class='ocrx_word' id='word_1_321' title='bbox 1077 4018 1109 4078; x_wconf 91' lang='lat' dir='ltr'><strong>et</strong></span> <span class='ocrx_word' id='word_1_322' title='bbox 1138 4031 1158 4078; x_wconf 95' lang='lat' dir='ltr'><strong>a</strong></span> <span class='ocrx_word' id='word_1_323' title='bbox 1184 4012 1314 4079; x_wconf 91' lang='lat' dir='ltr'><strong>civibus</strong></span> <span class='ocrx_word' id='word_1_324' title='bbox 1342 4012 1370 4076; x_wconf 93' lang='lat' dir='ltr'><strong>in</strong></span> 
     </span>
    </p>
   </div>
   <div class='ocr_carea' id='block_1_7' title="bbox 243 4102 1370 4301">
    <p class='ocr_par' dir='ltr' id='par_1_11' title="bbox 243 4102 1370 4301">
     <span class='ocr_line' id='line_1_40' title="bbox 243 4102 1370 4180; baseline -0.001 -4"><span class='ocrx_word' id='word_1_325' title='bbox 243 4107 406 4176; x_wconf 82' lang='lat' dir='ltr'><strong>ecclesiis·</strong></span> <span class='ocrx_word' id='word_1_326' title='bbox 424 4102 531 4178; x_wconf 90' lang='lat' dir='ltr'><strong>sancti</strong></span> <span class='ocrx_word' id='word_1_327' title='bbox 550 4111 635 4177; x_wconf 90' lang='lat' dir='ltr'><strong>Petri</strong></span> <span class='ocrx_word' id='word_1_328' title='bbox 661 4117 693 4178; x_wconf 91' lang='lat' dir='ltr'><strong>ct</strong></span> <span class='ocrx_word' id='word_1_329' title='bbox 719 4113 826 4180; x_wconf 89' lang='lat' dir='ltr'><strong>sancti</strong></span> <span class='ocrx_word' id='word_1_330' title='bbox 846 4111 960 4178; x_wconf 88' lang='lat' dir='ltr'><strong>Severi</strong></span> <span class='ocrx_word' id='word_1_331' title='bbox 987 4116 1020 4177; x_wconf 90' lang='lat' dir='ltr'><strong>et</strong></span> <span class='ocrx_word' id='word_1_332' title='bbox 1047 4112 1080 4178; x_wconf 93' lang='lat' dir='ltr'><strong>in</strong></span> <span class='ocrx_word' id='word_1_333' title='bbox 1108 4111 1255 4180; x_wconf 90' lang='lat' dir='ltr'><strong>ecclesia</strong></span> <span class='ocrx_word' id='word_1_334' title='bbox 1279 4111 1370 4178; x_wconf 86' lang='lat' dir='ltr'><strong>beate</strong></span> 
     </span>
     <span class='ocr_line' id='line_1_41' title="bbox 277 4215 1091 4301; baseline 0 -31"><span class='ocrx_word' id='word_1_335' title='bbox 277 4217 308 4281; x_wconf 79' lang='lat' dir='ltr'><strong>l]</strong></span> <span class='ocrx_word' id='word_1_336' title='bbox 327 4215 548 4286; x_wconf 67' lang='lat' dir='ltr'><strong>Escheneweget</strong></span> <span class='ocrx_word' id='word_1_337' title='bbox 569 4219 652 4286; x_wconf 81' lang='lat' dir='ltr'><strong>vergi.</strong></span> <span class='ocrx_word' id='word_1_338' title='bbox 672 4227 752 4274; x_wconf 89' lang='lat' dir='ltr'><strong>uuten</strong></span> <span class='ocrx_word' id='word_1_339' title='bbox 771 4218 842 4273; x_wconf 87' lang='lat' dir='ltr'><strong>beim</strong></span> <span class='ocrx_word' id='word_1_340' title='bbox 861 4218 920 4301; x_wconf 84' lang='lat' dir='ltr'><strong>iabr</strong></span> <span class='ocrx_word' id='word_1_341' title='bbox 934 4221 1008 4274; x_wconf 81' lang='lat'>1251.</span> <span class='ocrx_word' id='word_1_342' title='bbox 1088 4261 1091 4270; x_wconf 91' lang='lat'>.</span> 
     </span>
    </p>
   </div>
   <div class='ocr_carea' id='block_1_8' title="bbox 0 0 1454 4824">
    <p class='ocr_par' dir='ltr' id='par_1_12' title="bbox 0 0 1454 4824">
     <span class='ocr_line' id='line_1_42' title="bbox 0 0 1454 4824; baseline 0 0"><span class='ocrx_word' id='word_1_343' title='bbox 0 0 1454 4824; x_wconf 95' lang='lat' dir='ltr'><strong> </strong></span> 
     </span>
    </p>
   </div>
  </div>
 </body>
</html>
