2950 4836
401 275 575 322 nuunnnnus
597 276 631 320 rr
651 275 816 322 urrunnus.
1090 247 1171 314 bii

51 423 248 509 pugnaturus
272 417 406 484 incauto
433 413 655 500 congreditur.
690 413 807 502 Itaque
834 415 974 482 victoria
996 413 1173 483 hincinde

50 524 179 586 nutante
189 570 198 606 ,
216 534 274 584 rex
290 513 432 584 Adolius
450 515 621 602 inprovise
639 513 804 582 occubuit.
831 513 905 595 Quo
924 520 1093 602 comperto
1108 513 1173 581 dc·

51 621 150 686 ninus
167 613 329 684 Rudolius
346 631 458 682 comes
476 613 644 681 Palatinus
659 618 693 680 et
708 612 776 680 dux
791 614 953 704 bawarie,
972 631 1077 699 gener
1090 631 1173 701 pre-

51 717 121 784 dicti
145 716 255 804 regiS,
281 731 349 781 una
365 731 437 780 curn
456 711 542 780 duee
558 709 701 802 ottone,
721 719 838 801 patruo
867 730 946 803 suc,
966 730 1039 780 cum
1057 712 1174 779 multi-

51 815 156 883 tudine
180 831 302 900 magna
327 813 461 881 militum
486 817 519 878 et
541 812 794 900 armigerorum,
814 810 855 879 de
883 809 1038 879 condictu
1064 828 1173 898 usque

50 918 78 982 in
97 915 137 979 W
139 911 496 981 ormatram.celerrime
513 909 687 998 ingerunt,
711 911 846 998 reliquis
866 910 1038 978 comitibus
1058 917 1090 977 et
1107 909 1174 977 ba-

50 1013 177 1082 ronibus
205 1029 276 1080 cum
303 1013 373 1079 suis
401 1010 601 1078 exercitibus
632 1009 742 1078 adbuc
769 1009 905 1077 viriiiter
935 1008 1172 1098 pugnantibus,

51 1112 110 1180 Sed
131 1113 210 1200 quia
230 1116 277 1179 tot
290 1116 323 1178 et
339 1111 421 1178 tanti
443 1109 484 1176 ab
504 1111 579 1196 ipso
597 1108 754 1177 conflictu
771 1107 1004 1198 profugerant,
1023 1107 1091 1175 dux
1107 1105 1172 1175 Al-

50 1212 154 1280 bcrtus
176 1211 219 1278 de
239 1211 379 1278 victoria
395 1211 458 1276 iam
482 1225 619 1276 securus
637 1225 710 1276 curn
731 1210 877 1276 exercitu
895 1218 958 1276 sun
975 1225 1172 1295 repugnan-

48 1311 127 1378 tibus
146 1311 211 1378 sibi
231 1309 388 1376 aocrrime
413 1308 551 1396 restitit,
578 1326 618 1375 ac
642 1324 759 1375 omnes
777 1325 837 1400 eos
856 1309 952 1375 citius
970 1325 1068 1394 quom
1091 1323 1172 1394 spe·

49 1412 102 1478 rari
118 1415 252 1498 poterat
275 1405 458 1497 pugnando
475 1408 614 1474 vincens
634 1406 830 1494 captivabat.
858 1404 986 1487 Quibus
1006 1411 1171 1474 tamense

49 1511 76 1576 in
97 1509 161 1576 boc
182 1509 379 1575 elementem
401 1522 493 1574 more
511 1511 650 1594 paterno
671 1505 833 1596 exhibuit,
852 1512 889 1574 ut
912 1505 1036 1572 nullum
1058 1522 1172 1572 eorum

49 1609 180 1675 vinculis
206 1606 409 1695 includeret,
434 1603 496 1673 sed
514 1622 631 1673 omnes
650 1604 692 1672 ud
709 1606 843 1693 propria
860 1611 1006 1673 remeare
1024 1604 1174 1692 permisit
1293 1691 1294 1694 Ἴ

51 1723 218 1795 quousque
245 1707 320 1794 ipse
348 1722 408 1772 eos
431 1703 611 1790 quemlibet
633 1705 822 1791 specialiter
839 1710 874 1772 ut
892 1703 934 1772 ad
953 1722 1027 1770 curn
1044 1703 1173 1771 veniret

50 1811 223 1874 reuocaret.
241 1806 282 1873 Et
300 1806 349 1872 sic
366 1805 400 1872 in
417 1804 592 1892 proposito
611 1821 674 1871 suo
688 1805 784 1870 nimis
802 1803 1018 1892 confortatus,
1038 1820 1171 1870 assum-

50 1907 85 1974 tis
109 1923 224 1972 secum
254 1903 505 1992 archiepiscopo
532 1901 732 1988 Mogontino
754 1907 786 1970 et
811 1902 883 1970 aliis
906 1901 1113 1969 adiutoribus
1138 1906 1172 1968 et
1256 1914 1260 1922 ·

51 2003 235 2092 fautoribus
253 2001 444 2089 Aquensem
464 2001 544 2068 adiit
558 2003 741 2092 civitatem,
761 2007 794 2069 et
807 2001 929 2069 ibidem
946 2006 1063 2068 contra
1076 2017 1170 2089 spern

51 2104 216 2171 multorum
231 2103 266 2169 in
286 2119 397 2188 regern
418 2101 630 2169 confirmatus
646 2107 698 2168 est
717 2107 750 2169 et
772 2105 961 2169 coronatus.
980 2151 987 2166 .
1006 2151 1013 2166 .

114 2203 219 2289 igitur
238 2219 311 2269 cum
333 2201 567 2268 serenissimus
586 2199 641 2268 iile
664 2199 818 2267 dominus
838 2205 871 2266 ct
888 2217 947 2267 rex
963 2194 1119 2266 bibertus
1137 2197 1172 2265 in

52 2305 108 2367 tam
123 2301 216 2370 brevi
235 2306 382 2388 ternpore
405 2305 471 2366 tarn
488 2298 664 2384 magnifice
688 2299 884 2368 sublimatus
907 2303 941 2366 et
954 2302 1171 2385 prosperatus

52 2397 159 2468 suisset
176 2402 213 2467 in
233 2416 355 2489 regno,
373 2399 508 2466 incurrit
531 2398 687 2466 invidiam
711 2399 893 2487 principum
912 2399 998 2466 sicut
1017 2395 1171 2464 fortuna-

52 2499 87 2565 tis
111 2499 298 2567 hominibus
322 2497 474 2566 accidere
507 2497 602 2564 solet.
642 2495 789 2577 Quorum
813 2497 996 2586 principum
1019 2503 1170 2584 quatuor,
1200 2551 1205 2562 .

51 2597 193 2666 uidelicet
209 2603 276 2666 tres
294 2597 537 2685 archiepiscopi
561 2601 594 2664 et
611 2595 765 2664 dominus
782 2594 943 2664 Rudolius
965 2593 1033 2662 dux
1047 2595 1172 2662 Bawa-

52 2697 105 2785 rie,
124 2697 211 2766 filius
236 2697 360 2764 sororis
378 2694 517 2784 predicti
537 2695 645 2784 regis,
672 2694 934 2781 obligationibus
960 2697 993 2761 et
1012 2694 1172 2760 coniura-

52 2795 186 2865 tionibus
199 2795 309 2864 multis
326 2793 542 2876 confederati,
560 2801 673 2862 contra
688 2812 801 2880 regern
818 2812 856 2862 sc
874 2799 1057 2861 erexerunt.
1077 2789 1170 2872 Quos

54 2910 156 2962 omnes
171 2913 241 2964 una
258 2899 365 2962 estate
380 2895 425 2962 ita
438 2899 592 2982 potenter
609 2893 673 2961 sibi
690 2892 834 2983 subegit,
848 2898 884 2960 ut
898 2891 940 2960 de
958 2896 1071 2959 cetero
1087 2908 1171 2958 con-

54 2998 95 3059 tra
119 3013 191 3062 eum
221 2995 347 3080 mugire
379 3010 448 3061 non
483 2991 654 3060 auderent.
679 2991 731 3060 De
764 2992 842 3060 hine
866 3009 979 3077 regern
1010 2989 1171 3058 Bohemie

54 3089 252 3163 Wentzlaum
271 3109 456 3179 aggressus
466 3145 475 3180 ,
495 3093 551 3178 qui
576 3091 814 3179 aliquantulum
833 3089 1030 3180 supradictis
1045 3089 1171 3178 prinei-

53 3189 137 3275 pibus
157 3191 308 3280 favebat,
335 3208 474 3276 regnum
497 3189 712 3281 devastabat,
739 3189 800 3258 sed
826 3196 936 3258 tamen
963 3189 1044 3256 nibil
1068 3205 1171 3275 egre-

55 3289 131 3372 gium
149 3289 271 3359 ibidem
288 3291 427 3379 peregit.
454 3288 601 3358 Tandem
620 3307 700 3376 rege
719 3289 878 3357 Bobemie
897 3289 1171 3375 Wentzlao-pre-

56 3385 131 3457 dicto
147 3392 221 3459 sine
240 3389 313 3458 filiis
337 3396 368 3457 et
386 3387 564 3457 heredibus
588 3388 786 3478 decedente,
804 3387 1016 3456 felicissimus
1035 3404 1093 3453 rex
1109 3383 1171 3452 m-

55 3483 154 3556 bertus
171 3489 338 3558 dominum
353 3486 530 3556 Rudolsum
544 3487 644 3557 filium
661 3506 756 3557 suurn
781 3486 888 3555 eidem
904 3503 1010 3571 regno
1022 3483 1171 3572 prefecit.

118 3587 196 3656 Post
212 3589 292 3658 tatia
308 3587 455 3660 miranda
469 3593 502 3656 et
517 3587 684 3676 stupenda
706 3605 771 3674 que
788 3584 1089 3654 excellentissimus
1112 3599 1171 3650 rex

56 3682 81 3749 in
102 3688 206 3755 multis
227 3688 408 3776 provinciis
431 3688 648 3776 perpetravit,
668 3703 708 3754 ac
725 3703 809 3774 pace
831 3703 870 3752 ac
886 3685 997 3771 quiete
1015 3683 1074 3750 toti
1089 3678 1170 3748 Aie-

56 3787 150 3854 manie
178 3787 359 3854 instaurata
371 3838 380 3875 ,
399 3785 476 3853 dum
504 3787 600 3873 quasi
628 3784 772 3852 iocando
791 3801 906 3852 ornnes
925 3782 1114 3869 provincias
1138 3785 1171 3848 et

58 3881 194 3954 civitates
224 3887 332 3953 tocius
368 3885 538 3952 Germanic
571 3885 704 3952 inermis
738 3884 878 3950 transire
904 3885 1171 3969 proponeret,a

58 3977 129 4048 duce
158 3983 329 4074 Johanne,
364 3983 430 4052 idio
461 3982 568 4052 iratris
598 3985 650 4050 sui
680 3982 803 4050 domini
834 3973 1043 4048 Hartmanni¹
1075 3979 1170 4046 ducis

59 4074 184 4170 Suevie,
209 4085 242 4152 in
260 4100 380 4171 ¹campo
397 4083 465 4152 lato
488 4087 521 4150 et
542 4083 709 4170 spatioso,
736 4080 811 4148 dum
834 4082 924 4147 iuxta
948 4097 1061 4166 regern
1083 4095 1170 4144 con-

58 4173 220 4252 fabulando
253 4183 434 4271 equitaret,
461 4182 632 4270 inopinate
657 4179 839 4249 confossus
862 4177 978 4266 gladio
1006 4176 1169 4246 occubuit.

85 4288 230 4352 tuaquom
248 4291 329 4346 solite
347 4307 377 4345 es
396 4289 513 4345 heisten.
