2886 4834
264 213 312 282 ho
635 238 796 285 eunomcon
819 237 1026 285 conunmmsu.
1054 301 1063 311 .

265 381 389 448 tionem
407 395 499 448 suam
519 378 707 446 oanonissis
725 377 797 444 suis
813 377 993 444 intimabat.
1022 378 1115 445 Tunc
1132 377 1311 445 canonisse
1325 393 1401 444 eum

266 480 338 547 suis
357 478 503 564 reliquiis
522 476 564 545 ad
583 477 761 545 claustrum
778 478 947 564 proprium
966 476 1142 546 redierunt.

340 575 466 644 Eodem
485 582 633 664 tempore
657 593 770 644 eomes
789 574 952 644 Rudollus
980 583 1017 644 ut
1043 573 1216 644 infestaret.
1234 573 1403 642 dominum

265 676 486 745 Basiliensem
499 673 647 743 Rhenum
666 675 805 742 transire
824 692 890 742 non
908 681 1050 763 poterat.
1076 674 1171 743 Unde
1190 690 1297 742 naves
1316 690 1403 760 quas

266 778 300 844 in
318 793 415 844 ourru
433 773 554 842 ducere
571 781 703 862 poterat
721 773 882 841 lubricam
902 773 988 864 lecit,
1009 780 1042 842 et
1059 773 1193 862 quando
1209 773 1313 841 voluit
1327 790 1403 838 oum

266 875 351 963 ipsis
369 873 516 942 Rhenum
537 874 698 941 transivit.
726 873 766 940 Rt
783 873 970 941 hominibus
989 875 1138 962 episcopi
1157 872 1404 960 superveniens

266 974 445 1061 improvise
471 990 531 1040 eos
566 973 680 1060 sepius
709 973 855 1056 graviter
880 971 1066 1063 infestavit,
1107 979 1140 1040 et
1166 977 1245 1060 post
1269 972 1302 1038 in
1329 973 1405 1038 cis-

267 1072 341 1141 dem
368 1071 508 1140 navibus
533 1089 593 1158 per
616 1071 765 1138 Rhenum
793 1071 927 1139 rediens
954 1090 1013 1139 eas
1044 1071 1087 1140 ad
1115 1073 1233 1139 tutiora
1258 1071 1337 1137 loca
1370 1071 1405 1134 in

268 1171 418 1240 curribus
437 1170 650 1259 perducebat.
684 1169 810 1237 Videns
830 1188 944 1238 comes
963 1169 1126 1240 Rudollus
1145 1170 1236 1258 quod
1254 1187 1315 1257 per
1335 1186 1405 1256 po·-

267 1272 403 1340 tentiam
429 1271 591 1364 episcopo
617 1269 775 1336 Heinrico
798 1271 956 1338 resistere
979 1289 1047 1339 non
1072 1266 1212 1358 valeret,
1243 1267 1406 1336 militibus

268 1377 301 1442 ct
316 1369 444 1438 civibus
460 1369 620 1456 episeopo
639 1368 768 1436 occulte
787 1367 877 1436 dona
895 1368 1006 1437 tribuit
1024 1375 1058 1437 et
1074 1369 1234 1457 promisit.
1276 1366 1406 1434 Milites

268 1469 419 1557 episcopi
437 1469 600 1556 comitem,
620 1468 750 1535 occulte
769 1474 802 1534 et
820 1470 1012 1556 episcopum
1032 1471 1315 1556 contempserunt.
1336 1466 1407 1555 ln-

268 1568 427 1653 telligens
445 1566 510 1634 heo
528 1568 707 1654 episcopus
727 1585 800 1635 oum
817 1569 958 1655 propriis
980 1569 1050 1635 suis
1070 1569 1220 1635 comitem
1239 1564 1406 1633 invadere

267 1684 337 1734 non
355 1664 509 1736 audebat.
546 1665 663 1734 Sciens
682 1665 744 1732 heo
762 1683 874 1736 comes
893 1665 1055 1736 Rudelius
1074 1667 1146 1735 vias
1165 1684 1246 1734 suas
1264 1667 1343 1733 sine
1363 1665 1408 1730 ti·

268 1783 359 1834 more
379 1781 445 1852 quo
463 1765 569 1833 voluit
589 1764 763 1850 dirigebat.

343 1863 462 1932 Comes
482 1869 591 1932 autem
609 1881 681 1932 oum
699 1864 863 1932 Basileam
888 1864 1030 1980 quadarn
1054 1865 1128 1933 vioe
1152 1864 1409 1953 pertransisset,

267 1963 458 2049 intelligens
476 1963 540 2032 hoc
556 1963 763 2032 Marsoalcus
783 1965 941 2076 magister
960 1965 1097 2054 civium,
1116 1965 1207 2031 cives
1227 1979 1409 2032 convoca-

268 2065 327 2141 vit,
351 2063 505 2130 comitem
528 2061 703 2130 Rudollum
727 2063 885 2150 prosequi
911 2061 1063 2131 iaciebat.
1042 2064 1171 2151 tlpse
1190 2079 1271 2130 vero
1292 2061 1408 2128 Mars-

269 2162 382 2230 oalous
400 2179 473 2229 cum
490 2163 608 2249 paucis
626 2163 837 2250 persequitur
855 2161 1046 2247 lugientem.
1073 2163 1113 2230 Rt
1131 2181 1204 2230 cum
1223 2163 1323 2248 quasi
1345 2179 1409 2227 so-

268 2263 321 2330 lus
340 2259 382 2328 ad
399 2261 551 2330 inimicos
569 2263 781 2349 pervenisset
805 2278 879 2328 eum
906 2261 1228 2349 comprehenderunt
1254 2267 1288 2328 et
1306 2261 1410 2328 velo-

270 2361 353 2428 citer
371 2359 571 2428 oeciderunt.
603 2359 683 2427 Post
706 2359 768 2427 heo
792 2359 893 2428 libere
920 2379 986 2447 quo
1004 2361 1110 2435 voluit
1134 2361 1299 2449 perrexit,
1329 2359 1409 2446 quia

270 2460 363 2528 cives
380 2457 585 2528 Basilienses
604 2465 739 2547 propter
755 2457 981 2528 infidelitatem
1000 2477 1131 2529 suorum
1151 2477 1226 2569 eum
1244 2457 1408 2528 invadere

269 2575 338 2627 non
357 2557 534 2627 audebant

346 2656 465 2725 Comes
496 2655 657 2726 Rudolius
698 2658 876 2725 exercitum
911 2655 1150 2747 congregavit,
1194 2657 1408 2743 veniensque

270 2757 437 2826 Basileam
456 2757 575 2824 collem
592 2757 758 2843 Binnigen
777 2755 946 2847 ascendit,
974 2764 1006 2825 et
1024 2757 1229 2826 Basilienses
1259 2755 1408 2842 obsedit,

272 2863 305 2924 et
321 2855 366 2922 ibi
388 2873 461 2923 eum
480 2857 627 2922 exercitu
646 2857 793 2942 quinque
813 2855 930 2923 diebus
950 2873 1022 2924 oum
1039 2858 1189 2944 potentia
1206 2855 1409 2924 morabatur.

270 2955 458 3042 Episcopus
485 2971 566 3021 vero
595 2971 669 3021 cum
696 2954 825 3022 civibus
853 2973 927 3023 eum
954 2954 1123 3044 depellere
1149 2962 1219 3024 nonw
1248 2954 1408 3042 audebat,

272 3053 349 3140 quia
369 3054 461 3120 oivcs
481 3069 566 3138 quos
593 3055 716 3121 amieos
735 3053 849 3120 habuit
874 3055 1025 3122 inimicos
1051 3055 1211 3122 maximos
1230 3055 1409 3141 reputavit.

271 3151 394 3218 Verum
412 3156 532 3238 postea
550 3167 661 3220 eomes
679 3151 840 3220 Rudelius
859 3153 979 3220 milites
999 3151 1228 3242 congregavit,
1249 3152 1410 3220 obsidere

272 3250 479 3320 Basillenses
504 3267 546 3317 ex
566 3251 749 3339 aliaparte
770 3249 876 3320 Rheni
901 3251 1036 3340 volens,
1062 3259 1098 3320 ut
1122 3252 1229 3338 glorie
1253 3269 1317 3320 sue
1343 3269 1410 3338 po-

273 3350 408 3418 tentiam
439 3349 638 3418 secundario
663 3349 915 3418 demonstraret.
959 3351 1039 3418 Cum
1071 3358 1179 3418 autem
1204 3351 1280 3439 plus
1310 3368 1410 3437 quam

271 3454 443 3518 trecentos
461 3449 580 3517 milites
605 3456 849 3534 congregasset
866 3451 898 3516 in
917 3449 1133 3539 Brisguudia,
1153 3456 1186 3518 et
1211 3453 1410 3538 oum‘prope

273 3549 439 3616 Basileam
465 3553 621 3637 potenter
637 3550 810 3616 transitum
828 3547 938 3616 iacere
955 3550 1135 3637 voluisset,
1166 3549 1279 3637 plures
1300 3567 1345 3616 ex
1364 3549 1410 3614 eis

273 3648 420 3734 periculo
447 3665 484 3715 se
509 3645 711 3716 committere
737 3648 923 3716 noluerunt.
951 3646 1069 3715 Comes
1094 3665 1176 3715 vero
1203 3665 1240 3714 se
1259 3647 1410 3735 periculo

275 3746 448 3832 commisit,
464 3746 873 3815 cumtreocntismilitibus
883 3764 988 3834 prope
998 3747 1164 3828 Basileam
1181 3746 1409 3834 pertransivit,

274 3843 410 3932 predam
422 3862 535 3912 seeum
547 3846 628 3934 tulit,
640 3846 875 3932 etviamquam
887 3845 1410 3933 ceperatadimplevit.Basilian-

276 3961 333 4011 scs
352 3960 427 4010 eum
445 3943 664 4030 insequuntur
686 3943 747 4011 sed
766 3962 840 4012 eum
855 3943 1135 4032 comprehendere
1153 3961 1221 4011 non
1241 3943 1410 4010 valebant.

195 4061 260 4114 rara
353 4037 452 4109 Anno
471 4041 594 4110 domini
611 4043 812 4110 moolxxiii.
831 4045 922 4111 venit
939 4045 972 4110 in
990 4044 1156 4111 Basileam
1174 4045 1313 4110 nuntius
1333 4042 1411 4128 qui-

278 4139 353 4208 dam
370 4139 413 4207 ab
432 4141 633 4209 electoribus
651 4141 786 4230 missus,
803 4141 919 4210 dicens
938 4159 973 4208 oe
989 4142 1166 4210 allatarum
1178 4158 1291 4226 repem
1306 4141 1410 4207 omoi-

276 4239 345 4308 bus.
363 4239 424 4306 llio
442 4257 514 4308 oum
535 4240 700 4307 aRasilea
720 4240 761 4307 ad
780 4243 930 4308 comitem
946 4239 1120 4312 Rudollum
1135 4243 1300 4328 venisset,
1315 4239 1410 4308 dixit:
