2950 4836
229 295 234 304 '
277 283 347 352 560
632 309 794 358 cunovrcon
816 310 1057 357 osrennovnrnsr.

194 461 262 519 1³⁰⁰
278 449 400 538 gladiis
431 447 622 518 militaribus
645 449 679 516 in
711 449 834 536 oppido
859 447 1032 517 Lanczhut
1064 450 1203 516 accincti
1237 455 1312 516 sunt
1337 467 1405 516 cum
1470 483 1471 506 r

275 551 385 617 multis
402 547 571 616 nobilibus
595 553 691 637 terre,
708 547 794 615 inter
818 563 904 634 quos
923 553 1018 616 erant
1035 548 1185 636 precipui
1202 544 1358 616 Albertus
1376 555 1406 615 et

276 647 431 717 Alramus
448 648 594 715 iuniores
614 647 754 714 comites
772 645 814 713 do
832 643 924 713 Hals.

350 745 486 814 Macci.
504 746 616 814 Tertio
634 761 742 812 nonas
756 745 833 811 maii
847 743 1005 812 donatum
1021 743 1229 812 estecclesie
1243 744 1278 810 in
1294 741 1406 812 Oster-

277 844 388 914 boveo
413 846 466 912 ius
489 849 684 932 patronatus
711 843 857 910 ecclesie
883 843 917 911 in
936 843 1094 912 Winczer
1110 861 1172 931 per
1187 842 1407 910 venerabilem

277 945 313 1010 in
331 941 460 1011 Christo
484 949 608 1031 patrem
633 941 799 1010 dominum
825 940 1034 1030 Lenpoldum
1058 943 1256 1030 episcopum
1277 940 1408 1008 Baben-

277 1042 476 1127 bergensem
503 1039 545 1109 de
569 1041 715 1108 unanimi
743 1057 915 1108 consensu
948 1041 1057 1108 tocius
1089 1039 1227 1128 capituli
1262 1038 1407 1107 eiusdem

279 1141 423 1208 ecclesie
442 1139 484 1208 ad
501 1141 697 1209 instanciam
715 1137 840 1206 domini
857 1138 960 1208 Ulrioi
976 1139 1074 1206 huius
1092 1137 1157 1207 loci
1171 1137 1309 1206 abbatis
1325 1155 1408 1204 auno

278 1237 490 1328 pontificatus
508 1239 560 1307 sui
577 1241 702 1324 quinto.

353 1337 516 1406 Mccciii.
541 1335 704 1405 Dominus
728 1334 921 1403 Boniiaeius
953 1339 1096 1404 octavus
1120 1351 1208 1424 papa
1238 1336 1274 1402 in
1300 1353 1409 1421 regern

280 1434 463 1525 Albertum,
491 1436 547 1522 qui
570 1434 731 1502 hactenus
758 1451 827 1502 non
850 1433 956 1501 lucrat
981 1434 1015 1500 in
1041 1435 1153 1520 gracia
1171 1439 1312 1524 propter
1328 1433 1410 1500 inla-

282 1534 378 1600 miam
396 1534 575 1601 occisionis
593 1531 716 1601 domini
733 1529 843 1601 Adolll
862 1532 965 1620 regis,
984 1533 1160 1623 consentit,
1177 1539 1211 1601 et
1228 1551 1291 1622 per
1308 1531 1411 1600 lamo·
1472 1539 1473 1614 t

282 1649 341 1700 sos
367 1637 401 1698 et
425 1631 589 1699 honestos
607 1631 750 1699 nuncios
772 1648 847 1698 eum
864 1627 907 1700 ad
926 1631 1070 1716 graciam
1089 1629 1182 1699 sedis
1201 1632 1339 1720 recipit,
1362 1633 1413 1718 ip·
1472 1623 1473 1648 ¹

283 1747 421 1816 sumque
439 1731 472 1797 in
489 1727 624 1818 publico
642 1747 794 1798 sermone
812 1730 846 1796 in
864 1728 952 1797 lesto
972 1728 1199 1817 apostolorum
1217 1729 1365 1818 Philippi
1385 1735 1413 1795 et

282 1827 402 1896 Jacobi
422 1824 503 1918 [mai
523 1825 562 1919 l]
590 1845 702 1915 regem
724 1827 887 1924 approbat
905 1833 1003 1914 atque
1022 1827 1065 1896 ad
1083 1845 1241 1896 coronam
1258 1829 1413 1916 imperia-

282 1926 347 1995 lem
373 1925 619 2016 suscipiendam
642 1928 766 1994 invitat.
809 1926 888 2014 lpsa
914 1925 1030 1994 eadem
1057 1925 1111 1994 die
1136 1945 1253 2013 regem
1277 1927 1415 1994 Franeic

283 2025 476 2115 Philippum,
489 2027 545 2114 qui
562 2024 711 2094 llomane
727 2025 872 2092 ecclesie
892 2023 1091 2094 inobediens
1108 2026 1142 2093 in
1160 2026 1273 2093 multis
1294 2043 1416 2112 argue-

283 2123 379 2192 batur
397 2130 430 2192 et
454 2125 587 2210 legatos
605 2123 697 2192 sedis
714 2125 747 2190 in
766 2141 829 2192 sua
842 2129 928 2190 terra
945 2121 1246 2214 dehonestaverat,
1275 2141 1415 2192 exeom-

284 2223 478 2312 municavit,
505 2228 539 2291 ct
563 2227 681 2290 terram
710 2239 803 2289 suam
825 2221 887 2289 sub
911 2221 1086 2291 interdicto
1109 2225 1232 2312 posuit.
1273 2223 1417 2292 Ecoutra
1473 2243 1474 2248 ¹

284 2320 454 2410 predictus
471 2339 530 2390 rex
546 2321 683 2389 Francis
701 2322 735 2388 in
752 2321 902 2409 proximo
920 2319 1007 2390 lesto
1030 2321 1119 2390 beati
1136 2321 1305 2390 Johannis
1334 2322 1418 2408 bap·
1473 2373 1474 2378 ,

285 2421 364 2487 tlste
390 2437 506 2488 omnes
529 2420 675 2508 prelatos
702 2424 735 2486 et
760 2418 916 2488 doctores
935 2421 1030 2505 regni
1047 2421 1099 2488 sai
1117 2421 1264 2489 Parisius
1286 2437 1417 2488 convo-

285 2520 383 2587 cavit.
414 2518 464 2586 De
490 2536 627 2606 quorum
651 2517 791 2586 consilio
817 2523 850 2586 et
874 2534 1046 2586 consensu
1070 2517 1232 2606 quosdam
1260 2519 1417 2586 articulos

286 2624 401 2686 contra
417 2616 600 2705 predictum
617 2635 748 2706 papam,
766 2616 843 2684 licet
859 2617 967 2683 minus
986 2618 1218 2707 racionabiles,
1237 2619 1418 2704 conscrip-

288 2719 349 2805 sit,
375 2714 469 2784 etad
487 2714 629 2784 luturum
654 2733 773 2802 papam
798 2715 854 2782 vel
875 2715 1051 2782 concillum
1070 2722 1184 2784 contra
1209 2717 1415 2784 sentenciam

286 2817 321 2882 in
340 2833 414 2882 eum
431 2814 531 2882 latam
549 2831 658 2882 coram
675 2819 747 2882 toto
766 2813 855 2882 clero
875 2813 1101 2901 sollempniter
1122 2814 1317 2903 appellavit.
1343 2815 1419 2881 Post

287 2913 351 2981 bec
368 2913 402 2980 in
427 2911 516 2981 testo
542 2912 631 2981 beati
656 2911 833 3001 leronimi,
853 2929 895 2979 ex
912 2914 1148 3000 procuracione
1167 2915 1260 2999 regis
1279 2911 1417 3002 predicti

286 3018 324 3079 ut
341 3010 475 3100 dieitur,
494 3029 514 3078 a
532 3010 666 3078 domino
685 3010 783 3078 Serra
800 3015 956 3078 senatore
972 3016 1005 3078 et
1019 3013 1131 3079 amicis
1146 3011 1367 3079 cardinalium
1381 3009 1416 3077 de

289 3109 472 3196 Columpna
497 3108 723 3197 depositorum
750 3108 903 3176 dominus
928 3108 1119 3178 Boniiaeius
1143 3128 1230 3198 papo
1247 3109 1417 3198 predictus

287 3209 322 3274 in
340 3223 403 3274 suo
420 3207 550 3295 palacio
562 3203 716 3294 Anagnia
732 3213 784 3275 est
798 3206 961 3276 obsessos
980 3215 1013 3276 et
1031 3209 1227 3296 captivatus.
1245 3209 1289 3276 Et
1301 3207 1347 3276 ad
1361 3226 1417 3296 pe·

289 3307 442 3374 ticionem
461 3323 554 3372 suam
573 3305 615 3374 ad
632 3307 746 3374 urbem
764 3305 944 3396 deductus,
969 3306 1026 3373 ubi
1043 3309 1076 3374 in
1093 3307 1182 3375 lecto
1201 3305 1417 3392 decumbens,

288 3407 434 3493 receptis
453 3407 669 3473 sacramentis
688 3405 926 3472 ecelesiasticis
936 3457 945 3493 ,
963 3405 1039 3472 idus
1058 3399 1204 3474 octobris
1223 3404 1368 3474 feliciter
1389 3406 1417 3469 in

290 3505 424 3573 domino
441 3505 619 3593 requievit,
639 3509 672 3570 et
690 3504 842 3590 sepultos
860 3509 912 3571 est
925 3511 1004 3594 aput
1020 3511 1167 3572 sanctum
1182 3504 1325 3571 Petrum.
1345 3503 1419 3570 Post

291 3621 387 3690 quem
407 3602 538 3688 eligitur
555 3599 709 3669 dominus
729 3601 897 3688 Nycolaus
916 3599 1082 3670 Ostiensis
1102 3603 1304 3692 episeopuS,
1333 3609 1417 3669 etse

290 3707 390 3768 vocat
405 3699 619 3768 benedictum
636 3699 854 3768 undecimum.

364 3799 489 3866 Eodem
509 3816 597 3866 anno
615 3800 648 3866 in
666 3798 781 3884 vigilia
799 3801 1043 3887 assumpcionis
1062 3798 1143 3867 obiit
1159 3797 1316 3866 dominus
1333 3797 1419 3865 Leu-

292 3894 414 3982 poldus
433 3896 566 3964 Grindla
583 3896 876 3982 Bobenbergensis
902 3899 1084 3986 episcopus
1102 3914 1191 3965 anno
1208 3895 1419 3985 pontificatus

294 3994 346 4061 sui
372 3997 522 4080 septimo.
551 3995 610 4063 Cui
635 4001 770 4083 propter
795 3993 993 4064 discordiam
1019 3997 1255 4064 canonicorum
1275 3993 1419 4062 eiusdem

294 4091 436 4159 ecclesie
455 4091 608 4160 dominus
626 4093 818 4180 Wullingus
845 4093 886 4162 de
911 4094 1139 4162 Stubenberch
1157 4095 1341 4181 episcopus
1359 4092 1418 4159 Ln-

294 4188 461 4257 vandinus
481 4190 647 4278 succedit,
667 4191 708 4259 de
727 4191 843 4260 ordine
862 4192 1116 4282 Predicatorum,
1136 4191 1234 4260 datvvs
1254 4210 1273 4258 a
1293 4189 1418 4258 domino

295 4305 383 4374 papa
399 4286 581 4355 Benedicto
599 4287 784 4358 undecimo.
