2884 4834
264 144 337 215 200
629 172 766 220 anmms
787 172 1028 221 woaurrmnsss.

177 321 247 378 1260
264 312 475 402 Margarethe
502 309 576 403 [iuli
605 309 681 404 12].
723 311 765 380 Et
787 317 922 401 propter
942 329 1113 381 recessum
1133 311 1231 381 valde
1252 311 1381 381 celerem
1430 349 1431 402 t

260 412 465 482 dominorum
483 411 709 480 festinantium
723 411 785 478 iuit
807 411 851 480 ad
867 412 1001 500 plenum
1017 411 1245 502 destructuros
1261 409 1302 479 de
1324 431 1381 498 quo
1430 405 1431 468 t

259 512 350 579 multi
376 511 545 580 dolebant.
578 511 619 578 Et
643 516 820 598 antequam
847 529 867 578 a
893 512 970 580 loco
995 512 1220 580 recessissent
1247 512 1381 579 totaliter
1430 537 1431 568 r

258 612 346 678 inter
362 628 399 679 se
415 615 676 698 composuerunt
691 616 725 676 et
744 609 997 700 ordinavemnt‚
1021 628 1063 678 ao
1077 609 1219 678 fideliter
1242 609 1303 678 sub
1322 609 1379 678 dc·
1430 631 1431 668 r

260 711 330 777 bito
359 710 532 776 iuramenti
563 709 883 798 compromiserunt,
919 709 1010 798 quod
1042 711 1070 777 si
1101 710 1221 796 aliquis
1246 727 1382 795 unquam
1430 722 1431 766 t

144 857 146 859 .
260 826 375 876 eorum
393 809 448 894 qui
466 812 560 876 erant
576 809 610 875 in
626 807 802 876 obsidione
824 808 946 875 abillis
968 808 1010 876 de
1029 807 1160 876 Altzeia
1179 809 1273 875 lesus
1295 806 1383 874 fuerit
1430 827 1431 856 1

260 912 319 975 aut
339 912 499 993 gravatus
517 911 588 976 sive
607 905 859 994 dampnificatus
877 908 1007 976 illorum
1026 906 1116 975 sacto
1133 907 1175 976 de
1192 904 1318 974 Aitzeia
1331 913 1385 973 ant
1430 955 1431 965 κ

260 1007 495 1096 procuratione
522 1024 582 1094 per
605 1004 752 1074 fautores
783 1007 855 1074 sive
881 1007 1006 1075 amicos
1034 1023 1161 1095 eorum,
1185 1006 1251 1075 hoc
1270 1004 1383 1073 iactum

261 1106 404 1192 quisque
443 1104 649 1173 dominorum
681 1106 753 1172 sive
787 1106 908 1172 civium
943 1112 1100 1193 tanquam
1129 1106 1297 1194 proprium
1325 1104 1385 1170 sibi
1430 1151 1431 1164 2

260 1203 384 1272 facturn
400 1209 568 1291 reputaret
582 1209 616 1271 et
631 1203 824 1272 vindicaret.
854 1205 896 1272 Et
915 1204 1097 1294 superhoc
1113 1205 1241 1272 litteras
1260 1221 1335 1271 suas
1351 1205 1385 1269 in
1430 1222 1431 1236 ¹

260 1301 360 1370 robur
378 1308 412 1370 et
427 1303 651 1372 testimonium
672 1303 813 1371 invicem
834 1303 1047 1371 tradiderunt.
1430 1320 1431 1364 1

333 1399 432 1470 Anno
458 1403 592 1471 mcclx.
616 1401 697 1470 feria
720 1402 870 1470 secunda
893 1408 969 1470 ante
992 1401 1112 1471 iestum
1137 1402 1245 1469 sancti
1260 1399 1386 1468 Andree
1430 1420 1431 1426 ¹

239 1493 358 1588 '[nov.
378 1497 461 1590 29]‚
488 1519 590 1570 causa
615 1500 783 1568 discordie
808 1519 828 1568 a
851 1494 1038 1570 Richardo1
1054 1500 1277 1588 concordata,
1300 1501 1387 1566 cives
1430 1519 1431 1564 t

263 1597 305 1666 dc
324 1596 533 1686 Oppenheim
553 1603 587 1668 in
612 1600 722 1668 mrdtis
740 1607 960 1668 excesserunt
986 1607 1101 1668 contra
1124 1601 1216 1667 cives
1237 1598 1387 1666 Worma-

261 1697 408 1788 cieuses,
428 1715 542 1766 eorum
559 1698 726 1787 predones
738 1698 1004 1767 etincendiarios
1020 1698 1166 1768 fovendo
1184 1705 1217 1766 et
1235 1696 1387 1785 tenendo,
1430 1705 1431 1764 t

262 1797 406 1864 totaliter
422 1797 630 1866 immemores
650 1800 824 1866 iuramenti
848 1806 880 1866 et
901 1797 1182 1866 confederationis
1199 1799 1285 1864 inter
1299 1797 1386 1884 ipsos
1430 1817 1431 1860 t

264 1895 466 1964 confirmate.
500 1896 616 1964 Rixam
641 1899 746 1966 eciam
769 1899 856 1965 inter
878 1897 1042 1966 Jacobum
1063 1897 1105 1964 de
1128 1895 1257 1984 Lepide
1282 1900 1314 1963 et
1335 1895 1387 1962 Si·
1430 1911 1431 1960 t

261 1990 393 2062 monem
418 1994 460 2062 de
488 1995 672 2064 Gundheirn
694 2001 726 2063 ot
746 1998 838 2064 cives
862 1997 895 2064 in
916 1995 1073 2066 condictu
1093 1993 1269 2065 Osthoven
1290 2011 1387 2062 error·
1430 2015 1431 2058 r

261 2098 327 2160 tam
353 2087 505 2182 sopivit²
532 2097 567 2163 in
593 2095 647 2163 die
673 2097 779 2162 sancti
800 2095 966 2182 Lamperti
992 2093 1094 2186 [sept.
1123 2091 1186 2184 17]
1217 2111 1306 2161 anno
1325 2109 1388 2180 quo
1430 2107 1431 2154 t

262 2210 372 2282 supra,
389 2193 435 2260 ita
450 2197 487 2260 ut
505 2193 546 2261 de
564 2212 626 2263 suo
644 2194 738 2263 daret
759 2195 917 2282 predictis
936 2194 1103 2263 nobilibus
1121 2193 1286 2261 ducentas
1306 2210 1388 2258 mar·
1430 2223 1431 2272 t

262 2308 320 2358 cas
339 2291 402 2358 col.
423 2297 456 2358 et
472 2293 564 2360 cives
581 2299 746 2362 trecentas
769 2311 898 2361 marcas
920 2295 1066 2361 terminis
1091 2293 1223 2361 statutis
1239 2293 1273 2360 in
1291 2291 1389 2359 abso·
1430 2273 1431 2356 i

261 2389 420 2457 lutionem
445 2393 650 2479 captivorum
674 2399 707 2460 et
729 2399 911 2460 restaurum
929 2393 1152 2481 dampnorum.
1184 2392 1227 2459 Et
1253 2392 1301 2458 sic
1319 2391 1388 2478 ipsa

262 2486 316 2556 die
338 2487 456 2556 redditi
483 2498 560 2558 sunt
589 2492 717 2560 civibus
740 2497 867 2579 septem
897 2493 1017 2580 captivi
1038 2491 1132 2558 liberi
1158 2496 1190 2558 et
1212 2490 1312 2558 soluti
1336 2489 1387 2575 qui

262 2586 351 2676 apud
375 2587 558 2656 Gundheirn
582 2598 675 2658 erant
701 2596 778 2659 octo
802 2591 971 2659 mensibus
992 2590 1126 2658 detenti.
1163 2589 1331 2676 Philippus
1350 2587 1387 2654 de

261 2683 446 2754 Hoheniels
463 2693 496 2755 et
512 2688 726 2758 Falkenstein
742 2691 1018 2778 compositionem
1035 2691 1126 2776 regis
1145 2689 1286 2777 prestito
1301 2689 1387 2754 iura-

262 2792 373 2853 mento
391 2804 465 2854 cum
483 2787 640 2874 predictis
660 2789 789 2857 Jacobo
801 2794 844 2856 'et
863 2788 997 2857 Simone
1012 2787 1254 2856 confirmarunt.

337 2883 436 2952 Anno
454 2887 612 2954 mocisi.
630 2889 664 2955 in
682 2889 798 2973 vigilia
816 2889 924 2955 sancti
942 2887 1062 2956 Kiliani
1083 2883 1154 2977 [iul.
1176 2883 1213 2977 7]
1234 2885 1318 2952 sacta
1340 2889 1385 2951 est

261 2984 489 3051 reconciliatio
516 2985 602 3054 inter
621 2985 786 3054 Jacobum
812 2991 845 3054 ct
871 2987 1038 3054 Simonem
1065 2993 1099 3053 et
1122 2987 1215 3054 cives
1234 2983 1385 3052 Worma-

262 3081 396 3148 cieuses
415 3083 559 3150 totaliter
575 3085 740 3174 periente,
761 3091 795 3154 et
812 3087 912 3153 ctiam
930 3083 1203 3154 eumEberhardo
1224 3083 1292 3151 sdio
1311 3085 1384 3150 Ger·

261 3177 354 3246 hardi
380 3185 411 3247 et
439 3183 509 3248 suis
535 3184 750 3272 complicibus
773 3185 919 3253 totaliter
937 3185 1152 3252 terminatum.
1178 3182 1280 3250 Dedit
1299 3183 1382 3270 epis·

262 3296 368 3367 copus
384 3279 641 3350 Wormatiensis
661 3283 768 3352 eidem
785 3283 978 3351 Eberhardo
999 3288 1131 3351 centum
1149 3283 1249 3351 libras
1269 3282 1341 3349 hall.
1357 3283 1384 3345 et

262 3379 354 3447 cives
374 3379 521 3448 similiter
538 3387 670 3449 centum
686 3383 742 3450 lib.
757 3382 832 3449 hall.
852 3382 892 3448 Et
910 3383 959 3449 sie
977 3383 1117 3449 iuratum
1136 3388 1188 3449 est
1205 3401 1225 3450 a
1243 3380 1380 3470 partibus

261 3476 421 3545 ambabus
440 3477 744 3549 reconciliationem
771 3481 892 3549 domini
911 3479 1061 3548 Richardi
1088 3483 1178 3568 regis
1204 3478 1382 3570 peremnia

262 3592 473 3646 conservare.

338 3675 518 3745 Sciendum
537 3683 589 3746 est
607 3679 881 3746 etmemorialitcr
898 3677 1106 3747 retinendum
1124 3680 1266 3764 qualiter
1284 3676 1382 3746 dorni-

263 3789 327 3839 nus
355 3776 511 3861 antiquus
538 3794 651 3844 comes
671 3777 911 3866 Geminipontis
932 3778 1098 3845 civitatem
1116 3776 1382 3845 Wormatiensem

263 3871 373 3938 multis
402 3876 498 3940 annis
522 3881 609 3944 retro
635 3877 795 3963 impetivit
822 3882 855 3943 et
877 3876 1068 3963 impulsavit
1094 3877 1249 3944 omnibus
1275 3872 1380 3959 modis,

264 3986 423 4038 asserens
451 3990 488 4040 se
516 3991 593 4041 esse
619 3974 857 4061 burggrauium
881 3975 1180 4064 Wormatiensem,
1207 3981 1242 4042 et
1268 3975 1309 4043 de
1325 3974 1382 4039 iure

299 4099 329 4164 i)
348 4096 409 4151 dem
433 4101 583 4155 romischen
607 4101 697 4170 konig.
734 4105 765 4170 2)
783 4102 866 4170 konig
883 4101 1017 4169 Richard,
1036 4102 1182 4172 cigentlich
1206 4118 1250 4156 aur
1270 4103 1302 4158 ue
1317 4105 1382 4170 sept-t

262 4165 348 4234 vergl.
368 4166 465 4222 dessen
484 4177 617 4236 regestae.
