2886 4834
318 186 389 255 tto
682 212 815 260 amites
837 213 1075 262 nnsunrrnnrtsus.

234 359 302 415 rato
391 350 490 422 Anno
508 351 632 420 domini
644 352 755 420 mccl.
768 351 954 421 Fridericus
967 353 1154 443 imperator,
1173 370 1247 422 curu
1259 361 1420 442 postsuan

316 453 358 520 ab
375 452 511 541 imperio
531 451 775 540 depositionem
791 453 877 520 inter
904 452 1055 522 civitates
1073 451 1271 521 Lombardie
1288 453 1420 546 Parmam,

316 560 472 638 tanquam
490 552 597 638 magis
617 567 754 619 exosam
773 549 854 642 sibi,
874 549 949 618 lorti
966 567 1064 618 manu
1082 549 1270 642 obsideret,
1294 553 1421 639 alegate

316 651 441 719 domini
456 667 544 738 pape
562 655 596 716 et
613 667 633 716 a
650 648 885 718 Parmensihus
904 656 957 717 est
974 647 1136 718 devictus.
1162 649 1204 716 llt
1220 651 1349 719 amissis
1363 654 1421 720 the-

316 751 424 818 sauris
451 750 520 816 suis
547 754 581 815 et
607 747 706 816 rebus
732 748 804 814 aliis
827 749 860 814 in
878 745 1031 835 Apuliam
1048 747 1198 839 rediens,
1217 748 1263 816 ibi
1280 755 1366 835 gravi
1380 755 1421 818 r'n-

317 849 466 915 lumitate
485 853 674 937 correptus,
693 845 870 915 defunctus
889 853 949 914 est.

389 943 488 1014 Anno
513 945 637 1013 domini
654 946 789 1014 mccli.
808 944 983 1014 Comedus
1007 963 1080 1036 rex,
1108 946 1194 1016 filius
1212 947 1375 1034 Fridcrici,
1394 953 1420 1013 nt

316 1041 444 1113 mortuo
468 1051 562 1132 patre
586 1043 700 1112 Sicilie
724 1061 863 1130 regnum
889 1045 1090 1134 susciperet,
1114 1064 1174 1133 per
1190 1064 1281 1115 mare
1296 1047 1329 1114 in
1344 1042 1420 1132 dpu-

313 1144 391 1212 liam
418 1143 570 1234 devenit,
595 1149 629 1211 et
652 1149 749 1231 capta
774 1141 937 1238 Neapoli,¹
957 1161 1068 1212 muros
1092 1144 1179 1214 illius
1205 1143 1349 1213 funditus
1371 1144 1418 1210 de-

315 1243 442 1311 struxit.
470 1242 538 1311 Sed
555 1260 629 1313 cum
648 1242 908 1329 sequentianno
926 1243 1080 1311 introitus
1099 1245 1151 1311 sui
1168 1245 1202 1310 in
1220 1241 1365 1332 Apuliam
1380 1245 1419 1308 ir-

315 1342 433 1410 lirmari
463 1343 628 1430 cepisset,
657 1341 834 1429 clystere,
851 1340 942 1427 quod
960 1353 991 1407 a·
1005 1340 1142 1410 medicis
1171 1342 1371 1410 indicabatur
1389 1341 1420 1407 ad

316 1441 475 1530 salutem,
501 1457 633 1509 veneno
657 1443 759 1507 mixto
782 1439 891 1506 intulit
907 1440 972 1508 sibi
996 1446 1143 1508 mortem.
1176 1441 1258 1510 Post
1275 1441 1336 1508 lree
1352 1439 1420 1506 llil-

315 1538 444 1607 helmus
461 1557 520 1606 rex
538 1559 557 1606 a
573 1538 767 1607 Frisonibus
786 1539 918 1606 occisus
938 1531 1017 1606 est.1
1176 1601 1181 1608 .

389 1635 460 1705 llec
478 1636 619 1705 audiens
637 1639 817 1725 episcopus
838 1635 1050 1704 Coloniensis
1068 1636 1110 1706 ad
1129 1633 1286 1722 Angliam
1302 1635 1420 1725 perrexit

316 1742 350 1803 et
366 1735 444 1804 inde
462 1735 555 1803 duxit
570 1733 766 1804 Richardum
781 1733 898 1802 ducem
913 1735 1089 1824 cornubie,
1104 1753 1201 1822 quem
1215 1737 1289 1824 ipse
1305 1742 1336 1802 et
1348 1735 1419 1821 epis-

315 1852 420 1924 copus
432 1834 705 1920 ltlcguntinensis
719 1835 893 1920 elegerunt
908 1835 942 1902 in
959 1851 1074 1921 regem
1083 1856 1092 1921 ;
1111 1833 1231 1922 quibus
1251 1833 1340 1902 dedit
1355 1832 1418 1898 mul-

315 1941 380 2002 tum
405 1935 581 2022 peeuniam
607 1941 640 2002 et
664 1934 783 2002 ceteris
810 1934 979 2022 episcopis
1002 1931 1198 2014 Alemannie
1223 1940 1258 2001 et
1275 1931 1418 2000 nobilibus

312 2039 406 2101 terre.
440 2031 481 2100 lit
507 2050 581 2100 eum
604 2031 714 2100 adhue
737 2032 918 2120 opulentus
943 2037 1035 2100 esset
1059 2032 1093 2100 in
1120 2031 1243 2100 divitiis
1261 2031 1417 2099 vehebatur

310 2149 371 2220 per
387 2131 554 2220 principes
571 2127 767 2199 Alemannie
786 2128 828 2198 ad
846 2131 996 2217 singulas
1015 2131 1165 2198 civitates
1184 2138 1218 2198 et
1236 2129 1354 2219 oppida
1368 2130 1417 2194 in-

310 2231 395 2317 perii
414 2247 515 2318 super
532 2230 665 2298 lluvium
683 2229 806 2318 Rheni,
826 2235 860 2296 et
876 2230 917 2297 ab
936 2230 1088 2298 omnibus
1107 2229 1309 2314 civitatibus,
1327 2228 1364 2295 olr
1377 2244 1416 2293 re-

310 2329 492 2396 verentiam
510 2329 691 2417 principum
711 2329 857 2415 quicum
878 2345 919 2396 eo
938 2327 1095 2418 aderant,
1114 2328 1297 2396 honorifice
1315 2333 1360 2394 est
1374 2343 1416 2392 re·

312 2432 441 2514 ceptus.
467 2425 546 2496 Cum
565 2433 674 2494 autern
690 2425 875 2496 Richardus
902 2445 961 2495 rex
977 2428 1188 2516 pervenisset
1204 2444 1313 2514 usque
1330 2425 1366 2492 ed
1381 2426 1415 2490 ci-

309 2527 445 2594 vitatem
469 2526 652 2616 Basileam,
678 2525 800 2594 deiecit
826 2525 857 2593 ei
882 2526 1076 2596 substantia.
1119 2526 1212 2593 Tunc
1239 2526 1415 2612 reliquerunt

311 2641 385 2692 ettrn
402 2626 569 2714 principes
593 2622 789 2693 Alemannie
807 2624 926 2714 solum,
946 2623 1096 2692 dicentes
1113 2625 1292 2709 quodcum
1306 2641 1364 2690 acu
1377 2622 1414 2687 di-

310 2723 462 2791 leeerunt
478 2727 618 2809 propter
629 2741 828 2810 personum,
845 2725 907 2792 sed
921 2725 1049 2790 ratione
1065 2721 1261 2805 substantie,
1279 2728 1313 2790 et
1328 2719 1413 2788 dede·
1430 2729 1431 2736 ’

310 2827 385 2890 runt
409 2824 440 2890 ei
462 2823 610 2890 libellum
635 2821 772 2910 repudii.
796 2822 838 2890 llt
860 2840 920 2910 per
945 2821 1040 2890 aliern
1058 2822 1145 2888 viam
1161 2839 1318 2888 reversus
1335 2819 1412 2886 estin

264 2962 266 2966 -
308 2923 480 3006 regionem
499 2939 600 2989 suam.
627 2921 728 2990 Cuius
739 2922 830 3008 regis
845 2922 1001 2989 memoria
1010 2937 1084 2988 enm
1098 2921 1211 2988 sonitu
1225 2921 1327 3008 periit.
1343 2918 1413 2984 lunc

308 3021 441 3089 vaeavit
469 3037 609 3105 regnum
639 3019 861 3089 Romanorum
890 3021 986 3087 annis
1012 3017 1236 3105 vigintitribus
1262 3011 1412 3104 usquead

309 3124 459 3206 tempora
476 3116 600 3186 domini
617 3116 747 3188 Rudolir
766 3117 820 3187 dei
838 3119 944 3204 gratia
960 3118 1183 3187 Romanorum
1200 3119 1302 3202 regis.

383 3217 531 3285 Vacante
549 3223 659 3285 autem
675 3233 780 3304 regno
798 3216 948 3306 predicto
968 3215 1175 3284 Cnnradinus
1185 3269 1194 3305 ,
1221 3213 1355 3284 Cunradi
1369 3213 1429 3308 rel

308 3317 362 3402 gis
381 3315 483 3405 lilius,
507 3315 564 3382 lilii
580 3315 788 3405 imperatoris
805 3313 980 3406 Friderici,
1007 3315 1138 3403 pollens
1165 3313 1288 3382 divitiis
1313 3322 1342 3380 et
1361 3309 1429 3392 hel

307 3432 408 3504 nore,
428 3413 536 3483 adhuc
554 3413 773 3505 adolescens,
793 3414 834 3483 de
853 3420 958 3482 morte
975 3414 1078 3502 patris
1103 3415 1153 3481 sui
1173 3411 1314 3481 Cunradi
1331 3417 1358 3478 et
1371 3405 1409 3473 ari

308 3515 361 3581 sui
377 3513 534 3582 Frideriei
551 3514 760 3601 imperatoris
779 3512 912 3600 dolens,
932 3531 1005 3580 cum
1023 3518 1116 3580 esset
1132 3510 1217 3578 inira
1230 3510 1302 3579 dies
1314 3510 1408 3587 luctus,
1427 3541 1428 3580 r

306 3614 449 3682 consilio
466 3629 550 3681 usus
564 3629 717 3702 suorum,
735 3613 855 3680 volens
870 3618 902 3679 et
915 3618 1040 3698 patrem
1057 3617 1090 3678 et
1103 3629 1201 3678 avum
1219 3610 1339 3696 ulcisci,
1351 3606 1409 3672 licet

307 3717 400 3778 esset
422 3712 546 3780 teneris
568 3710 630 3779 sulr
656 3712 771 3801 annis,
799 3711 935 3796 collegit
956 3711 1136 3778 exercitum
1153 3727 1324 3798 magnum,
1340 3700 1409 3772 venit

344 3885 374 3948 1)
393 3881 452 3936 hier
470 3885 503 3938 ist
527 3885 553 3939 iu
577 3885 638 3938 dem
661 3882 712 3936 aul
731 3881 894 3936 Ellcnhards
917 3880 1119 3948 veranstaltung
1141 3881 1299 3950 gemachteu
1319 3885 1427 3944 assuage

308 3947 356 4000 der
379 3951 580 4004 vorstelrenden
603 3951 717 4004 annalem
742 3949 883 4018 folgendes
905 3949 1042 4003 bemerlrt:
1070 3949 1114 4002 Ab
1138 3951 1189 4002 islo
1214 3947 1275 4002 loco
1298 3959 1369 4014 usque
1386 3935 1409 3990 id

307 4015 387 4068 tinem
405 4019 576 4089 compilatum
596 4027 638 4073 est
655 4036 704 4089 per
721 4018 877 4072 (tetfridum
888 4019 1022 4071 notarium
1034 4017 1318 4084 eurieArgontinensis
1333 4011 1409 4082 dictum

308 4083 343 4138 de
360 4084 523 4156 Ensnringen
546 4085 582 4139 ad
603 4103 698 4158 preces
716 4087 804 4154 magni
822 4085 978 4142 Ellenhardi
996 4087 1176 4156 procuratoris
1193 4083 1294 4138 fabrice
1310 4082 1408 4146 Argant-

308 4153 398 4232 nens'is
425 4161 452 4206 et
479 4155 666 4223 gubernatoris
693 4153 931 4225 prebendaricrunr
958 4169 1104 4224 pauperum
1133 4155 1219 4207 saneti
1245 4152 1350 4224 Spiritus
1371 4144 1408 4196 tr-

307 4229 424 4286 gentrne.
1157 4243 1159 4248 ·
