2878 4834
275 239 348 308 2711·
616 267 750 315 cursumr
771 267 836 314 cur.
857 266 924 314 rm.
947 266 1040 314 coroa

347 408 436 476 xxxi.
453 405 649 492 Prlegriuus.
666 403 1386 493 HiomouasteriumColoniequoddieiturud
1427 357 1429 414 ¹

273 513 409 576 sauotos
427 504 612 594 Apostolos
638 506 822 574 ooustruxit
848 510 882 574 et
911 503 1142 573 suffioieutiam
1169 507 1383 574 eunouieomm
1428 585 1429 588 Ἴ

272 607 339 674 illie
366 604 533 672 adunavit.
572 603 697 672 Floruit
720 603 783 672 sub
803 601 957 672 Conrado
984 601 1145 672 seeundo.
1185 603 1278 673 Sedit
1300 607 1381 674 anuis

164 705 170 716 '
274 704 470 793 quindecim.
498 701 658 789 Sepultus
678 709 731 770 est
744 701 788 770 ad
807 708 945 771 suuotos
962 699 1147 791 Apostolos
1162 696 1183 772 ¹.

346 803 445 870 xxxii.
463 800 673 868 Hermauuus
682 854 692 890 ‚
718 819 817 888 quem
833 801 980 870 mobilem
996 806 1121 869 voeaut
1130 852 1139 890 ,
1167 801 1233 871 sub
1248 799 1387 870 Heiurioo

273 901 379 970 tertio.
407 900 502 969 Sedit
518 900 616 968 aunis
634 900 761 986 viginti.
796 899 953 988 Sepultus
971 904 1024 968 ast
1040 899 1083 968 ad
1099 908 1252 968 sonetum
1264 901 1387 968 Petrum.

346 1001 457 1068 xxxiii.
477 998 620 1066 Sanetus
635 996 755 1088 Anne,
780 997 843 1067 llos
866 1004 899 1067 et
917 1015 1005 1066 uova
1022 999 1080 1067 lux
1097 1000 1198 1068 totius
1218 999 1386 1088 Gemruuie,

275 1100 330 1185 qui
349 1103 489 1166 ouuetos
508 1102 742 1165 antecessores
761 1115 844 1165 suos
868 1098 902 1164 iu
928 1099 1200 1183 augmentatione
1219 1097 1387 1166 Colonieu-

273 1199 320 1265 sis
340 1198 482 1266 eoolesie
499 1195 673 1284 preoessit.
706 1193 794 1264 Aute
821 1202 1014 1284 suseeptum
1032 1197 1263 1285 episcopatum
1280 1213 1388 1285 prepo-

273 1298 356 1364 situs
376 1302 447 1364 erat
462 1296 497 1362 iu
508 1294 667 1362 Goslaria.
683 1293 721 1362 lu
738 1295 807 1363 vita
824 1312 886 1362 sua
902 1293 982 1362 ieeit
999 1287 1177 1386 monstra²‚
1196 1301 1230 1364 et
1246 1296 1281 1362 iu
1299 1300 1387 1364 morte

273 1412 336 1462 sua
353 1399 510 1483 operatus
529 1398 583 1462 est
599 1392 775 1480 mirabilia3
799 1392 889 1462 uude
914 1399 947 1461 et
967 1394 1002 1460 iu
1024 1395 1112 1462 omui
1130 1411 1187 1463 ore
1205 1393 1304 1482 quasi
1319 1393 1387 1460 mel-

272 1493 494 1561 iuduloabitur
522 1493 596 1559 eius
620 1493 787 1560 memoria.
825 1493 935 1560 Preter
958 1493 1128 1561 innumera
1151 1493 1316 1561 benefioia
1337 1509 1388 1579 que

272 1593 445 1679 episeopio
464 1591 620 1680 eontulit,
646 1596 757 1679 preter
779 1591 891 1680 plures
917 1592 1080 1660 ecelesias
1099 1607 1183 1679 quus
1208 1593 1244 1659 in
1263 1589 1388 1659 diversis

271 1690 356 1758 loois
375 1691 569 1778 eoustruxit,
586 1695 697 1776 preter
713 1685 778 1758 ho'e
795 1689 886 1777 quod
902 1690 1025 1757 nullum
1037 1690 1224 1778 indyoeesi
1240 1707 1303 1758 sua
1320 1706 1389 1757 eou-

272 1790 503 1876 gregatiouom
520 1787 643 1855 dimisit
666 1807 764 1876 quam
789 1789 859 1857 suis
884 1807 953 1857 uou
971 1789 1143 1878 ampliaret
1160 1787 1279 1878 donis,
1305 1789 1389 1857 etiam

273 1890 420 1976 quinquo
446 1887 718 1976 opulentissimas
742 1889 1026 1973 oougregatioues
1051 1889 1200 1956 instituit.
1234 1886 1388 1956 Allodiuu

271 1986 351 2055 illud
376 1986 624 2055 oaleberrimum
643 1985 734 2075 quod
752 1985 900 2055 Salevolt
925 1985 1044 2055 dieitur
1073 1987 1245 2076 episcopio
1272 1985 1389 2054 udieeit.

273 2085 540 2175 Supersedemus
567 2083 610 2153 do
628 2103 669 2154 eo
688 2085 823 2172 singula
839 2084 968 2175 dicore,
993 2087 1149 2173 quoniam
1174 2086 1238 2154 etsi
1265 2102 1328 2153 uos
1344 2090 1389 2151 ta·
1428 2109 1429 2112 ¹

272 2187 435 2252 oderimus
470 2182 601 2271 lapides
628 2184 827 2253 olamobuut.
868 2183 994 2252 Floruit
1028 2183 1230 2274 temporibus
1254 2181 1389 2253 lleiuriei
1428 2207 1429 2210 ¹

272 2285 378 2369 quarti
405 2283 548 2368 augusti.
581 2281 675 2351 Sedit
694 2284 732 2350 iu
762 2283 958 2372 episeopatu
975 2283 1093 2370 viginti
1116 2283 1214 2351 uuuis
1240 2287 1275 2352 ol
1291 2282 1389 2351 semis.

272 2382 430 2470 Sepultus
455 2387 508 2449 est
536 2381 569 2448 iu
590 2383 733 2451 eeuobio
759 2397 822 2450 suo
842 2381 1022 2474 sigeberg,
1049 2383 1305 2472 ubi-inuumeris
1321 2380 1389 2448 vivit

272 2482 449 2548 miraeulis.

270 2681 390 2747 ratoris
408 2679 554 2746 Heiurioi
572 2683 681 2767 esset,
709 2683 846 2746 sanetus
864 2675 963 2746 Auuo
989 2679 1019 2746 oi
1043 2676 1185 2767 predixit
1210 2676 1302 2765 quod
1324 2679 1388 2764 post

271 2795 308 2845 se
327 2783 477 2846 reoturus
497 2781 590 2844 esset
614 2777 791 2844 eeclesiam
809 2775 1054 2846 Colonieusem.
1070 2776 1154 2844 ‘Fuit
1170 2776 1234 2845 sub
1252 2774 1388 2864 predicto

270 2877 467 2964 imperatore
484 2873 640 2943 Heiurioo
659 2881 786 2963 quarto.
813 2874 907 2944 Sedit
925 2877 1021 2944 aunis
1038 2877 1096 2944 vix
1113 2877 1271 2962 quinque.

343 2993 442 3042 xxxv.
461 2975 654 3060 Sigewiuus
682 2973 832 3042 deeauus
860 2975 966 3043 sauoti
989 2975 1092 3065 Petri,
1123 2973 1166 3042 de
1191 2991 1258 3062 quo
1283 2971 1386 3040 beatus

270 3071 369 3140 Anno
388 3075 484 3140 simili
503 3073 603 3140 modo
621 3074 820 3141 vutioiuatus
839 3079 901 3141 est.
934 3074 981 3142 ut
997 3075 1072 3162 ipse
1090 3072 1152 3141 sub
1171 3071 1292 3141 eodem
1307 3071 1386 3160 priu-
1425 3089 1426 3124 ὲ

271 3171 346 3259 oipe
364 3171 482 3261 floruit,
502 3172 655 3260 seditque
674 3173 770 3240 amris
788 3171 914 3240 deoem.

323 3271 453 3339 xxxvi.
479 3271 686 3338 Hermauuus
713 3288 812 3358 quiem
839 3270 972 3338 divitem
999 3270 1122 3338 diouut.
1157 3267 1260 3337 Cuius
1286 3268 1385 3353 utique

270 3367 384 3438 divitie
409 3369 603 3458 prosuerunt
626 3369 781 3438 ecelesiis
805 3368 934 3437 Christi.
968 3369 1040 3438 Fuit
1064 3368 1127 3437 sub
1145 3368 1275 3456 prelato
1292 3369 1383 3453 impe·

269 3475 377 3538 ratore
403 3467 568 3538 Heinrieo.
602 3467 698 3537 Sedit
723 3469 821 3536 aunis
842 3467 959 3536 deeem
984 3474 1018 3536 et
1042 3467 1217 3537 mensibus
1244 3463 1384 3554 quinque.
1424 3485 1425 3516 ;

272 3565 429 3655 Sepultus
448 3575 499 3636 est
518 3570 552 3635 iu
571 3568 729 3656 oapitolio
748 3567 997 3653 sigebergensi.
1103 3581 1106 3588 ·

342 3668 474 3734 xxxvii.
490 3665 809 3752 Frideriousmagis
833 3666 991 3734 instantia
1022 3663 1164 3754 predieti
1193 3657 1383 3750 imperatoris

270 3781 368 3850 quam
392 3768 536 3854 priorum
563 3766 728 3834 eleetioue
756 3763 985 3853 episeopatum
1008 3763 1168 3853 adeptus,
1198 3779 1273 3829 uam
1290 3771 1383 3844 usque

270 3861 313 3928 ad
337 3864 419 3932 illud
445 3870 576 3953 tempus
601 3863 1003 3952 imperatores‘auuulum
1033 3868 1066 3930 et
1094 3861 1249 3930 barulum
1266 3857 1383 3927 dabaut.

268 3958 332 4027 Hie
349 3962 531 4030 Friderious
556 3964 606 4030 vir
622 3963 860 4051 puloherrimus
879 3967 964 4052 erat,
990 3963 1039 4030 vir
1062 3977 1184 4046 magua
1202 3955 1381 4038 eoustautie‚

270 4057 355 4128 adeo
373 4066 410 4127 ut
427 4079 491 4128 uae
508 4062 698 4150 imperatori
716 4063 873 4130 resistere
890 4062 1029 4130 timeret.
1055 4061 1132 4149 lpse
1152 4064 1205 4127 est
1223 4058 1276 4145 qui
1292 4054 1383 4122 lanto-

304 4202 334 4263 ll
354 4188 483 4270 Sepultus
506 4201 547 4254 bis
566 4201 715 4272 Apostolos
738 4203 806 4256 lehlt
830 4203 858 4256 iu
876 4199 925 4257 d'er
948 4201 988 4258 hs.
1009 4201 1057 4256 des
1076 4199 1222 4266 Gelenius,
1245 4196 1313 4252 stell
1328 4193 1382 4248 ater

269 4266 313 4319 bei
333 4267 419 4322 llahu.
456 4271 488 4334 2)
507 4273 670 4324 monastario
688 4270 732 4324 bei
750 4269 862 4325 Lovold.
