2884 4834
290 233 358 304 162
670 261 801 309 anricus
821 259 1056 309 wcnnnvmnsrs.

288 401 409 470 dictum
428 407 480 468 est
497 400 710 490 pervenisset
726 399 917 468 Ravennam
936 398 978 468 ad
993 399 1115 468 ouriam
1135 397 1259 468 domini
1277 400 1419 489 impera·

286 503 369 570 toris
387 499 560 590 Friderici‚
587 501 711 590 incepit
735 500 882 586 graviter
899 497 940 566 de
960 493 1126 589 civibus¹,
1153 501 1295 587 qualiter
1313 501 1416 588 ipsum

286 607 451 688 mmquam
470 617 529 688 pro
548 599 669 668 nichilo
694 604 947 687 reputaverunt,
973 604 1006 666 et
1024 615 1084 687 per
1102 615 1140 666 se
1158 601 1302 667 consilia
1320 605 1353 667 ct
1368 600 1416 666 iu-

286 699 375 768 dicia
391 700 424 766 in
443 697 767 768 confraternitatibus
784 698 1048 785 uniuscuiusque
1068 697 1179 787 operis
1197 701 1285 766 inter
1303 716 1341 766 se
1359 697 1416 765 ba-

285 799 419 888 berent,
437 797 560 867 iudicia
577 798 729 886 episcopi
747 797 844 884 quasi
861 815 921 884 pro
939 796 1062 865 nicbilo
1080 799 1316 887 reputaverint.
1343 794 1413 864 An-

286 897 418 966 dientes
437 896 500 965 beo
519 898 669 985 episcopi
686 895 859 965 Alemanie
878 913 994 963 omnes
1013 895 1172 964 favebant
1194 899 1233 965 ei.
1260 897 1303 965 Et
1321 898 1369 964 sio
1385 898 1415 962 in

287 998 455 1066 sententia
482 995 625 1064 obtinuit
651 994 742 1084 quod
766 994 920 1063 dominus
938 995 1115 1082 imperator
1132 995 1194 1066 hec
1213 997 1326 1064 omnia
1343 1013 1416 1064 oas-

287 1097 383 1165 savit.
410 1095 451 1164 Et
477 1093 519 1163 de
544 1095 709 1163 communi
733 1093 832 1162 domo
857 1101 1083 1184 conquestus,
1112 1094 1253 1164 obtinuit
1279 1095 1415 1164 eandem

287 1194 419 1266 domum
438 1211 512 1263 oum
531 1193 635 1262 londo
655 1211 749 1262 suram
768 1209 846 1260 esse
866 1191 988 1261 debere
1008 1190 1122 1284 [1232
1141 1192 1233 1286 mai].
1259 1193 1415 1282 Acceptis

285 1297 399 1383 itaque
429 1293 613 1382 privilegiis
639 1292 864 1381 imperialibus
896 1291 1041 1382 desuper
1066 1309 1178 1362 coram
1203 1294 1416 1383 principibus,

286 1400 366 1463 iuno
393 1393 559 1461 civitatem
589 1393 730 1461 letanter
755 1391 916 1482 accessit,
942 1397 975 1461 et
999 1391 1213 1484 postmodum
1232 1394 1320 1461 siout
1336 1392 1415 1460 inira

287 1495 446 1581 scriptum
465 1498 518 1560 est
536 1491 646 1559 omnia
664 1491 905 1559 determinavit.

362 1591 443 1659 Cum
460 1591 573 1678 itaque
593 1591 702 1659 omnia
721 1595 838 1658 essent
855 1589 888 1657 in
906 1588 996 1659 bono
1023 1595 1113 1659 statu
1138 1590 1274 1678 quidam
1300 1587 1342 1660 do
1367 1591 1414 1658 ci-

285 1691 395 1782 vibus,
414 1687 569 1758 timentes
588 1688 678 1777 quod
695 1707 755 1778 per
770 1689 860 1756 illam
874 1689 1285 1758 honestissimamdomum
1304 1691 1415 1758 civitas

286 1795 406 1879 posset
428 1795 589 1877 perpetuo
616 1789 765 1878 gravari,
790 1789 836 1855 ita
863 1787 953 1875 quod
978 1789 1019 1857 ab
1037 1789 1235 1878 imperatore
1253 1790 1310 1857 vel
1329 1791 1414 1878 epis-

288 1907 375 1977 copo
394 1895 515 1977 posset
533 1887 575 1956 de
593 1888 650 1954 illa
670 1886 770 1956 domo
790 1885 859 1954 lieri
877 1888 1020 1956 municio
1040 1887 1241 1978 firmissima,
1268 1890 1413 1957 volentes

288 1988 351 2058 sibi
369 1987 562 2078 providere,
589 1988 758 2054 iusserunt
784 1984 947 2074 lapicidas
965 1988 999 2054 in
1023 2003 1114 2055 muro
1139 1979 1259 2057 do'mus
1282 1987 1435 2060 inieriusr

289 2104 449 2158 exsecare
481 2086 612 2175 lapides
640 2090 673 2153 et
694 2087 786 2172 ligna
811 2084 992 2154 includere.
1027 2087 1068 2154 Et
1092 2087 1156 2155 hiis
1181 2089 1328 2177 peractis
1350 2087 1413 2173 igni

287 2189 395 2276 ipsam
413 2177 689 2254 succenderunt².
728 2185 768 2252 nt
785 2183 886 2252 liebat
909 2185 998 2271 ignis
1016 2183 1242 2256 validissimus
1260 2205 1321 2274 per
1337 2203 1414 2253 noo-

288 2293 355 2354 tem
373 2285 589 2375 comburenS,
615 2289 648 2352 et
664 2286 713 2353 sic
736 2283 875 2351 bouilla
900 2283 1019 2352 domus
1037 2286 1257 2373 pulcherrima
1274 2293 1308 2354 ct
1323 2284 1413 2354 valdo

288 2383 383 2454 lortis
401 2383 617 2452 vehementer
644 2385 765 2452 corruit
783 2383 926 2452 totaliter
944 2402 1045 2473 super
1064 2389 1190 2455 terram.
1224 2385 1265 2453 nt
1284 2391 1412 2454 contre-

289 2485 371 2552 muit
395 2483 511 2552 civitas
541 2499 599 2571 pre
625 2485 720 2551 ruina
744 2483 842 2550 eius..
871 2480 957 2551 Acta
988 2487 1065 2552 sunt
1091 2484 1156 2554 bec
1179 2501 1270 2553 anno
1300 2483 1414 2553 domini

288 2583 492 2652 mcoxxxii.
511 2585 544 2650 in
563 2580 728 2650 dominica
745 2580 890 2649 dubilate
908 2588 987 2670 post
1002 2585 1130 2672 pascba
1148 2585 1231 2652 hora
1248 2584 1356 2651 tercia.

363 2681 424 2750 llis
451 2682 606 2750 omnibus
624 2681 771 2770 peractis
790 2685 823 2748 et
840 2682 1084 2771 compositione
1102 2689 1284 2752 memorata
1301 2684 1412 2750 conir-

289 2789 395 2871 mata,
420 2782 513 2850 venit
536 2780 691 2850 dominus
715 2777 891 2849 Heinricus
919 2783 1101 2870 episcopus
1120 2800 1192 2850 cum
1212 2783 1302 2850 clero
1319 2781 1412 2851 Wor·

289 2881 449 2948 maciensi
466 2879 645 2948 Nuhusam.
671 2877 720 2948 Ac
738 2887 956 2949 accesserunt
974 2883 1065 2949 cives
1088 2883 1238 2950 universi
1256 2881 1298 2950 ad
1315 2883 1410 2969 ipsum
1433 2883 1434 2926 l

289 2980 368 3047 illuc
385 2978 504 3070 pedes,
523 2985 557 3048 et
574 2970 706 3065 genua³
721 2979 936 3048 incurvantes
950 2997 1051 3070 super
1065 2983 1182 3050 terram
1197 2980 1341 3072 absolvit
1355 2980 1409 3048 do-

290 3077 398 3145 minus
417 3079 597 3166 episcopus
617 3071 698 3148 eos*
716 3077 760 3145 ab
774 3081 1126 3149 excommunicatione.
1144 3081 1410 3166 Etsiccumgau-

290 3175 347 3244 dio
366 3193 482 3244 omnes
502 3179 597 3245 simul
615 3177 742 3246 reversi
762 3183 840 3245 sunt
857 3179 891 3246 in
909 3179 1073 3248 civitatem
1090 3186 1122 3248 et
1137 3178 1250 3248 divina
1268 3182 1409 3248 continue

291 3267 495 3344 constituta.⁵
519 3275 560 3344 Et
587 3278 695 3346 statim
721 3294 795 3344 cum
814 3275 968 3346 dominus
987 3279 1168 3368 opiscopus
1186 3280 1319 3346 intravit
1335 3278 1407 3346 oivi-

291 3373 391 3442 tatem
410 3393 501 3444 suam
512 3427 521 3464 ,
541 3379 700 3444 continuo
719 3377 822 3462 elegit
836 3377 898 3444 sub
909 3377 1012 3446 forma
1021 3383 1195 3466 prenotata
1209 3396 1329 3446 novem
1339 3395 1407 3445 oon-

291 3475 395 3544 sules
421 3475 462 3543 Et
488 3481 678 3543 convocato
706 3475 831 3563 populo
856 3494 916 3564 per
935 3495 1129 3566 campanam
1147 3495 1259 3546 coram
1276 3479 1308 3545 in
1327 3484 1406 3561 stega

292 3591 353 3642 sua
360 3626 370 3664 ,
388 3581 545 3663 presente
564 3575 653 3642 olero
673 3579 707 3642 et
723 3575 958 3666 universitate,
977 3577 1071 3666 ipsos
1089 3595 1212 3646 novem
1227 3576 1406 3644 denomina-

291 3673 355 3763 vit,
367 3673 430 3761 ¹qui
455 3673 559 3741 eciam
576 3675 610 3741 in
634 3674 818 3742 continenti
836 3691 896 3743 sex
915 3676 1034 3743 milites
1053 3675 1354 3745 denominaverunt.
1375 3673 1406 3741 Et

328 3862 360 3926 l)
379 3864 509 3933 conqueri
534 3862 601 3917 oder
624 3865 668 3917 ein
690 3864 829 3920 abalienes
847 3870 917 3918 mort
939 3865 1043 3920 scheint
1060 3882 1093 3918 zu
1112 3863 1213 3918 sehlen.
1250 3868 1282 3933 2)
1302 3867 1329 3920 ln
1346 3864 1406 3916 einer

291 3927 393 3982 andern
410 3929 451 3985 hs.
470 3930 555 3984 steht:
580 3931 698 3998 Quidam
722 3949 818 4004 nempe
843 3931 878 3986 de
902 3933 1022 3999 civibus,
1049 3935 1173 3987 timentes
1192 3933 1266 4004 quod
1284 3929 1404 4005 perillam

293 3994 515 4052 domumcivitas
532 4006 623 4071 posset
640 4009 771 4071 perpetuo
789 4001 910 4070 gravari,
932 4001 970 4054 ita
992 4003 1063 4072 quod
1087 4001 1121 4055 de
1146 4003 1309 4072 imperatore
1331 4003 1405 4072 posset
1432 4009 1433 4052 l

291 4063 351 4144 deri
369 4063 403 4144 de
420 4065 468 4119 illa
486 4066 566 4124 domo
584 4070 698 4122 munitio
716 4069 881 4135 firmissima,
899 4069 1025 4124 volentes
1043 4071 1094 4124 sibi
1112 4071 1272 4141 providere,
1289 4071 1404 4122 iusserunt
1432 4069 1433 4072 ’

292 4131 409 4186 rncendr.
428 4133 462 4186 Et
480 4137 641 4189 contremuit
665 4145 716 4190 etc.
753 4141 784 4203 3)
804 4151 893 4206 genua
915 4137 981 4192 fehlt
1005 4140 1031 4192 in
1055 4139 1104 4192 der
1128 4133 1405 4194 mansuetissimis,

292 4199 386 4320 grffil'ftto
397 4199 456 4322 ⁵1:2¹¹
479 4200 544 4255 aber
571 4205 598 4256 iu
624 4205 700 4258 einer
726 4206 836 4260 andern.
881 4208 913 4273 d)
937 4223 984 4261 eos
1011 4206 1077 4262 sehlt
1100 4207 1127 4261 in
1153 4206 1201 4262 der
1224 4208 1262 4262 hs.
1306 4208 1334 4273 5)
1354 4218 1405 4254 con-
