2878 4834
379 277 547 324 orruormra
568 278 809 326 woruammsm.
1092 250 1163 319 229

91 415 130 474 m
151 411 385 475 lllenstmanuen
412 413 614 476 rathmuuuen
646 413 761 476 rlebter
791 412 930 476 sebdllen
961 413 1023 475 und
1051 413 1164 490 bllrger

150 495 331 570 gemelulleb
359 511 419 558 von
447 496 567 560 Wcrms
595 495 799 558 beurkunden
826 496 915 558 ibren
936 498 991 557 mlt
1012 495 1072 558 den
1092 496 1163 558 bilr-

151 593 226 652 gem
247 591 306 638 rou
327 578 422 640 llairm
443 595 498 640 zur
519 578 604 640 blllie
624 595 680 640 zur
701 577 973 654 aufreabtbaltung
997 578 1072 640 aller
1092 578 1162 640 bltr-

152 658 308 735 gerllclreu
327 659 433 722 recbte
454 660 517 722 uud
538 677 591 722 zur
611 659 952 722 sebiedsriebtarlicben
969 660 1165 737 sebllebtuug

150 741 225 803 aller
255 743 479 818 streitiglrelten
510 744 702 819 gegeuseitig
733 745 983 820 alugegaugeuen
1014 744 1077 805 uud
1111 743 1163 806 be·

151 823 334 886 sobworneu
355 823 447 886 buud.
494 825 580 887 1254.

107 959 143 1026 lu
166 959 300 1027 nominc
325 963 441 1030 sancte
467 965 501 1026 et
517 957 690 1028 individue
717 959 890 1049 trinitatis,
922 977 1028 1026 amen.
1062 957 1163 1026 ltlini-

47 1058 184 1126 steriales
203 1058 364 1126 eonsules
382 1056 512 1126 iudices
530 1057 660 1126 scabini
678 1063 712 1128 et
728 1059 875 1126 universi
894 1059 985 1126 cives
1002 1057 1163 1125 Worma-

46 1157 174 1225 cieuses.
191 1156 368 1226 Universis
382 1162 573 1246 presentem
586 1157 743 1245 pagiuam
763 1157 963 1246 inspecturis
982 1155 1163 1244 perfectam

46 1257 186 1324 noticiam
204 1256 477 1344 subscriptorum.
512 1255 641 1325 Miridci
665 1257 825 1326 creatoris
853 1257 1029 1324 clementia
1046 1273 1162 1344 pacem

7 1377 8 1382 ¹
44 1361 71 1422 et
86 1354 291 1424 concordiam
316 1356 349 1424 in
374 1354 561 1424 homiuibus
586 1361 760 1446 operatur,
790 1355 883 1424 cuius
910 1372 1032 1424 nomen
1060 1361 1113 1424 est
1128 1355 1163 1422 in

7 1461 8 1512 ἱ
46 1455 146 1522 secula
165 1453 387 1522 benedictum.
414 1451 520 1523 Huius
538 1455 650 1542 itaquo
669 1456 786 1544 spiritu
805 1459 838 1522 et
855 1453 982 1544 lavore,
1002 1455 1075 1522 sine
1094 1471 1161 1541 qno

7 1575 8 1578 ¹
43 1553 132 1621 niclril
147 1551 314 1622 laudabile
333 1561 391 1622 aut
407 1551 601 1644 perlectum,
621 1571 684 1624 nos
704 1555 839 1642 antique
858 1552 936 1621 fidei
955 1560 990 1621 et
1007 1552 1162 1621 dilectio·

43 1653 87 1720 uis
104 1671 279 1734 memoreS,
297 1671 363 1740 que
381 1653 472 1733 iuter¹
483 1670 547 1721 nos
565 1659 711 1722 nostram
730 1659 764 1721 et
781 1653 990 1739 ltlaguntiam
1009 1653 1161 1720 civitates

44 1751 193 1838 agebatur
219 1749 423 1840 temporibus
441 1753 657 1840 preteraotis,
686 1751 773 1820 idem
801 1749 898 1820 ledus
922 1749 1102 1820 concordie
1129 1756 1163 1818 et

43 1851 165 1918 unitatis
184 1849 286 1937 digne
304 1849 457 1918 duximus
476 1850 722 1941 innovandum,
754 1856 788 1920 et
811 1869 854 1918 ne
878 1850 1007 1918 labatur
1027 1867 1087 1938 per
1104 1867 1162 1918 se-

42 1949 109 2017 cula
123 1949 324 2018 confirmare.
349 1949 484 2020 Civibus
503 1950 636 2038 quidem
663 1950 812 2019 eiusdem
830 1951 973 2018 civitatis
991 1967 1054 2018 nos
1073 1966 1162 2016 una-

42 2049 159 2117 nimiter
183 2055 217 2118 et
234 2049 369 2138 publice
388 2051 599 2118 astrinximus
618 2051 811 2139 iuramento,
832 2047 921 2136 quod
940 2065 1054 2116 eorum
1073 2046 1162 2116 lide-

41 2146 84 2215 les
101 2166 177 2217 esse
196 2148 380 2216 tenebimur
405 2149 439 2216 in
467 2155 662 2237 perpetuum
688 2148 859 2216 adiutores
886 2153 1001 2216 contra
1024 2147 1161 2214 univcr-

41 2264 109 2337 sos,
141 2248 197 2335 qui
231 2248 326 2335 ipsos
360 2247 628 2336 propulsaverint
661 2249 787 2316 iniuriis
818 2252 876 2314 aut
900 2247 1162 2336 presumpserint

41 2352 143 2414 contra
168 2347 335 2414 iusticiam
359 2347 548 2414 molestare.
582 2347 735 2416 Pretereu
762 2347 873 2416 omnia
897 2347 967 2414 iura
994 2345 1104 2414 civilia
1127 2346 1162 2412 in

40 2445 156 2512 iudiciis
185 2445 381 2534 sententiis,
405 2463 538 2514 necnon
556 2447 589 2514 in
607 2447 773 2514 universis
792 2445 865 2514 aliis
883 2445 1026 2513 iusticiis
1046 2451 1079 2512 et
1096 2461 1161 2512 un·

8 2601 10 2624 ,
41 2544 145 2634 gellis,
165 2562 231 2632 que
259 2545 425 2612 civitatem
448 2551 594 2613 nostram
622 2547 837 2634 contingunt,
867 2544 951 2632 ipsis
976 2544 1161 2612 incivitate

8 2647 10 2708 l
42 2651 67 2708 et
83 2642 229 2711 districtu
247 2649 363 2712 nostro
382 2649 538 2732 tanquam
555 2646 679 2712 nostris
699 2642 928 2712 exhibebimus
948 2660 1034 2729 equa
1051 2641 1160 2731 lance,

9 2787 11 2830 ,
9 2733 75 2808 ita
99 2741 189 2830 quod
216 2742 280 2810 hiis
302 2741 418 2833 iidem,
453 2742 631 2811 existendo
664 2744 768 2810 nostri
793 2743 970 2830 conuiuae,
1002 2757 1069 2806 una
1095 2757 1160 2807 no-

9 2831 154 2908 liscum
177 2841 390 2955 perhenniter
414 2848 597 2910 cumulentur
625 2839 696 2924 Que
716 2842 757 2910 de
783 2841 921 2908 cetero
912 2840 994 2928 rpsis
1012 2840 1071 2906 rite
1092 2837 1160 2905 ob·

43 2940 237 3010 servabimus
270 2941 342 3010 sine
370 2940 459 3010 dolo.
511 2941 593 3010 Et
584 2943 648 3030 rpsi
675 2941 823 3010 similiter
849 2937 946 3008 nobis
973 2940 1161 3007 iuraverunt

43 3045 68 3105 et
83 3038 308 3109 observabunt
326 3039 388 3108 bec
405 3041 515 3109 omnia
532 3041 606 3108 vice
623 3058 733 3108 versa.
774 3037 827 3108 lid
846 3036 1078 3108 removendam
1098 3055 1160 3104 au-

43 3141 95 3204 tem
120 3155 253 3206 omnem
279 3139 346 3206 litis
374 3141 589 3208 occasionem
616 3146 673 3208 aut
697 3137 866 3207 discordie
891 3135 1053 3225 tomitem,
1094 3153 1159 3223 que

42 3235 193 3305 internos
214 3243 247 3304 et
265 3237 422 3306 concives
441 3243 577 3306 nostros
595 3237 836 3325 bloguutinos,
855 3235 953 3304 uobis
972 3235 1160 3324 specialiter

41 3331 177 3426 dilectos,
196 3342 315 3426 posset
332 3335 545 3424 aliquetenus
564 3335 714 3427 suboriri,
729 3341 872 3424 quatuor
883 3335 973 3403 viros
992 3335 1078 3400 inter
1095 3350 1159 3401 nos

42 3432 209 3524 elegimus,
243 3441 277 3503 et
302 3435 366 3524 ipsi
392 3437 540 3504 similiter
562 3437 646 3504 inter
665 3453 702 3502 se
718 3440 859 3522 quatuor
878 3437 1079 3521 statuerunt,
1102 3432 1159 3518 qui

43 3535 224 3602 auctoritate
241 3535 414 3622 utriusque
439 3535 579 3603 civitatis
605 3551 721 3602 omnes
741 3533 937 3620 questiones
964 3537 996 3598 ct
1021 3530 1160 3616 negotia

40 3629 109 3698 inter
129 3650 192 3702 nos
219 3638 380 3721 utrosque
412 3633 627 3702 amicabiliter
648 3633 701 3700 vol
728 3649 787 3721 per
811 3631 972 3698 iusticiam
997 3629 1157 3696 termina-

40 3726 120 3818 buut;
146 3749 285 3820 quorum
310 3749 383 3800 cum
413 3733 533 3822 aliquis
559 3731 759 3821 decesserit,
794 3731 876 3797 altor
899 3729 976 3796 loco
1004 3728 1112 3815 ipsius
1137 3745 1156 3794 a

42 3832 164 3899 consilio
184 3837 356 3899 statuetur.
382 3831 577 3920 inquorum
602 3831 700 3899 robur
727 3835 761 3897 et
786 3827 984 3897 evidentiam
999 3826 1155 3916 perhen-

42 3928 144 4020 nalem,
163 3937 354 4020 presentem
372 3930 511 3998 litteram
529 3931 611 4018 ipsis
631 3928 823 3997 tradidimus
843 3927 944 4013 sigilli
965 3926 1066 3994 nostri
1086 3943 1158 3992 mu-

42 4025 146 4097 nimine
163 4031 366 4118 insignitam.
392 4027 509 4099 dolum
529 4047 617 4098 anno
636 4028 759 4098 domini
778 4027 948 4095 mccliiii.
