2950 4836
421 267 617 316 eeunusnous
639 269 824 316 sersnensrs.
1118 240 1190 308 539·
1237 258 1239 264 ·

47 423 119 493 quo
138 407 266 476 mederi
283 407 455 498 dicuntur,
481 413 648 496 tamquam
672 408 706 476 in
732 408 885 478 torculari
903 408 1004 478 multa
1022 407 1188 478 violencia
1206 413 1273 468 ¹288

46 515 294 593 expresserunt
302 530 312 597 3
342 509 399 595 qui
427 506 560 576 tandem
582 508 617 576 in
644 505 764 578 eodem
787 508 864 578 loco
888 509 998 576 multis
1024 509 1189 576 miraculis

48 604 174 674 dicitur
198 608 369 676 claruisse.
411 607 571 675 Preterito
597 624 686 674 anno
709 605 809 675 Judei
832 609 866 674 in
883 607 1029 676 Monaco
1055 608 1189 676 civitate

46 703 281 792 Frisingensis
301 705 461 794 dyocesis
477 723 615 794 puerum
640 705 807 793 quendam
827 705 1037 776 christianum
1057 724 1116 795 pro
1140 708 1189 774 si-

46 805 119 870 mili
137 822 243 872 causa
260 805 460 876 occiderunt.
501 805 639 893 Propter
662 803 753 892 quod
769 805 914 894 populus
938 804 1088 876 eiusdem
1107 807 1189 874 civi-

47 904 149 992 tatis,
181 921 249 972 non
276 910 472 992 exspectato
496 902 620 972 iudicio
647 903 701 974 vel
720 906 905 995 sententia,
925 923 1041 974 omnes
1059 904 1189 974 Judeos

46 1001 143 1069 illius
163 1004 304 1072 civitatis
330 1005 363 1072 in
382 1002 514 1072 domum
532 1020 631 1072 unam
654 1001 889 1089 confugientes
906 1004 1041 1091 ignibus
1060 1021 1189 1094 suppo-

47 1101 125 1168 sitis
145 1099 395 1194 concremavit]

128 1197 377 1291 [ltcelmxix.
410 1201 572 1270 Dominus
588 1195 600 1236 ¹
621 1200 785 1270 Rudollus
802 1219 861 1270 rex
881 1201 1103 1271 Romanorum
1120 1203 1189 1270 ite-

48 1304 125 1367 rato
148 1305 262 1368 contra
280 1301 432 1369 comitem
444 1299 637 1386 Burgundio
656 1297 897 1391 triumphavit]

129 1394 297 1488 [ilicone.
315 1391 499 1468 Dominus²
515 1398 693 1469 Heinrious
711 1398 779 1468 dux
796 1400 946 1468 Bawarie
964 1397 1054 1468 hono
1073 1397 1138 1466 tine
1156 1403 1191 1466 et

47 1497 154 1566 multa
172 1500 371 1566 contritione
392 1499 527 1568 moritur
543 1497 632 1587 apud
649 1499 880 1590 Purchausen,
908 1503 941 1567 ct
958 1516 1017 1586 pro
1036 1497 1189 1566 omnibus

47 1596 85 1662 in
105 1597 228 1683 quibus
247 1615 284 1665 se
303 1598 408 1666 timuit
424 1597 672 1668 ecclesiasticas
686 1615 852 1686 personas
871 1615 933 1666 seu
950 1597 1114 1666 ccclesias
1129 1614 1191 1664 seu

49 1712 278 1784 quoscunque
303 1697 389 1765 alios
412 1695 558 1766 indebite
578 1695 781 1788 ollendisse,
800 1698 972 1766 constituit
988 1698 1023 1764 in
1043 1713 1190 1784 presen-

47 1795 104 1862 oia
131 1801 263 1863 etcum
289 1813 461 1866 consensu
480 1795 620 1864 liliorum
645 1813 780 1865 suorum
805 1795 974 1864 dominum
998 1795 1190 1864 Heinricum

46 1891 331 1982 Ratispcnensem
357 1896 553 1983 episcopum
577 1899 612 1964 et
635 1893 767 1964 fratrem
793 1894 1014 1962 Wernherum
1032 1895 1191 1962 lectorem

48 1990 187 2060 fratrum
213 1993 379 2062 Minorum
404 1993 697 2082 Ratisponensium
724 1992 954 2081 indempnitati
983 1993 1130 2060 lesorum
1156 1997 1190 2060 et

49 2091 152 2160 saluti
166 2110 227 2160 sue
247 2093 353 2162 anime
370 2092 556 2181 providero.
583 2092 742 2181 Sepultus
761 2098 814 2162 est
836 2098 946 2161 autem
963 2093 995 2158 in
1013 2090 1188 2160 Lantslrut.

48 2187 229 2260 Ordinavit
251 2197 361 2260 autem
386 2191 475 2280 quod
499 2190 565 2260 dno
590 2191 646 2260 lilii
662 2193 725 2282 sui,
744 2190 903 2260 videlicet
922 2189 1075 2260 dominus
1090 2189 1188 2258 Lud-

48 2291 158 2358 wicus
176 2296 211 2358 et
228 2289 381 2358 dominus
400 2291 591 2379 Stephanus
600 2343 610 2381 ‚
637 2309 698 2379 per
721 2296 864 2378 quatuor
882 2307 990 2359 annos
1008 2291 1187 2358 continuos

48 2389 281 2476 permitterent
303 2395 422 2458 terram
439 2390 593 2459 Bawerie
611 2390 753 2460 subesse
772 2387 917 2460 dominio
937 2395 970 2458 et
987 2388 1188 2458 ordinationi

48 2486 177 2556 domini
195 2485 329 2558 Ottcnis
352 2490 495 2558 senioris
521 2488 631 2557 fratris
654 2507 788 2578 eorum,
819 2507 883 2560 neo
908 2488 951 2557 ad
969 2489 1114 2576 aliquam
1131 2488 1187 2556 di-

47 2588 216 2656 visionem
229 2588 288 2656 ¹vel
305 2588 523 2677 particionem
540 2595 626 2658 torre
643 2589 709 2658 iliis
725 2593 868 2675 quatuor
880 2589 976 2658 annis
991 2587 1186 2656 durantibus

48 2685 213 2756 deberent
241 2687 433 2776 procedere.
482 2687 524 2756 llt
548 2687 613 2756 hoc
643 2687 870 2756 confirmatum
905 2687 1012 2756 extitit
1039 2687 1186 2776 ipsorum

47 2783 185 2852 fratrum
198 2804 238 2854 oc
255 2787 413 2856 nobilium
429 2788 535 2876 patrie
552 2782 773 2876 iuramentis]

126 2876 299 2976 [sodomi
320 2904 409 2968 anno
433 2891 583 2954 mortuus
602 2891 653 2956 cst
677 2884 829 2953 dominus
846 2881 1009 2952 Rudollus
1029 2883 1186 2972 Salzpur-

47 2984 170 3068 gensis
195 2983 488 3074 archiepiscopus,
516 2989 550 3053 et
566 2984 721 3055 dominus
740 2981 931 3071 Stephanus
958 2981 1044 3052 lilius
1062 2981 1187 3052 domini

46 3080 196 3152 Heinrici
214 3082 309 3154 ducis
326 3085 476 3154 Buwarie
494 3084 529 3153 in
541 3085 828 3173 archiepiscopum
842 3082 1054 3152 concorditer
1065 3089 1187 3171 postu-

45 3182 149 3250 latus.
185 3181 253 3251 Sed
279 3181 433 3253 dominus
458 3201 547 3272 papa
571 3183 659 3252 hanc
681 3182 949 3271 postulacionem
972 3187 1107 3272 propter
1125 3181 1186 3250 dc-

47 3280 175 3349 lectum
194 3282 292 3351 etatis
309 3283 427 3373 ipsius
446 3283 502 3370 qui
519 3283 584 3350 iam
601 3282 658 3350 xxi
676 3300 784 3352 annos
803 3280 932 3371 habunt,
952 3299 1021 3349 non
1044 3279 1186 3349 admisit.

47 3379 231 3468 Deputavit
255 3387 365 3450 autem
388 3383 423 3450 in
441 3380 728 3471 archiepiscopum
746 3378 897 3448 eiusdem
915 3379 1059 3448 ecclesie
1078 3379 1185 3446 domi-

49 3497 128 3546 num
150 3479 359 3549 Chunmdum
378 3480 597 3550 Larentinum
616 3481 829 3568 episcopum,
856 3478 913 3564 qui
933 3495 1002 3546 una
1019 3495 1094 3545 oum
1111 3477 1184 3544 aliis

48 3579 194 3646 nuncius
213 3580 246 3648 in
263 3579 411 3668 predicta
427 3581 662 3668 postolacione
680 3577 797 3667 luerat,
814 3578 988 3665 ipsumque
1007 3575 1185 3645 conlirma-

47 3677 114 3767 vit,
141 3677 276 3766 pallium
294 3680 325 3748 ei
342 3697 402 3767 per
419 3677 510 3766 quod
527 3684 660 3748 notatur
676 3675 848 3767 plenitudo
866 3675 1065 3764 pontificalis
1083 3672 1185 3743 ollrcii

83 3804 115 3868 l)
134 3803 206 3856 auch
223 3803 315 3858 dieser
332 3809 390 3857 salz
407 3802 477 3857 lenit
495 3803 539 3858 bei
556 3802 692 3869 Genisius3
712 3807 776 3856 statt
793 3799 928 3856 Rudollus
941 3815 990 3855 rex
1003 3797 1076 3854 stein
1092 3802 1122 3854 in
1137 3799 1187 3854 der

47 3869 88 3924 hs.
108 3869 170 3926 blos
187 3872 221 3927 R.
257 3872 289 3939 2)
307 3877 370 3926 statt
388 3870 478 3926 dieses
496 3887 545 3926 nus
563 3871 612 3927 der
628 3871 670 3924 hs.
689 3878 896 3924 ontnommenen
918 3869 1049 3934 absetzes,
1068 3868 1187 3924 welcher

45 3938 104 3992 sicli
122 3939 193 3993 auch
215 3941 253 3993 im
276 3938 376 3995 chron.
400 3937 499 3994 Salisb.
525 3939 623 4006 findet,
642 3938 713 3993 steht
736 3937 780 3992 bei
798 3936 828 3993 G.
847 3937 920 3992 blos:
940 3936 1025 4009 pridie
1044 3953 1129 3992 nonas
1146 3936 1186 3991 se-

47 4005 151 4060 bruaril
174 4007 320 4061 Heinricus
342 4007 397 4062 dux
419 4009 542 4062 Bawarie
565 4009 694 4071 moritur,
713 4014 740 4059 et
762 4003 874 4076 reliquit
897 4011 952 4060 tres
969 4005 1039 4060 filios
1058 4005 1185 4061 Ottonem

49 4074 201 4128 ludvicum
219 4083 248 4130 et
264 4075 439 4147 Stephanum.
475 4078 507 4142 3)
525 4075 616 4129 dieser
632 4077 662 4130 iu
680 4074 725 4128 die
744 4073 784 4129 lrs.
803 4091 858 4127 von
875 4080 960 4130 etwas
977 4079 1098 4146 spaterer
1115 4073 1185 4128 haud

47 4143 290 4264 einfiesetlmielrene
311 4143 404 4266 ¹rssllrstrttz
432 4141 723 4266 irssbmelllphe‘mh'ffessen
748 4143 1045 4268 (eirsffsdstffiqktuntoen
1059 4141 1186 4264 galati?

47 4227 155 4334 sollcrlrrsses¹
169 4227 446 4336 desslllleetsztenaweosrtg
462 4229 615 4338 irrrrmlilnror?¹
634 4228 724 4334 831ιῖιῖ
772 4251 778 4264 1
818 4227 868 4267 Μ
898 4227 939 4268 m
975 4227 1041 4266 aer
