2890 4832
301 224 371 301 338
654 259 691 303 nn
713 259 876 306 counrmno
899 259 1077 306 cataniensi.

218 411 285 466 1203
304 415 491 487 consensu,
518 401 550 465 et
574 397 771 465 invadentes
795 403 899 466 terras
925 397 1152 465 marchionum
1178 397 1287 464 omnia
1303 399 1408 486 rapinis

298 497 462 566 incendiis
481 503 514 564 et
530 497 631 563 variis
651 496 891 584 calamitatibus
908 503 1020 584 partes
1038 495 1113 563 illas
1133 499 1327 563 everterunt.

373 595 434 664 His
460 597 507 662 ita
531 597 669 682 patratis
693 613 752 662 rex
771 595 848 663 Otto
872 595 1115 684 superveniens
1144 611 1219 661 curn
1245 595 1408 662 exercituo

299 696 426 763 cunctis
444 693 866 784 favorabilitersuscipitur,
885 699 917 760 et
931 695 1073 760 Boemus
1089 691 1250 760 fidelitate
1267 694 1409 780 promissa

299 795 341 862 ab
366 796 441 882 ipso
468 797 646 861 coronatur
672 799 703 860 et
729 794 763 859 in
790 792 876 860 lesto
903 793 1010 860 saneti
1034 791 1260 858 bartholomei
1283 793 1409 879 apostoli

301 890 396 983 [aug.
416 889 479 983 2lt]
509 911 528 960 a
553 891 703 959 Gnidone
726 889 874 960 'ecclesie
892 890 1037 958 Romane
1062 891 1176 976 legato
1204 889 1292 978 apud
1317 889 1408 957 ltlars-
1436 908 1438 954 t

300 993 386 1076 burg
411 993 444 1057 in
470 1009 582 1077 regern
609 990 836 1078 sollempniter
863 996 1084 1058 consecratur.
1132 987 1180 1055 lbi
1215 990 1319 1072 oolam
1339 989 1438 1055 lant-r

300 1091 435 1177 gravius
455 1087 568 1159 Ottoni
586 1091 658 1175 regi
676 1087 867 1156 fidelitatem
893 1087 1133 1176 quampridem
1153 1086 1278 1154 lecerat
1299 1088 1438 1191 iteraritp

302 1196 336 1258 et
353 1189 573 1277 confirmavit,
592 1187 801 1277 presentibus
821 1187 973 1256 omnibus
993 1187 1048 1274 qui
1072 1192 1151 1254 tunc
1174 1183 1315 1254 aderant
1337 1188 1410 1274 prin·
1435 1206 1438 1251 t

302 1290 330 1357 ci
355 1289 440 1355 ibus.
1436 1305 1438 1350 r

332 1307 352 1376 p
376 1387 455 1474 lpso
474 1403 562 1453 anno
581 1391 728 1454 mortuus
742 1391 795 1454 est
809 1384 1029 1452 Herimannus
1041 1384 1322 1452 llonasteriensis
1339 1364 1433 1473 epis!

304 1503 426 1574 copus,
446 1491 479 1551 et.
496 1483 585 1552 lacta
603 1490 655 1552 est
673 1484 841 1552 dissensio
860 1501 920 1572 pro
939 1484 1114 1552 electione.
1145 1483 1229 1551 Nam
1255 1484 1374 1570 priores
1388 1493 1410 1548 et
1427 1482 1438 1557 i

303 1584 534 1650 ministeriales
554 1584 728 1670 elegerunt
746 1581 902 1651 Ottonem
926 1582 1061 1650 maioris
1079 1583 1226 1650 ecclesie
1243 1583 1411 1650 bremensis
1437 1589 1438 1592 ’

302 1683 525 1771 prepositum,
555 1684 694 1750 comites
713 1689 823 1749 autem
842 1688 875 1748 et
891 1681 985 1748 liberi
1003 1681 1151 1768 ipsisque
1172 1681 1349 1748 attinentes
1365 1679 1411 1746 ab·
1435 1711 1438 1722 ι

302 1783 411 1852 batem
430 1779 471 1847 de
487 1779 594 1847 Claolt
613 1781 796 1867 elegerunt.
829 1778 925 1848 Unde
950 1782 1107 1848 continuo
1132 1781 1348 1868 episcopatus
1372 1778 1411 1846 di-

303 1882 410 1950 versis
430 1880 669 1947 calamitatibus
688 1885 721 1947 et
743 1879 883 1948 miseriis
901 1878 1135 1966 pessundatur.
1437 1901 1438 1916 1

303 2084 494 2146 constructa
511 2077 675 2145 invaditur
693 2083 726 2144 ct
744 2078 879 2165 capitur.
907 2075 1144 2144 Constantinus
1164 2077 1252 2142 enim
1272 2082 1334 2143 eto.
1437 2098 1438 2142 t

376 2178 457 2244 ltem
481 2177 554 2262 ipse
581 2193 670 2242 anno
695 2175 921 2244 Theodericus
945 2172 1255 2242 comesHollandie
1286 2174 1411 2260 moritur,

304 2282 338 2343 et
356 2275 491 2342 traditur
505 2276 618 2342 comiti
633 2274 674 2341 de
690 2275 758 2344 Los
776 2275 1039 2362 pruvincia-cum
1054 2273 1120 2340 srlia
1138 2289 1210 2338 sna.
1238 2270 1334 2352 Quod
1350 2291 1412 2357 gra·
1437 2295 1438 2340 r

304 2377 386 2442 viter
411 2373 522 2441 serens
541 2373 738 2440 Wilhelmus
760 2373 871 2451 ¹irater
899 2373 988 2461 eius,
1023 2371 1241 2457 congregatis
1275 2371 1411 2437 militibus
1437 2379 1438 2390 ¹

305 2471 447 2540 eundem
472 2473 623 2540 comitem
644 2471 686 2540 de
705 2470 882 2540 Hollandia
900 2471 1024 2558 expulit
1050 2475 1083 2538 et
1101 2469 1199 2537 liliam
1224 2467 1332 2536 fratris
1349 2468 1411 2536 abs·
1437 2493 1438 2539 r

304 2572 386 2639 tulit.

380 2669 473 2737 Circa
491 2667 555 2735 kal.
573 2668 685 2756 aprilis
704 2670 797 2735 visus
816 2672 869 2735 est
885 2685 945 2755 per
971 2673 1037 2736 tres
1055 2673 1173 2736 noctes
1192 2667 1284 2752 ignis
1302 2664 1409 2732 discur-

304 2786 376 2836 rere
395 2786 454 2856 per
472 2773 575 2834 totum
589 2767 704 2854 celum,
723 2768 769 2834 ita
786 2774 822 2834 ut
839 2773 908 2834 tota
926 2768 1019 2852 regio
1038 2767 1079 2834 ab
1098 2783 1139 2833 eo
1156 2755 1409 2832 illuminaretur.¹
1437 2787 1438 2834 r

377 2867 477 2936 Anno
496 2865 619 2934 domini
636 2867 783 2933 mcciiii.
802 2865 972 2952 Philippus
990 2883 1049 2932 rex
1065 2881 1138 2932 cum
1156 2865 1305 2931 exercitu
1322 2862 1410 2929 Saxo·
1437 2935 1438 2940 ,

305 2967 392 3034 niam
409 2967 561 3054 intravit,
587 2971 623 3030 nt
647 2971 788 3031 castrum
814 2963 980 3051 quoddam
1006 2965 1137 3031 nomine
1155 2958 1409 3046 Harlinginberdr
1435 3025 1436 3028 ,

306 3084 326 3131 a
352 3082 432 3150 rege
458 3063 581 3131 Ottone
607 3067 834 3130 constructum
862 3063 1011 3130 deiceret
1043 3069 1076 3130 at
1100 3062 1192 3128 cives
1221 3057 1409 3128 Goslariede

307 3164 526 3251 oppressione
545 3164 616 3232 eius
635 3168 669 3229 et
685 3161 817 3229 fratrum
836 3178 969 3228 suorum
987 3161 1150 3228 liberaret.
1184 3159 1253 3227 Sed
1271 3159 1325 3226 ubi
1341 3174 1410 3224 eun·

306 3261 380 3330 dem
398 3262 431 3327 in
449 3260 524 3329 lorti
541 3279 639 3328 manu
658 3261 720 3327 sibi
739 3279 910 3329 occurrere
930 3261 1101 3348 cognovit,
1113 3257 1256 3327 consilio
1275 3275 1343 3324 cunr
1359 3255 1410 3323 suis

305 3361 418 3428 habito
437 3361 595 3448 recessit,
624 3361 728 3428 satius
756 3366 847 3428 ratus
875 3358 917 3426 ad
941 3364 1072 3446 tempus
1098 3356 1218 3425 cedere
1246 3375 1339 3444 quam
1355 3369 1409 3420 cun

304 3460 403 3528 hoste
421 3459 506 3526 male
524 3475 684 3546 pugnare.

380 3557 474 3626 Circa
499 3558 608 3644 ipsum
635 3563 764 3643 tempus
783 3555 976 3624 Tbidericus
1003 3557 1182 3644 episcopus
1209 3549 1408 3621 Traiectensis

306 3676 378 3724 cnm
403 3657 552 3724 exercitu
576 3662 609 3722 et
634 3655 781 3742 pluribus
806 3655 972 3722 nobilibus
990 3652 1200 3721 Hollandiam
1225 3653 1364 3737 intravit,
1385 3651 1409 3712 et

306 3757 510 3842 provinciam
529 3754 658 3822 comitis
677 3753 719 3820 de
737 3753 805 3821 Los
824 3771 937 3822 rursus
953 3753 1155 3838 subiugavit
1188 3749 1257 3819 Sed
1274 3752 1409 3838 episcopo

306 3854 495 3943 recedente,
510 3871 581 3921 cnm
600 3851 687 3920 idem
707 3869 819 3920 comes
838 3869 910 3919 cum
930 3853 999 3918 suis
1017 3853 1051 3918 in
1069 3850 1211 3938 quodam
1231 3848 1348 3937 oppido
1362 3861 1409 3911 no-

307 3952 395 4018 mine
413 3952 532 4019 Leidin
550 3951 698 4039 degeret,
717 3950 863 4038 prelatus
882 3949 1079 4018 Wilhelmus
1105 3949 1147 4016 de
1172 3949 1336 4015 maritimis
1351 3962 1409 4031 par-

309 4049 397 4116 tibus
414 4056 582 4118 contracta
596 4049 800 4116 multitudine
817 4055 881 4116 tam
896 4048 1061 4137 pedestris
1079 4066 1178 4134 quam
1194 4035 1321 4114 navalis
1333 4059 1408 4110 excr-

344 4193 374 4256 l]
394 4190 484 4244 dieser
511 4199 566 4245 sata
590 4193 623 4243 ist
648 4193 694 4245 mil
721 4191 922 4246 currentschrist
948 4208 994 4244 um
1019 4189 1062 4243 die
1091 4190 1165 4242 mitte
1191 4187 1238 4241 des
1263 4183 1410 4240 dreizebntan

308 4257 393 4310 iahrh.
413 4256 549 4326 zngcldgt.
