2888 4824
403 253 565 304 cnaorrcon
587 251 815 304 cerneremur.
1110 223 1180 296 399

108 391 238 464 Eodem
255 409 345 464 anno
361 390 374 432 ¹
397 395 573 484 imperator
598 394 722 464 cunam
737 411 834 464 suern
852 411 950 482 quom
967 393 1176 483 principibus
1195 413 1263 471 raes

12 493 236 562 Teutoniois
254 491 420 564 indixerat
438 495 573 564 civitate
592 492 781 564 Veronensi
805 491 870 562 lral.
895 493 971 562 maii
989 493 1179 564 celebravit.

19 591 115 674 Quo
135 598 249 662 tamen
268 592 345 662 dum
361 585 462 664 nulli²
478 594 725 684 pervenissent,
740 610 800 682 per
816 592 1037 662 internuntios
1055 611 1076 662 a
1094 611 1179 664 corr·

15 692 235 780 spirationis
249 691 383 762 iufamia
402 693 609 764 excusabant
627 710 665 762 se
683 691 870 778 diligenter.
895 691 976 762 Post
992 690 1056 762 bec
1072 693 1179 782 impe-

13 798 125 860 rator
146 797 250 859 totam
267 791 354 861 bano
372 798 510 862 estatem
524 794 559 861 io
572 791 810 879 longobardia
828 808 1008 880 peragens,
1024 809 1065 860 ao
1082 792 1179 880 ipsos

15 890 184 958 rebelles
203 889 333 962 bellicis
352 893 516 962 exemitiis
542 889 715 982 infestans,
735 891 904 960 civitatem
921 890 1128 960 brixiensem
1144 891 1179 959 in

15 989 244 1060 deditionem
269 992 403 1080 recepit.
438 991 525 1060 Dein
553 991 651 1060 liliam
670 1008 764 1060 suam
781 988 972 1060 Hermanno
988 989 1178 1076 lantgravio

17 1107 94 1178 per
120 1106 258 1166 manum
281 1091 555 1178 Mogontineosis
580 1091 733 1179 episcopi
764 1089 799 1158 in
824 1086 1089 1160 Asohallenburo
1114 1087 1178 1159 de·

17 1189 226 1277 sponsavit

108 1286 189 1355 Hoc
207 1305 296 1359 anno
314 1288 357 1356 iii.
376 1289 442 1360 kal.
460 1289 661 1379 septembris
685 1286 841 1357 dedicata
864 1290 917 1356 est
942 1287 1088 1358 ecclesio
1105 1284 1177 1358 lvo·

18 1391 119 1454 trum
146 1385 392 1458 l’redioatorum
417 1388 711 1479 Erpbordiensium
736 1387 779 1457 ab
796 1383 1008 1474 Eugelbardo
1025 1385 1178 1456 Nuwen·

21 1485 212 1572 burgense
231 1487 402 1577 episeopo.

109 1583 190 1653 Hoc
208 1603 296 1655 anno
321 1584 420 1658 irater
436 1585 611 1658 cunradus
630 1586 749 1656 domus
767 1585 971 1674 Teutonico,
996 1601 1177 1672 germanus

27 1685 174 1752 scilicet
192 1684 338 1754 Heinriei
355 1686 549 1776 lantgravii,
568 1687 786 1756 reminiscens
804 1685 964 1753 malorum
979 1703 1044 1772 qua
1061 1685 1096 1752 in
1113 1702 1178 1774 op-

22 1783 114 1872 pido
135 1783 362 1854 Fritzlariensi
380 1791 570 1875 perpetrata
596 1791 690 1876 sunt,
718 1790 753 1854 et
768 1783 908 1854 maxime
932 1784 1084 1873 eorporis
1100 1782 1178 1852 Do-

25 1883 113 1950 mini
134 1888 173 1952 ut
190 1882 309 1952 dicitur
332 1884 367 1954 in
384 1885 608 1974 pavimentum
632 1883 795 1974 dispersi,
820 1900 886 1952 nec
902 1901 972 1952 non
996 1884 1100 1952 eciem
1118 1899 1177 1953 ec-

28 1982 220 2052 clesiarum
236 1982 401 2074 incendii,
428 1989 537 2054 tactus
565 1983 682 2054 dolore
707 1983 919 2072 intrinsecus,
945 1999 987 2052 ac
1005 1979 1176 2072 superbis
1252 2001 1255 2006 ¹

27 2077 211 2150 dominum
240 2082 372 2172 placare
403 2084 575 2170 cogitavit..
617 2081 828 2172 Quapropter
861 2099 984 2168 magna
1007 2081 1177 2151 bominum

25 2181 249 2250 multitudiue
274 2183 309 2250 in
335 2180 422 2254 leste
441 2183 669 2272 apostolomm
686 2182 772 2251 Petri
790 2186 824 2248 et
841 2181 935 2250 Pauli
954 2177 1041 2272 [iuni
1059 2177 1124 2272 29]
1143 2181 1178 2249 io

26 2279 191 2368 predicta
207 2281 341 2350 civitate
356 2289 574 2373 congregata,
593 2281 700 2351 dietus
716 2280 889 2350 Conradus
906 2297 980 2348 oum
998 2280 1071 2349 aliis
1090 2279 1178 2350 duo-

27 2380 95 2448 bus
117 2381 174 2448 sui
194 2379 319 2448 ordinis
337 2379 557 2450 confratribus
575 2382 609 2450 iu
626 2381 703 2450 loco
721 2378 959 2470 predicationis
978 2397 1016 2448 se
1035 2397 1177 2471 exuens,

29 2497 72 2546 ao
90 2477 280 2548 vilissimos
300 2497 420 2550 soecos
439 2481 528 2549 cirea
546 2479 716 2550 lemoralia
732 2478 795 2548 sibi
812 2477 1038 2569 oireumdaos,
1057 2498 1099 2548 ex
1117 2496 1178 2548 ore

27 2577 260 2666 predicatoris
284 2579 325 2648 ab
350 2580 503 2648 omnibus
521 2581 555 2648 in
574 2579 637 2648 boo
654 2579 731 2648 loeo
748 2596 808 2668 per
834 2596 908 2648 eum
937 2578 1021 2648 lesis
1046 2579 1178 2648 veniam

29 2678 166 2766 petivit.
185 2677 265 2750 Post
281 2677 345 2746 heo
362 2683 473 2748 autem
486 2677 604 2767 prelati
622 2684 691 2748 tres
709 2678 769 2746 viri
786 2676 928 2768 nobiles,
946 2675 1027 2746 nudi
1045 2677 1079 2744 in
1097 2694 1178 2766 pro-

30 2777 200 2850 cessione
225 2776 436 2865 incedentes,
462 2777 567 2846 tribus
593 2776 826 2846 sacerdotibus
851 2793 925 2846 erun
949 2776 1065 2866 scopis
1082 2777 1178 2864 ipsos

30 2875 260 2965 sequentibus
299 2883 332 2946 et
364 2875 614 2965 disciplinaliter
643 2875 905 2967 corrigentibus,
940 2876 1178 2944 monasterium

31 2994 147 3063 usque
167 2982 408 3066 pervenerunt,
434 2975 547 3064 ibique
565 2974 822 3046 misericordiam
847 2973 991 3043 divinam
1016 2973 1179 3046 humiliter

32 3092 112 3142 cum
127 3075 283 3162 lacrymis
302 3081 497 3163 exorantes,
524 3074 624 3144 trater
641 3073 816 3144 Comedus
840 3091 900 3164 pro
920 3091 1024 3162 posse
1042 3090 1179 3142 munera

32 3173 186 3242 devotus
204 3173 332 3263 obtulit,
350 3174 433 3242 alius
458 3175 623 3243 ecelesias
645 3175 805 3244 incensas
831 3172 951 3242 eodem
975 3172 1076 3243 modo
1094 3173 1179 3243 visi·-

31 3281 112 3341 tans
138 3272 294 3341 honestis
317 3273 507 3342 muneribus
535 3274 726 3364 honoravit,
760 3274 877 3361 sieque
902 3279 1110 3342 revertentes
1134 3270 1178 3342 ad

32 3373 218 3442 stationem
227 3423 237 3462 ,
269 3373 303 3440 in
320 3372 427 3460 ipsius
446 3372 553 3442 fratris
572 3371 716 3442 Cunrodi
734 3388 874 3461 corpore
892 3387 960 3440 uon
979 3371 1078 3458 signa
1095 3388 1177 3439 ver-

33 3472 153 3540 berum
179 3470 406 3562 sacerdotum,
426 3470 488 3540 scd
506 3471 695 3540 carnificum
719 3475 984 3561 comparuerunt.
1010 3468 1176 3550 Quantum

34 3578 149 3638 autem
167 3570 384 3658 lacrymarum
403 3572 478 3660 ipso
497 3570 550 3639 die
568 3570 689 3640 ibidem
708 3589 728 3638 a
745 3570 871 3660 populo
889 3566 998 3638 lusum
1016 3570 1069 3658 sit,
1082 3569 1177 3637 soluo

31 3671 89 3738 ille
109 3669 206 3736 novit
223 3671 278 3757 qui
296 3669 398 3738 corda
417 3671 630 3740 contritomm
649 3669 821 3759 ponderat.

110 3766 187 3836 Hoc
211 3787 300 3838 anno
326 3769 404 3839 xvii.
429 3769 493 3837 lal.
521 3768 708 3839 decembris
740 3764 835 3860 [nov.
863 3763 927 3858 le]
955 3765 1176 3852 lllcguntinus

35 3867 215 3956 dampnum
234 3867 304 3936 lere
322 3868 576 3957 irrecuperabile
594 3874 628 3938 et
653 3869 812 3936 iacturam
830 3866 1061 3952 gravissimam
1080 3865 1177 3953 epis·

34 3973 179 4058 copatus
205 3967 240 4035 in
265 3968 366 4036 castri
382 3965 591 4036 Rustenberc
614 3968 796 4036 amissione
822 3965 943 4034 luisset
972 3982 1095 4053 pessus
1108 4016 1117 4054 ,
1147 3965 1176 4032 si

70 4079 101 4140 l)
119 4083 175 4130 erat
202 4075 262 4130 bier
284 4075 354 4130 vvird
380 4075 424 4130 bei
450 4073 588 4130 Sobanoat
615 4075 663 4130 das
689 4074 750 4130 iabr
775 4077 841 4130 12³8
858 4071 1029 4142 eingelirhrt,
1047 4071 1175 4128 wabrend

35 4143 130 4198 (ludeo
159 4143 225 4202 (lod.
252 4143 317 4216 dipl.
346 4147 422 4210 loru
446 4144 495 4198 der
517 4143 602 4199 echon
626 4143 677 4198 den
702 4142 945 4212 vorbergehendeu
971 4141 1061 4197 abacta
1080 4141 1177 4208 richtig

36 4230 95 4268 unm
114 4212 176 4266 ialrr
197 4214 263 4267 1238
283 4211 405 4278 reclrrret,
422 4211 483 4266 bier
500 4229 552 4266 mur
569 4229 600 4268 sc
617 4211 679 4268 lieet
696 4212 750 4267 wie
769 4210 812 4266 inlr
831 4213 859 4266 io
878 4211 930 4268 den
949 4217 1004 4266 text
1020 4209 1174 4279 unigenum·

35 4297 93 4335 meu
113 4280 194 4336 habe.
239 4282 271 4349 2)
291 4297 346 4336 non
363 4280 410 4340 bat
427 4279 532 4336 (dudan.
