2962 4834
449 259 488 304 ιι
507 258 637 304 romans
657 259 695 306 ar
716 259 800 308 arm.
1111 234 1183 302 445

36 397 165 468 valido
189 397 370 468 destinavit
399 397 442 466 ad
469 396 686 488 zelandiam,¹
719 403 755 466 ut
774 397 953 485 Margarita
983 401 1186 470 oommltisse

36 499 330 566 oontumeliosam
357 494 526 566 edomaret
547 498 780 583 arrogantiam.
807 497 883 566 Dux
903 515 983 567 veru
998 497 1186 591 Brabantie‚

35 597 140 681 regis
158 597 363 686 avunculus,
388 597 649 665 controversiam
665 596 753 664 hano
767 597 973 666 reeonoiliari
991 597 1187 689 disponens,

34 693 136 764 diem
169 697 311 764 instituit
332 694 374 764 ad
394 694 685 782 interloquendum
716 695 758 764 da
793 694 991 785 aonoordia,
1021 703 1187 784 quatenus

34 795 223 882 utriusque
252 795 355 882 partis
374 795 540 862 exereitus
564 795 639 862 sine
657 795 813 862 eonlliotu
836 793 960 862 rediret
976 793 1019 862 ad
1043 797 1187 885 propria.

36 891 128 962 Cum
155 898 267 961 autam
285 891 374 981 apud
395 891 610 981 Antverpiam
632 892 817 962 triduanum
837 899 1033 962 traotaretur
1048 895 1187 964 interlo-

35 993 183 1081 quium‚
209 991 390 1078 Margarita
414 993 602 1081 eomitissa,
632 1009 802 1082 perperam
832 991 1031 1083 intendens,
1054 993 1187 1062 aonulta

32 1090 225 1177 legatione
248 1090 420 1160 mandavit
449 1092 615 1160 exereitus
635 1092 686 1158 sui
714 1092 915 1180 capitaneis,
948 1097 984 1159 ut
1018 1093 1186 1180 extemplo

34 1189 250 1258 Walaeriam
273 1191 463 1280 introirent,
495 1195 529 1258 et
553 1191 587 1257 in
621 1189 775 1258 absentia
806 1187 905 1276 regis¹
921 1207 995 1258 oum
1017 1190 1194 1260 Florentio·

33 1288 183 1376 preside
199 1288 320 1358 bellum
335 1290 562 1378 anticiparent.
586 1285 637 1356 Ae
650 1288 697 1355 illi
713 1287 878 1358 mandatis
898 1289 1068 1357 eomitissa
1087 1289 1186 1358 lesti-

33 1394 167 1456 nanter
185 1393 470 1478 optemperantes‚
487 1407 562 1456 aum
578 1393 710 1456 uentum
729 1395 763 1456 at
784 1389 1027 1475 quinquaginta
1040 1388 1184 1458 millibus

34 1492 246 1555 armatorum
264 1486 562 1556 transfretaverunt
587 1486 628 1554 ad
645 1486 860 1576 Memoriam,
883 1487 1013 1556 minime
1028 1485 1185 1556 diffiden-

34 1594 93 1654 tes
113 1591 236 1654 eontra
251 1586 451 1656 Florentium
468 1586 619 1656 obtinere
637 1587 819 1654 victoriam.
843 1586 988 1654 anntra
1004 1603 1085 1654 vero
1101 1586 1184 1656 Flo-

34 1686 175 1752 rentius
193 1702 310 1773 preses
331 1703 406 1753 eum
423 1684 511 1752 tubis
534 1684 680 1753 stridulis
705 1692 740 1753 et
760 1685 916 1754 eomihus
939 1685 1125 1754 horrisonis
1148 1687 1185 1754 in

34 1784 244 1871 Westoapel
261 1783 423 1853 adversos
441 1783 559 1854 hostes
573 1785 709 1854 viriliter
724 1801 887 1870 agressus
907 1789 975 1872 est,
1004 1782 1184 1871 dequibus

33 1883 254 1972 inopinatum
271 1883 445 1972 tropheum
464 1883 517 1952 die
535 1890 652 1970 quarto
670 1884 794 1952 mensis
812 1883 889 1951 iulii.
900 1888 1055 1971 potenter
1074 1882 1183 1972 adep-

33 1989 93 2050 tus
118 1988 184 2049 est.
216 1981 290 2050 Fuit
316 1984 436 2050 etenim
451 1984 485 2050 in
506 1981 626 2050 eodem
647 1982 736 2050 bello
758 1988 825 2050 tam
843 1987 979 2050 eruenta
999 1987 1130 2067 strages
1150 1989 1185 2050 et

32 2079 246 2149 horrendum
269 2081 449 2172 erudiam,
473 2088 510 2150 ut
526 2079 705 2150 Hollandie
728 2087 762 2149 et
779 2078 941 2148 Melandia
962 2080 1077 2168 populi
1099 2099 1182 2168 per-

34 2179 221 2248 maximam
238 2179 478 2249 multitudinem
495 2180 758 2250 Flaudriensium
785 2187 818 2248 at
839 2179 1038 2248 liranoorum
1060 2179 1182 2250 interi·

34 2284 190 2368 merent,
222 2284 256 2346 et
281 2297 390 2367 usque
413 2279 456 2348 ad
478 2281 565 2348 talos
586 2282 620 2347 in
647 2281 834 2348 oeoisorum
858 2295 974 2347 eruore
996 2277 1181 2366 pugnando

34 2373 278 2446 subsisterent.
312 2378 440 2448 interea
468 2396 527 2448 rex
553 2396 683 2448 amnem
703 2397 771 2448 rem
794 2383 923 2464 gestam
945 2394 1005 2466 per
1025 2376 1181 2446 lestivum

33 2478 194 2546 nuntium
216 2477 426 2563 intelligens,
448 2483 482 2546 et
509 2477 689 2564 Margarita
709 2478 879 2546 eomitissa
899 2475 1051 2544 dolosam
1079 2475 1182 2545 tradi·

33 2577 171 2644 tionem
186 2576 337 2666 intuens,
361 2575 510 2644 deseruit
534 2575 767 2666 Antverpiam‚
795 2581 829 2644 et
844 2576 1017 2662 repentino
1042 2576 1182 2661 remigio

32 2673 216 2762 proleotus
233 2681 285 2742 est
305 2677 338 2743 in
358 2675 588 2744 Walaohriam.
622 2677 663 2744 Et
688 2693 769 2744 eoae
792 2673 923 2760 fugitivi
945 2672 1182 2744 Mandriersas

34 2781 70 2840 et
84 2773 210 2840 Franoi
227 2773 389 2862 depositis
410 2777 507 2842 armis
530 2774 710 2844 humillima
725 2789 827 2862 preee
854 2773 944 2858 regis
971 2771 1083 2840 adiere
1101 2790 1182 2860 pre-

17 2873 195 2940 sentiam.
222 2870 315 2952 Quos
331 2879 366 2942 at
377 2875 450 2962 ipse
460 2891 503 2942 ex
519 2873 745 2942 misericordia
755 2878 865 2940 motus
884 2871 1033 2959 suscepit
1049 2873 1083 2938 in
1100 2889 1183 2956 gra-

33 2974 130 3038 tiam.
158 2971 252 3040 Istud
268 2974 405 3060 prelium
425 2973 565 3058 contigit
582 2990 671 3042 anno
689 2971 818 3060 prelato
831 2972 866 3038 in
884 2969 938 3038 die
956 2970 1182 3040 translationis

32 3071 133 3142 beati
151 3068 302 3161 Martini,
322 3077 355 3140 et
372 3070 490 3140 eodem
509 3071 551 3140 de
569 3078 662 3160 parte
680 3071 945 3140 Flaudriensium
964 3075 998 3138 et
1015 3069 1182 3138 Gallorum

34 3170 288 3257 quinquaginta
314 3170 414 3238 millia
440 3177 517 3238 sunt
542 3173 675 3261 aoeisa,
710 3171 953 3259 quinquaginta
978 3168 1079 3237 millia
1096 3168 1183 3238 suh-

32 3286 168 3357 mersa‚
195 3274 230 3335 et
247 3270 488 3356 quinquaginta
505 3271 608 3340 millia
626 3271 804 3359 oaptivata.
835 3268 907 3336 Rex
924 3269 1025 3354 igitur
1043 3269 1182 3337 eamites

34 3367 79 3436 de
103 3366 244 3454 Ghysen
269 3374 302 3436 et
327 3367 369 3436 de
394 3369 497 3436 Berro
525 3369 678 3456 duosque
705 3367 793 3436 filias
814 3367 992 3452 Margarita
1011 3367 1182 3434 eomitissa

33 3467 196 3554 captivos
213 3464 393 3536 destinavit
410 3466 453 3536 ad
468 3466 687 3538 Hollandiam.
706 3464 769 3546 Qui
788 3472 821 3533 et
836 3466 1010 3551 vulgarem
1023 3465 1180 3553 populum

34 3566 179 3632 omnino
206 3563 409 3634 denudatum
434 3568 562 3635 remisit
587 3565 630 3636 ad
655 3564 857 3651 Flandriam3
884 3565 929 3632 ita
954 3562 1045 3650 quod
1071 3581 1181 3631 unus·

34 3666 187 3750 quisque
217 3664 410 3752 Flamingus
436 3683 455 3734 e
485 3667 569 3755 pisis
602 3665 786 3734 virentibus
811 3664 1014 3751 perizomata
1039 3663 1181 3730 oiroum-

32 3764 215 3853 pleotens,
243 3771 276 3830 et
300 3763 421 3832 exinde
447 3764 566 3834 hraoas
592 3765 711 3834 lumbis
738 3763 809 3832 suis
834 3761 999 3849 adaptans
1017 3760 1060 3828 ad
1077 3761 1185 3830 Man-¹

34 3861 144 3929 driam
163 3879 318 3932 reversus
338 3869 406 3954 est,
426 3869 460 3932 et
476 3883 536 3933 rex
553 3864 782 3954 triumphalem
806 3860 938 3930 laudem
963 3859 1005 3928 ab
1024 3860 1179 3929 hostibus

32 3961 212 4048 inopinate
238 3963 364 4048 potitus
383 3967 444 4030 est.

113 4057 298 4146 Margarita
329 4060 462 4148 quidem
497 4061 666 4130 eomitissa
692 4061 818 4128 ruinam
844 4078 905 4128 sue
932 4059 1044 4145 gentis
1070 4076 1180 4126 amora

33 4156 192 4247 dedens,
221 4159 412 4230 sollicitavit
430 4161 582 4230 Carolum
605 4158 888 4244 Andagaverrsem
914 4159 1083 4247 oomitem,
1110 4156 1180 4224 lra-

32 4266 120 4325 trem
140 4258 420 4330 sanotiLudovioi
438 4259 645 4330 confessoris
663 4259 814 4349 stragis,
833 4257 963 4328 blandis
983 4257 1180 4345 suggestio-
