2950 4836
280 239 353 306 urs
641 264 816 312 nunnsnous
837 265 872 310 nr
894 265 1056 312 nrrnsnus.

280 404 318 472 ln
333 422 400 492 quo
422 403 498 472 loco
519 405 591 471 eius
612 403 821 472 nobilissima
837 404 961 474 coniux
981 405 1099 490 regina
1117 403 1294 472 cenobium
1314 419 1419 471 sanc-

281 502 495 572 timonialium
517 504 550 570 in
569 504 757 572 memoriam
778 503 884 590 ipsius
900 505 1107 593 construxit,
1122 509 1156 571 et
1180 502 1290 570 eidem
1308 520 1421 570 oeno-

281 603 338 670 bio
358 620 481 670 nomen
497 601 705 688 Kungesvclt
720 604 887 692 imposuit.

355 700 503 769 Romano
527 703 627 786 igitur
649 703 787 788 imperio
810 702 1012 770 serenissimi
1036 701 1195 789 principis
1215 697 1345 766 eilberti
1364 718 1420 765 re-

281 801 404 888 gimine
425 800 603 890 destituto,
625 802 840 888 congregatis
858 801 1061 890 principibus
1068 853 1078 890 ,
1098 799 1150 866 die
1170 799 1213 867 ad
1236 798 1420 866 celebran-

281 900 356 968 dam
383 898 579 967 electionem
609 898 706 968 futuri
737 901 828 986 regis
852 900 995 990 prefixa,
1027 891 1202 966 dominum
1225 897 1421 966 Heinrieum

281 1001 433 1068 comitem
453 997 495 1066 de
512 998 739 1084 Lutzelnburg
754 1000 788 1066 in
806 1017 917 1084 regem
933 1000 1129 1066 unanimiter
1146 999 1337 1084 elegerunt.
1355 995 1421 1076 Qui

282 1100 392 1167 statim
410 1104 486 1187 post
505 1100 755 1166 coronationem
776 1115 869 1164 suarn
888 1115 1004 1166 omncs
1019 1098 1210 1186 provincias
1237 1102 1272 1164 et
1296 1097 1420 1164 civita-

281 1204 334 1266 tes
353 1199 463 1266 tocius
476 1194 647 1264 Alemanie
662 1199 860 1285 peragravit.
886 1194 936 1264 Ac
957 1197 1083 1285 Spiram
1104 1195 1240 1264 rediens
1265 1195 1420 1262 filiosuo

282 1296 418 1366 domino
436 1296 581 1364 iohanni
604 1313 742 1382 regnum
764 1295 920 1365 Bohemie
942 1304 1019 1362 tnnc
1044 1295 1166 1363 herede
1185 1313 1310 1362 carens
1335 1312 1418 1361 auo-

281 1398 411 1464 toritate
428 1397 589 1484 imperiali
608 1396 797 1483 concessit,
816 1396 947 1483 ipsique
970 1413 1067 1463 unam
1087 1393 1129 1462 de
1153 1394 1288 1462 filiabus
1307 1393 1421 1460 Wen-

281 1496 380 1564 melai
396 1494 564 1582 quondam
587 1495 677 1581 regis
697 1493 856 1562 Bohemie
873 1496 906 1562 in
930 1495 1106 1580 coniugem
1122 1492 1266 1560 tradidit,
1296 1491 1421 1579 Sisque

282 1593 434 1663 omnibus
460 1594 521 1661 rite
544 1595 578 1661 in
598 1591 773 1661 Alemania
791 1593 984 1682 dispositis,
1009 1595 1083 1680 ipse
1110 1593 1204 1680 alpes
1231 1590 1370 1660 transiit
1390 1597 1422 1657 et

281 1693 507 1762 Mediolanum
523 1693 688 1760 civitatem
704 1691 843 1760 feliciter
855 1693 1015 1781 pervenit.
1031 1692 1092 1760 Ubi
1109 1691 1365 1760 confluentibus
1381 1690 1421 1756 ad

282 1811 356 1861 eum
379 1792 518 1860 dueibns
539 1792 713 1858 comitibus
732 1799 766 1859 et
789 1791 968 1860 baronibus
989 1791 1195 1858 diversarum
1218 1791 1420 1878 prouincia-

282 1911 351 1960 rum
372 1897 406 1959 et
420 1892 610 1981 regionum,
629 1908 785 1976 magnum
802 1892 981 1958 exercitum
995 1891 1140 1976 collegit.
1166 1889 1323 1976 indeque
1340 1907 1421 1976 pro-

281 1991 438 2078 grediens
460 1991 601 2058 Brixiam
628 1991 792 2058 civitatem
816 1989 1013 2058 bombardie
1039 1989 1252 2057 fortissimam
1272 1987 1420 2056 obsedit.

280 2091 319 2158 ln
340 2093 434 2158 cuius
451 2089 627 2158 obsidione
644 2089 759 2156 habuit
779 2091 884 2157 octies
902 2095 1033 2157 centum
1051 2090 1139 2156 milia
1160 2095 1366 2155 armatorum
1389 2094 1423 2153 ul

281 2183 412 2257 audivi¹
431 2189 486 2276 qui
504 2206 544 2256 eo
565 2197 711 2276 tempore
731 2188 853 2256 ibidem
870 2189 932 2255 sub
949 2189 1023 2276 ipso
1042 2187 1232 2256 militabant.
1260 2186 1419 2273 Dumque

278 2287 405 2356 ibidem
422 2294 603 2355 moraretur
619 2294 700 2375 quot
713 2294 747 2355 et
762 2293 886 2374 quanta
902 2289 1041 2374 egregia
1057 2306 1097 2355 ao
1112 2287 1215 2355 forcia
1233 2285 1327 2353 faeta
1340 2303 1420 2373 per-

281 2388 404 2477 egerit,
432 2392 465 2454 et
488 2393 569 2474 quot
590 2387 741 2454 civitates
766 2388 1003 2454 munitissimas
1027 2405 1066 2454 ao
1091 2385 1230 2454 castelle
1251 2385 1363 2452 forcia
1389 2387 1420 2451 in

256 2541 261 2550 .
281 2485 491 2554 dedicionem
508 2486 685 2574 acceperit,
705 2503 772 2552 non
789 2492 841 2552 est
859 2503 931 2552 mee
948 2484 1113 2553 facultatis
1134 2485 1306 2553 evolvere.
1328 2484 1420 2551 Tan-

281 2584 355 2653 dem
387 2586 520 2652 eivitate
549 2585 713 2651 Brixiensi
736 2603 833 2670 quam
862 2583 1042 2652 obsederat
1069 2583 1218 2672 devicta,
1251 2601 1419 2670 muroque

281 2685 354 2752 eius
376 2682 525 2751 funditus
546 2682 654 2750 diruto
680 2688 713 2750 et
732 2683 819 2750 rullo
839 2684 1067 2772 complanato,
1091 2683 1300 2750 tanuensem
1332 2683 1417 2749 oiri-

280 2789 381 2852 tatem
403 2783 524 2851 Tussie
544 2779 641 2871 adiit,
665 2782 776 2868 ibique
797 2781 1000 2868 aliquamdiu
1016 2787 1180 2872 moratus,
1205 2781 1419 2849 nobilissima

280 2901 321 2951 ae
341 2881 559 2950 devotissima
577 2882 650 2949 eius
667 2882 857 2969 imperatrix
871 2879 913 2948 de
931 2880 993 2949 hac
1016 2881 1090 2949 lucc
1109 2882 1262 2966 migravit
1287 2887 1326 2948 et
1352 2880 1418 2947 ibi-

281 2981 356 3049 dem
381 2981 624 3066 gloriosissime
647 2985 680 3047 et
706 2981 994 3068 sumptuosissime
1018 2979 1136 3047 traditu
1156 2985 1210 3046 est
1229 2979 1415 3066 sepulture.

280 3080 361 3147 Post
376 3082 471 3148 cuius
491 3079 667 3146 decessum
683 3079 758 3166 ipse
780 3078 914 3147 Romam
934 3081 1095 3168 perrexit,
1114 3078 1226 3164 ibique
1245 3077 1417 3146 aduobns

280 3177 501 3246 cardinalibus
520 3179 633 3245 missis
650 3197 669 3246 a
689 3197 777 3266 papa
794 3177 980 3267 Clemente,
1004 3179 1061 3264 qui
1084 3195 1123 3244 eo
1151 3184 1301 3264 tempore
1334 3176 1417 3244 Ari-

279 3279 392 3345 nionis
411 3277 613 3365 morabatur,
637 3279 670 3343 in
693 3278 925 3364 imperatorem
946 3283 1161 3344 consecratus
1184 3282 1288 3343 estet
1312 3294 1416 3344 coro-

279 3385 388 3445 natus,
415 3375 542 3457 Quibus
560 3376 838 3463 sollempnissima
856 3379 998 3464 peractis
1018 3377 1123 3443 Pisam
1139 3377 1307 3442 civitatem
1324 3376 1417 3442 Tus-

281 3478 331 3544 oie
349 3478 465 3566 peciit,
492 3475 549 3544 ubi
572 3474 757 3542 infirmitate
782 3481 953 3564 correptus
974 3482 1079 3542 morte
1100 3475 1182 3543 obiit
1203 3475 1367 3564 naturali,
1388 3481 1419 3540 ot

279 3576 313 3643 in
326 3575 441 3643 eadem
459 3577 591 3643 civitate
608 3573 790 3642 honorifice
804 3581 903 3662 prout
915 3575 1144 3662 imperatorem
1163 3573 1276 3641 decuit
1289 3581 1347 3640 est
1361 3591 1416 3640 se-

279 3676 402 3762 pullus.

354 3772 455 3841 Cuius
471 3778 574 3841 morte
590 3777 757 3860 comperta
771 3773 937 3861 principes
950 3775 985 3840 in
1000 3771 1053 3840 die
1073 3771 1280 3840 sanctiLuee
1296 3788 1414 3838 ewan-

280 3871 402 3956 geliste
430 3869 511 3962 [oct.
540 3868 603 3962 18]
631 3869 673 3938 ad
701 3870 890 3956 eligendum
913 3890 1027 3958 regem
1051 3873 1083 3939 in
1108 3869 1357 3938 Vranekenlurt
1380 3876 1414 3934 ut

280 3971 379 4036 moris
398 3978 448 4038 est
473 3975 711 4038 convenerunt.
739 3968 884 4050 Quorum
903 3972 1086 4058 prinoipurn
1106 3976 1266 4057 quatuor,
1286 3970 1413 4036 seilicet

281 4069 523 4156 archiepiscopi
552 4069 822 4154 llfaguntinensis
848 4076 880 4136 et
905 4071 1140 4157 treverensis,
1165 4087 1224 4140 reu
1253 4068 1411 4135 Bohemie

281 4174 314 4234 et
335 4167 480 4234 marchio
510 4165 551 4233 de
578 4165 836 4256 Brandenburg,
861 4167 1027 4236 dominum
1054 4167 1271 4235 Ludewiounr
1296 4166 1411 4235 ducem

316 4277 348 4342 l)
366 4290 383 4328 a
401 4271 499 4329 talibus
517 4273 584 4327 odor
600 4290 657 4328 was
675 4273 814 4348 bbulielros
832 4275 899 4331 fehlt
917 4278 944 4330 in
962 4276 1010 4331 der
1028 4273 1161 4330 urscbrift
