2886 4834
383 226 545 274 emortuos
568 227 775 274 couunnrrusr.
1105 191 1151 260 85

26 367 121 454 ipsum
159 365 291 432 veniret
324 363 529 434 festinanter.
597 365 718 434 Comes
754 359 944 432 Albertus¹
982 369 1148 448 cognatus
1168 365 1237 422 ¹298

28 465 110 533 ducis
140 463 347 532 voluntatem
374 465 446 531 eius
473 465 679 533 voluntarius
704 462 904 552 adimplevit.
948 461 1069 531 Comes
1092 457 1153 528 Al·-

29 565 128 630 bertus
143 579 221 629 cnm
239 561 281 630 ad
302 562 397 630 ducis
416 565 625 651 presenciam
651 565 864 653 pervenisset
887 561 1035 630 dicebat:
1068 560 1153 628 dccc

30 663 143 728 mmm
176 661 305 744 odiam
337 662 417 746 quid
437 662 550 748 placet
577 661 682 730 oodis'
701 665 738 729 ot
766 661 920 746 sociam?
961 658 1024 741 Qui
1055 657 1152 726 dixit:

29 761 162 847 dopoote
178 777 256 827 cccc
272 760 415 828 sedecim
435 761 539 828 oeildo
559 779 764 843 marcorem,
785 760 960 847 pecuniam
978 759 1152 843 suscipias,

29 859 151 927 domem
168 860 326 927 velociter
337 877 474 946 perpes,
488 865 522 928 et
536 860 653 928 literos
665 861 850 946 principum
862 858 1039 926 electorum
1052 859 1152 943 repis,

30 976 97 1044 pros
120 976 188 1043 pro
217 962 309 1044 repis
331 959 488 1027 etecttooe
516 977 605 1045 pope
634 961 877 1040 transmittent,
901 961 938 1025 ot
968 955 1154 1042 stpttteomr

30 1075 214 1142 promoveas
234 1057 416 1144 diligenter.
450 1060 483 1126 ls
500 1058 637 1127 Romam
654 1057 753 1148 adiit,
783 1059 943 1145 iussaque
962 1055 1151 1142 complevit,

31 1175 100 1245 pape
119 1156 415 1244 cardinalibusque
434 1176 568 1226 oausam
586 1175 646 1246 pro
665 1176 732 1244 qua
748 1163 886 1225 venerat
903 1155 1062 1223 recitavit.
1088 1151 1151 1233 Qui

32 1264 58 1322 ut
77 1255 153 1323 dixit
177 1257 293 1325 literas
320 1256 481 1344 quasdam
509 1255 715 1324 tradiderunt
738 1261 772 1324 et
789 1254 841 1334 ad,
855 1255 987 1343 propria
1010 1270 1151 1342 pergere

33 1355 247 1442 permiserunt.
265 1356 428 1424 Terrorem
440 1357 605 1425 literarum
616 1357 723 1424 omnis
737 1355 838 1424 bomo
849 1353 1151 1442 simpliciterigno-

34 1455 105 1520 ravit.
142 1451 196 1523 He
227 1455 323 1523 litere
356 1473 443 1544 pape
470 1453 669 1543 supradietis
696 1454 897 1524 electoribus
922 1454 1012 1539 regis
1040 1450 1150 1518 subito

35 1554 288 1621 transmittuntur.
322 1554 490 1642 Principes
518 1554 570 1622 bis
588 1555 671 1622 visis
698 1554 801 1622 literis
819 1571 906 1641 pape
924 1555 1152 1620 convenerunt

36 1658 59 1718 et
73 1653 272 1740 conoquium
291 1669 353 1722 seu
370 1655 491 1722 cunam
509 1654 544 1720 in
567 1651 655 1722 sesto
674 1658 863 1721 sanctorum
880 1651 1020 1740 Philippi
1039 1656 1073 1718 et
1089 1649 1150 1716 la-

37 1750 94 1817 oobi
111 1746 193 1840 [mai
215 1748 256 1843 t]
276 1769 335 1840 pro
353 1753 449 1838 regni
467 1753 621 1838 negociis
649 1751 842 1839 edixerunt,
861 1756 894 1820 et
911 1768 1025 1836 regem
1042 1747 1150 1818 Adol-

36 1848 84 1915 lan
100 1856 131 1917 et
147 1849 270 1920 ducem
289 1852 478 1939 specialiter
494 1857 706 1920 vocaverunt.

92 1945 242 2018 Audiens
269 1951 332 2018 hcc
355 1949 497 2018 ndottus
519 1969 577 2018 rex
602 1951 737 2018 nuntios
768 1951 856 2018 misit
880 1948 923 2018 ad
948 1950 1088 2036 curiam,
1114 1953 1150 2015 ut

37 2046 127 2115 literas
147 2047 246 2116 ducis
270 2046 404 2118 dustria
425 2067 486 2118 seu
508 2050 690 2137 principum
714 2049 895 2118 electorum
920 2049 1010 2134 regis
1040 2048 1148 2115 irritos

38 2142 162 2216 lacerent
178 2155 239 2216 aut
253 2147 413 2217 delerent.
440 2147 520 2216 Cum
535 2149 641 2216 nuntii
661 2150 752 2235 regis
767 2147 808 2216 ad
826 2149 948 2216 curiam
968 2147 1148 2236 pervenis-

38 2251 112 2334 sent,
142 2254 175 2315 et
193 2266 284 2336 pape
307 2249 397 2334 regis
420 2247 559 2334 negotia
585 2248 811 2336 relevassent,
830 2248 937 2316 taliter
959 2244 1147 2334 respondit:

40 2341 127 2428 Nepae
149 2346 220 2414 doe
238 2347 370 2414 Austris
390 2365 493 2432 ocqoc
512 2348 679 2432 principes
702 2347 939 2432 adpetitiones
960 2363 1044 2431 pecs
1065 2361 1148 2430 por-

38 2450 173 2512 reoeroot
193 2465 217 2512 o
241 2464 291 2512 mc
306 2445 422 2513 literas
441 2449 599 2531 poterent
618 2447 805 2531 impetrare.
839 2445 874 2514 Si
899 2449 1008 2513 cotem
1032 2444 1149 2511 literas

40 2539 148 2625 clipeos
161 2544 390 2636 obtinuerant,
404 2544 466 2613 boc
478 2563 542 2630 per
560 2563 611 2612 mc
629 2562 695 2612 ooo
707 2545 868 2628 fecerent,
882 2545 961 2630 poio
974 2542 1037 2611 doc
1050 2544 1123 2610 dico
1135 2533 1149 2576 ²

40 2655 76 2704 me
85 2643 208 2724 penites
233 2647 400 2730 ipoorore.
434 2644 477 2711 lit
490 2643 598 2711 certis
613 2646 694 2710 nocis
714 2643 876 2725 credetis,
895 2643 1076 2727 dicetisque
1092 2659 1148 2708 sc-

40 2754 99 2804 mre
119 2745 187 2828 cepi
203 2747 243 2809 ut
262 2746 373 2810 oeoiot
398 2743 446 2810 od
463 2759 514 2810 mc
538 2747 572 2810 et
590 2745 698 2828 ipsam
714 2745 747 2809 io
772 2759 920 2809 cesarem
938 2739 1148 2808 oomccroto.

17 2867 18 2870 ¹
41 2834 146 2906 luditis
164 2841 229 2909 biis
247 2844 350 2910 nuntii
369 2844 459 2928 regis
478 2841 520 2910 ad
538 2843 669 2930 propria
686 2841 864 2910 redierunt.

99 2937 212 3010 Comes
227 2937 383 3010 Albertus
403 2941 445 3010 de
463 2941 683 3029 Haigerloob,
703 2946 869 3027 cognatus
888 2938 983 3008 ducis
1003 2935 1148 3028 Austris,

45 3049 97 3100 oon
114 3036 224 3108 literas
239 3040 396 3108 obtentas
414 3042 447 3107 in
463 3042 551 3108 ouria
567 3039 643 3109 duci
660 3039 938 3129 demonstrasset,
962 3045 996 3107 et
1011 3038 1148 3108 easdem

44 3141 137 3215 postea
156 3139 361 3227 principibus
384 3139 585 3208 electoribus
610 3142 700 3225 regis
725 3137 934 3220 tradidisset,
959 3138 1148 3206 civitatibus

45 3245 91 3314 tpre
111 3243 183 3304 sunt
209 3239 244 3305 in
269 3237 393 3306 Suevia
416 3237 558 3327 dampna
585 3238 807 3326 multipliciter
838 3236 1011 3305 inserebat.
1050 3235 1148 3318 Quod

47 3343 99 3397 tun
117 3352 172 3422 per
193 3343 323 3425 tempus
348 3339 589 3405 sustinuissent
612 3343 646 3405 et
663 3335 845 3405 defendere
860 3337 990 3405 minime
1012 3337 1148 3424 potuis-

47 3437 119 3519 sent,
138 3443 367 3504 convenerunt
383 3442 416 3504 et
433 3438 698 3526 coniuraverunt,
717 3435 906 3505 fidelitatem
922 3435 985 3502 sibi
1004 3441 1148 3502 mutuam

47 3533 247 3608 promiserunt.
275 3536 355 3604 Post
370 3536 432 3603 bec
454 3536 549 3604 simul
566 3536 697 3621 egressi
713 3535 886 3604 castellum
901 3533 1068 3621 quoddam
1081 3551 1147 3621 pa-

48 3623 103 3693 riter
117 3631 334 3724 obsederunt,
352 3635 518 3704 violenter
531 3633 745 3702 obtinuerunt
759 3640 793 3702 et
810 3633 955 3702 totaliter
970 3633 1147 3701 destruxe-

49 3733 109 3793 unt.
131 3730 204 3800 Post
229 3733 293 3802 bec
319 3735 471 3802 civitates
493 3733 535 3802 de
554 3733 727 3820 plurimum
749 3731 977 3821 confidentes,
1000 3730 1147 3800 audaces

50 3820 156 3929 electe,
172 3849 223 3900 res
246 3834 376 3901 comitis
398 3830 524 3901 Alberti
541 3832 676 3900 viriliter
692 3830 946 3922 impugnabant,
970 3849 1147 3919 expugna-

51 3923 133 4008 tisque
148 3937 285 4015 quatuor
298 3933 447 4000 castellis
464 3931 610 4001 funditus
626 3937 833 4020 everterunt,
852 3937 885 3998 et
899 3949 972 3999 eum
990 3931 1147 4000 derebus

51 4025 159 4110 propriis
176 4028 291 4117 sugere
308 4037 498 4118 coegerunt.

53 4215 56 4224 ,
75 4154 95 4217 ¹)
110 4171 135 4210 ⁸0
150 4162 242 4232 ricbtig
260 4163 309 4218 der
327 4163 431 4228 draci,
462 4163 613 4220 Buraardus
635 4163 682 4218 bat
708 4165 753 4221 die
777 4166 816 4220 bs.
843 4165 902 4220 bier
920 4165 973 4221 und
994 4163 1148 4220 demnicbst

52 4231 126 4276 tamer.
157 4231 184 4298 2)
203 4231 245 4286 dic
263 4232 309 4286 bat
327 4232 375 4288 der
394 4231 479 4287 druell
499 4249 554 4288 was
573 4231 617 4287 iclr
635 4234 754 4290 inderte
