2890 4832
340 261 477 308 curabam
500 262 568 307 rura
589 262 614 308 s.
635 261 821 308 aromatum.
1082 230 1150 302 305

38 401 295 470 investimentis
324 419 407 468 usus
431 407 500 489 est,
540 399 641 487 idque
662 401 696 468 iu
723 400 892 469 velatione
914 399 1155 470 sanctimonia-

34 503 121 590 lium,
152 499 243 592 quod
272 497 417 568 cilicium
445 501 517 568 sine
550 499 730 586 lachrymis
764 517 921 568 exercere
945 516 1012 567 non
1037 499 1154 587 potuit.

37 599 168 668 Calicem
184 616 264 667 vero
282 617 419 666 aureum
444 617 486 668 ιιι
506 599 647 685 gemmis
664 597 828 686 preciosis
854 598 1037 666 adiriersis
1061 597 1155 683 regi-

35 700 87 767 bus
115 699 162 766 illi
192 698 323 788 missis,
356 697 479 766 valoris
500 703 536 764 ut
560 699 653 766 alunt
673 698 749 786 plus
776 717 875 786 quam
897 701 1155 786 quingentarum

34 815 217 886 marcarum,
240 795 282 864 ad
295 797 454 865 honorem
469 794 588 865 domus
607 796 662 864 dei
680 796 750 864 lieri
764 799 909 886 curauit,
935 814 1033 885 quem
1046 794 1154 864 devo·
1284 815 1297 824 ·

34 904 77 964 tus
92 914 193 985 super
210 896 312 964 altare
331 896 421 963 beuti
439 896 525 964 Petri
544 895 769 983 apostolomm
786 897 944 986 principis
965 895 1153 983 obtulisset,

34 998 56 1064 si
71 1013 135 1063 nou
156 996 248 1082 prius
264 993 306 1062 ιιι
323 995 494 1082 passionis
510 995 615 1063 calice
631 994 782 1064 bibisset.

94 1094 256 1180 Epitopua
277 1091 351 1160 libri
372 1095 482 1179 primi.
517 1091 589 1161 Hec
611 1092 653 1161 ιιι
677 1095 747 1162 vita
774 1099 808 1161 et
833 1093 962 1163 actibus
984 1093 1071 1161 boati
1093 1093 1154 1162 viri

34 1191 109 1260 dicta
132 1192 309 1261 sufficiant.
325 1191 375 1260 Ex
393 1191 503 1260 multis
521 1210 639 1280 pauca.
664 1191 741 1260 Non
753 1194 839 1259 enim
858 1200 921 1260 tam
939 1193 1040 1260 multa
1057 1209 1154 1279 quam

33 1309 99 1358 uera
117 1291 293 1380 probitatis
312 1293 385 1360 eius
407 1297 482 1359 acta
505 1291 649 1360 scribere
668 1293 845 1380 proposui,
873 1309 915 1358 ne
940 1291 1016 1358 mibi
1043 1291 1086 1357 ab
1112 1293 1154 1358 iis

35 1391 80 1477 qui
93 1392 199 1458 virum
219 1395 383 1458 noverant
404 1389 447 1458 do
471 1389 645 1458 mendacio
666 1392 776 1478 possit
797 1391 966 1480 insultari,
997 1407 1038 1458 eo
1063 1389 1155 1478 quod

34 1488 170 1556 nondum
189 1490 341 1578 expletus
365 1490 409 1557 sit
433 1507 541 1558 annus
566 1507 609 1556 ex
627 1507 695 1577 quo
713 1507 837 1577 passus
859 1497 929 1580 est,
956 1495 989 1558 et
1007 1507 1049 1556 ne
1066 1506 1156 1557 con-

35 1594 195 1672 gestcrum
217 1589 315 1676 copia
340 1587 531 1674 legentibus
557 1595 696 1674 generet
719 1587 894 1657 fastidium.
929 1588 1023 1656 Nunc
1045 1594 1156 1656 autem

36 1705 120 1772 quam
130 1686 271 1755 feliciter
289 1689 352 1754 etsi
370 1686 546 1756 difficulter
561 1687 603 1755 ιιι
621 1688 697 1755 lcvu
713 1688 940 1777 temporalium
955 1705 1014 1776 per
1031 1703 1156 1756 ascen-

37 1804 97 1852 sum
110 1804 327 1875 purpureum,
350 1785 452 1854 idest
471 1787 615 1872 martyrii
631 1787 795 1877 meritum,
811 1785 1000 1855 ascenderit
1021 1785 1063 1854 ad
1081 1805 1156 1852 am-

34 1884 141 1970 plexus
157 1887 229 1952 ueri
244 1885 432 1954 Salomonis
443 1938 452 1974 ‚
471 1885 504 1953 id
522 1891 575 1953 est
589 1883 632 1952 ιιι
651 1886 794 1973 quietem
815 1887 926 1954 divine
948 1885 1157 1972 contempla-

36 1984 133 2074 tionis,
151 1983 472 2072 stylusmanilestet.
500 1985 603 2072 (tuta,
626 1991 662 2052 ut
678 1987 726 2052 ait
746 1984 877 2072 qnidam
904 2003 947 2052 ex
973 1985 1044 2051 eins
1068 2001 1157 2051 con·

37 2084 220 2172 canonicis,
254 2082 415 2152 sacerdos
441 2083 583 2152 deuotus
605 2083 832 2172 uulneratus,
863 2083 966 2150 attam
989 2084 1077 2149 utem
1093 2099 1159 2168 per

36 2198 122 2264 pacm
140 2184 175 2248 tm
188 2186 279 2249 stato
291 2181 351 2249 toti
362 2185 495 2268 posttea
509 2184 645 2250 tenuem
661 2183 755 2268 repat
773 2183 920 2266 celestis,
938 2199 1000 2268 poe
1014 2185 1158 2268 amposta

36 2283 90 2362 ert,
103 2283 232 2350 intrare
246 2283 424 2366 potuisset,
445 2299 512 2348 mon
523 2281 708 2349 concidero.

401 2448 532 2518 Liber
558 2447 787 2518 secundus.

99 2581 210 2666 Caput
224 2583 377 2666 patruum.
404 2581 473 2650 Vas
500 2581 675 2650 electionis
693 2581 812 2650 beatus
831 2577 952 2646 Paulus
971 2578 1158 2668 apostolus

39 2678 209 2747 electorum
229 2681 366 2766 gloriam
391 2686 423 2747 et
441 2680 584 2748 divinam
604 2681 693 2748 circa
709 2681 786 2748 illos
804 2677 996 2763 intelligens
1015 2676 1158 2764 dispen-

39 2778 203 2868 sationem,
223 2779 289 2846 ait:
309 2778 401 2866 (tuoe
423 2783 534 2846 cutem
546 2779 788 2864 predestinavit
805 2776 866 2844 bec
878 2780 911 2842 et
930 2776 1158 2861 mapntptcoett.

39 2872 177 2954 Quatuor
202 2877 256 2944 bic
281 2886 471 2946 enumerat:
498 2877 817 2966 predestinationem
834 2876 1042 2943 vocatiouem
1062 2875 1159 2942 iusti-

39 2973 217 3044 icationem
246 2976 558 3062 magnificationem.
597 2977 736 3044 Primum
769 2985 917 3045 eternum
949 2978 1018 3062 est,
1045 2979 1078 3041 ιι
1107 2980 1160 3040 est

39 3090 132 3142 causa
150 3075 245 3142 trium
264 3075 548 3162 subsequentium.
574 3073 667 3156 eros
694 3076 778 3143 deus
797 3073 839 3144 ab
858 3081 972 3142 eterno
989 3071 1159 3161 predesti-

40 3179 104 3262 ual,
130 3173 194 3242 hos
219 3175 252 3242 in
280 3180 427 3262 tempore
445 3182 545 3242 vocat
562 3174 719 3242 iustificat
737 3181 769 3242 ιι
788 3172 987 3258 magnificat.
1021 3173 1158 3240 Beatum

38 3272 220 3356 pontificem
237 3271 472 3359 Engelbertum
491 3273 533 3342 ab
552 3279 668 3342 eterno
686 3273 962 3361 predestinatum,
989 3270 1160 3358 predesti-

40 3371 139 3438 nantis
158 3372 266 3458 gratie
284 3371 325 3439 ad
344 3373 488 3460 martyrii
505 3373 613 3440 locum
632 3379 779 3461 tempore
799 3379 831 3440 ιι
845 3372 1024 3440 occasione
1039 3367 1159 3456 qulbus

40 3469 135 3536 voluit
160 3471 312 3559 uocauit,
343 3477 497 3539 vocatum
521 3471 719 3539 contritione
745 3470 962 3539 couriessionc
987 3473 1019 3535 ιι
1037 3467 1159 3554 proprii

42 3569 207 3654 sanguinis
232 3567 395 3638 ellusiono
419 3569 624 3660 iustificari,
650 3570 861 3639 lrrsliiioatum
880 3568 986 3653 siguis
1006 3571 1039 3632 et
1055 3566 1160 3632 virtu-

41 3665 120 3733 tibus
138 3675 216 3756 post
235 3675 370 3736 mortem
389 3669 626 3758 magnificavit,
646 3675 680 3736 ιι
697 3668 846 3756 quotidie
863 3665 1075 3752 magnificare
1091 3681 1159 3733 non

44 3774 154 3833 cessat.
179 3766 230 3834 Dc
250 3767 518 3853 magnificatione
538 3769 610 3835 eius
629 3768 745 3836 celesti
759 3768 870 3835 dicere
885 3783 953 3833 non
967 3763 1160 3851 sufficimus

45 3865 111 3947 quia
137 3867 245 3952 qualis
270 3866 324 3934 vel
352 3871 476 3953 quauta
501 3867 544 3934 sit
570 3867 747 3934 nescimus.
782 3865 891 3934 Causa
918 3881 997 3932 uero
1016 3863 1161 3947 martyrii

47 3963 108 4030 elus
132 3982 190 4052 per
217 3983 315 4052 quam
343 3966 430 4032 illam
448 3967 627 4053 promeruit
644 3964 720 4032 talis
741 3971 818 4034 erat.
844 3963 1028 4031 Fridcricns
1048 3979 1160 4030 eomes

45 4057 80 4126 de
96 4061 258 4150 isenburg
276 4063 460 4132 advocatus
479 4064 538 4132 luit
556 4064 699 4132 ecclesie
717 4063 967 4132 Essendiensls
997 4061 1057 4130 Est
1075 4062 1161 4128 enim

47 4157 166 4228 abbatia
184 4163 308 4249 regalis
329 4169 361 4230 ιι
378 4164 419 4231 ab
437 4164 634 4251 imperatore
655 4170 792 4230 tenetur.
811 4163 878 4230 lste
892 4161 1076 4230 Fridcricns
1095 4158 1161 4226 lra-

47 4261 86 4324 trc
109 4261 238 4329 seniore
266 4262 298 4330 ln
324 4261 391 4330 lata
418 4261 559 4332 cedente
578 4263 650 4331 sine
670 4261 752 4350 lulio,
771 4267 808 4330 ut
826 4261 933 4330 iratrls
953 4263 1046 4328 esset
1063 4257 1160 4326 heres

74 4378 203 4425 boumn
220 4381 343 4427 nonnas.
362 4383 384 4425 2.
931 4371 964 4423 20
