2950 4836
433 269 606 318 nununnnus
626 270 813 318 nnrhusnsrs.
840 311 843 316 Α
1117 245 1189 314 495

128 407 227 476 Moe.
250 405 451 476 Adatbertus
470 408 742 496 archiepiscopus
765 407 888 482 vividus
907 411 1019 499 aprilis
1041 385 1126 500 [apr.
1145 409 1186 503 8]
1209 420 1274 474 raoo

37 504 149 595 obiit,
170 508 224 574 cui
238 505 449 576 Eberhardus
463 507 693 593 Brixingonsis
709 509 888 597 episcopus
900 508 1060 579 succedit.
1078 509 1192 578 Chun-

35 603 157 672 radus
177 607 395 692 Magantinus
414 606 687 694 archiepiscopus
707 606 796 674 obiit.

122 704 248 772 Moci.
267 705 477 774 Terremotus
496 706 605 773 multis
626 713 782 773 terrarum
796 706 880 774 locis
898 704 1007 774 sactus
1026 713 1079 774 est
1095 725 1191 792 mag-

32 819 112 870 nus
124 855 138 892 ‚
157 805 203 872 ita
223 809 261 870 ut
286 805 406 872 multas
432 804 534 872 urbes
560 811 594 872 et
614 803 776 872 ecelesias
798 804 987 872 destrueret
1011 811 1045 872 et
1068 812 1190 874 mortes

32 901 224 970 homiuum
240 902 373 990 nerana
393 905 482 991 cepit
500 910 609 972 autem
625 902 712 970 idem
731 909 928 972 terremotus
944 904 989 970 iiii
1010 921 1088 973 non.
1106 905 1191 972 maii.

122 1001 259 1070 Mucii.
286 1001 517 1088 chunigundis
539 1003 634 1087 virgo
661 1007 694 1069 et
715 1004 846 1091 regina,
874 1019 959 1071 uxor
981 1004 1191 1090 imperatoris

33 1096 204 1169 Heinrioi
221 1101 285 1189 pii,
310 1101 528 1170 Bahenberch
555 1101 702 1190 sepulta,
731 1101 839 1169 multis
858 1101 991 1188 fulgens
1010 1102 1189 1189 miraculis

33 1196 83 1265 ab
101 1197 310 1268 Innocentio
328 1218 417 1288 papa
435 1201 632 1268 canonizata
651 1206 713 1289 est,
733 1207 767 1268 et
783 1200 892 1268 multis
913 1201 1190 1286 convenientibus

37 1298 231 1386 episcopis
247 1304 281 1366 et
299 1299 580 1388 archiepiscopis,
598 1299 684 1366 inter
702 1317 788 1385 quos
812 1300 915 1367 eciam
929 1299 1022 1367 attuit
1036 1299 1190 1368 dominus

39 1395 317 1484 Salzpurgensr's
334 1399 608 1486 archiepiscopus
625 1397 854 1488 EberharduS‚
878 1397 920 1466 ab
936 1399 985 1467 eis
1008 1405 1061 1466 est
1078 1407 1191 1468 trans·

33 1495 127 1562 lata.
155 1495 346 1566 Dietmarus
366 1497 471 1566 abhas
490 1494 683 1566 Altahensis
709 1496 799 1566 cadit
815 1503 949 1586 propter
967 1499 1113 1587 senium,
1139 1497 1191 1566 cui

35 1592 208 1662 succedit
225 1595 339 1683 Poppo
358 1595 473 1664 abhas.

121 1692 269 1762 Mceiii.
287 1693 463 1762 Discordia
480 1694 566 1764 facta
590 1696 749 1764 cst‘intcr
773 1693 891 1764 ducem
915 1695 1067 1764 Bawarie
1093 1695 1188 1764 Lud-

37 1793 176 1860 wicum
204 1799 238 1864 et
260 1795 453 1882 episcopum
476 1792 757 1883 Ratisponcnsem
784 1793 1001 1862 Chunradum.
1029 1795 1088 1862 Cui
1106 1811 1190 1862 con·

38 1889 228 1958 federatus
254 1891 406 1962 dominus
429 1892 642 1962 Eberhardus
666 1892 940 1980 archiepiscopus
964 1893 1190 1980 Salzpurgen-

39 1990 94 2056 sis
116 1991 155 2056 in
185 2008 285 2058 manu
312 1991 422 2062 valida
439 1994 532 2060 venit
550 1995 580 2061 ei
594 1995 628 2061 in
650 1991 805 2060 auxilium
827 1991 918 2058 nullo
937 1993 1124 2060 resistente.
1149 1992 1190 2060 Et

42 2089 165 2155 diruta
186 2095 265 2156 sunt
284 2097 392 2158 castra
410 2091 581 2178 aliquanta
599 2109 641 2158 ex
659 2099 797 2176 utraque
816 2098 919 2177 parte,
939 2089 1093 2176 iactaque
1114 2095 1193 2158 suunt-

40 2185 213 2255 incendia
229 2187 367 2276 plurima
388 2207 448 2278 per
463 2191 651 2260 universam
671 2189 856 2256 Bouariam
867 2241 876 2276 ‚
897 2189 1046 2256 villarum
1065 2188 1190 2276 depre-

40 2285 211 2355 dationes
243 2293 276 2354 et
304 2289 536 2378 ecclesiarum,
565 2292 611 2358 ita
632 2295 668 2356 ut
691 2305 756 2356 nec
778 2288 820 2356 ab
851 2287 1009 2356 altaribus
1037 2289 1189 2355 abstine-

40 2390 124 2454 rent
153 2389 190 2452 at
208 2386 365 2473 reliquias
392 2393 582 2457 sanctorum
607 2387 685 2456 inde
711 2385 905 2476 aufferrent,
934 2387 1066 2473 aliaque
1093 2405 1190 2474 quam

42 2483 199 2570 plurima
226 2484 372 2554 nefanda
397 2491 430 2554 et
458 2487 607 2555 inaudita
636 2491 875 2575 perpetrarent.
909 2485 1094 2572 Liupoidns
1123 2485 1191 2554 dux

41 2581 191 2650 Austrie
216 2589 249 2652 ct
277 2585 386 2673 styrie
411 2584 622 2654 Theodoram
650 2585 749 2654 filiam
772 2585 863 2670 regis
894 2585 1071 2652 Greoorum
1098 2584 1191 2652 duxit

40 2699 203 2749 uxorem.

130 2778 286 2848 Mccdiii.
304 2779 486 2848 Ludwious
506 2781 573 2850 dux
587 2782 738 2850 anarie
755 2787 788 2848 ct
808 2779 961 2849 dominus
980 2777 1190 2850 Eberhardus

47 2879 319 2966 Salzpurgensis
349 2879 619 2968 archiepiscopus
647 2887 681 2948 ot
712 2879 908 2948 Chunradus
936 2879 1190 2968 Ratisponensis

46 2979 239 3065 episcopus
264 2979 297 3046 in
318 2977 529 3046 concordiam
548 2977 723 3048 redierunt.
751 2977 945 3048 Chunradus
965 2979 1191 3066 Ratisponcn-

45 3078 97 3146 sis
131 3077 318 3165 episcopus
343 3077 424 3146 obiit
447 3078 515 3146 viiii
536 3078 600 3146 kal.
619 3079 694 3146 maii
713 3078 799 3166 [apr.
820 3075 883 3168 23]
894 3129 903 3166 ,
925 3080 976 3145 oui
996 3075 1192 3147 Chnnradus

46 3175 286 3261 Frisingensis
303 3177 493 3264 prepositus
511 3175 670 3246 succedit.
686 3173 1192 3265 Piigrimushquileigensispa-

46 3273 200 3342 triaroha
222 3274 319 3365 obiit,
338 3277 390 3344 cui
416 3275 613 3344 Woiihcrus
639 3276 846 3344 Pataviensis
867 3276 1048 3363 episcopus
1070 3293 1191 3344 succe-

48 3372 120 3462 dit,
146 3391 210 3460 pro
237 3391 303 3460 quo
333 3373 448 3461 Poppo
476 3376 668 3462 prepositus
693 3373 947 3460 Aquileigensis
970 3375 1191 3442 constituitur.

48 3471 260 3540 Berhtoldns
287 3472 354 3540 dux
379 3472 528 3542 Merania
554 3473 643 3542 obiit.
668 3471 850 3542 Ludwieus
873 3469 941 3540 dux
962 3473 1113 3540 Bawarie
1133 3491 1191 3539 ca-

54 3577 164 3638 strum
184 3577 218 3637 et
236 3570 393 3659 oppidum
410 3573 444 3640 in
461 3571 626 3642 Lantshut
644 3576 836 3640 construere
856 3571 952 3658 cc'pit.

129 3669 257 3737 Moov.
286 3671 400 3758 Poppo
428 3672 607 3760 episcopus
638 3671 818 3740 Patavinus
850 3669 942 3738 obiit.
976 3667 1192 3754 manigoldus

49 3769 162 3836 abhas
188 3767 230 3838 de
249 3769 422 3854 Tegernse
450 3770 607 3838 succedit.
635 3766 778 3838 Otacher
803 3767 870 3836 dux
888 3769 1024 3836 Boemie
1049 3769 1192 3838 oonsilio

50 3867 209 3934 Ludwici
237 3866 331 3935 ducis
358 3869 489 3956 reliquit
514 3867 673 3936 Ottonem
701 3873 735 3936 et
756 3865 889 3936 adhesit
918 3867 1079 3954 Phiiippo.
1128 3865 1192 3948 Qui

50 3983 230 4034 consensu
261 3967 444 4055 principum
476 3968 634 4056 imposuit
663 3968 693 4034 ei
717 3965 882 4054 dyadema
906 3965 1031 4034 iaciens
1059 3985 1133 4034 eum
1161 3973 1192 4033 ct

50 4081 277 4134 successores
297 4083 378 4134 suos
398 4084 514 4155 regem
543 4065 741 4152 tradiditque
768 4066 865 4132 tiliam
894 4083 986 4134 suam
1006 4065 1192 4133 chzeino

52 4163 123 4232 tilio
143 4181 218 4233 suo.
244 4163 373 4234 Exhinc
396 4183 496 4250 reges
522 4166 729 4234 Boemorum.
762 4162 852 4234 Ordo
878 4163 1011 4234 iratrum
1028 4165 1191 4232 Minorum

51 4263 232 4332 inchoetur
250 4280 269 4334 a
287 4269 405 4334 saneto
424 4263 614 4333 Franciseo.
