2886 4834
394 237 559 286 canonicor
581 237 792 286 couxaavevsc.
1112 217 1156 284 67

45 377 255 467 Rossilmann,
283 377 460 446 scultetum
484 378 518 445 in
546 373 754 445 Columbaria
784 377 872 448 iecit.
926 378 1082 450 Ottonem
1115 382 1157 450 de

46 476 270 567 chsenstein,
297 483 453 566 nepotem
479 493 522 544 ex
544 491 660 544 sorore
678 493 757 565 sua,
781 476 942 548 Rudclius
961 480 1159 550 advocatum

45 575 153 644 llsatie
170 578 353 664 preposuit.
390 575 457 644 Sed
475 574 638 644 scultetus
657 581 690 642 et
707 574 893 646 advocatus
911 584 996 647 terre
1014 597 1081 648 non
1100 599 1159 670 per

45 675 135 743 omnia
159 674 417 743 concordabant.
470 672 665 742 Advocatus
695 673 829 744 iubente
855 695 937 764 rege
960 679 1014 746 vel
1041 680 1159 748 saltem

13 857 14 860 Ἴ
45 773 437 843 conniventeexuctiones
454 774 612 862 plurimas
630 771 788 862 iaciebet;
814 777 975 845 scultetus
995 783 1029 846 et
1045 796 1159 868 popu-

45 874 197 940 lusinvite
217 873 403 941 solvebant.
527 897 540 926 -·

99 969 166 1040 Rex
181 969 345 1041 Rudolius
361 972 574 1061 indignatus,
609 971 766 1042 militibus
784 974 944 1064 stipatus,
976 975 1157 1046 Columba·
1177 983 1243 1038 1285

13 1121 14 1150 2
45 1071 106 1136 ium
118 1069 338 1160 proficiscitur
363 1072 539 1140 scultetum
564 1069 792 1159 depositurus.
831 1069 1002 1142 Scultetus
1026 1093 1160 1164 premo-

13 1225 14 1228 ,
45 1169 115 1236 nitus
139 1171 307 1238 civitatem
331 1171 469 1261 clausit,
504 1185 568 1237 nec
594 1187 708 1256 regem
734 1170 866 1257 ingredi
892 1173 1047 1260 permisit.
1090 1173 1161 1243 Rex

46 1265 269 1337 Columbariam
286 1274 442 1358 potenter
464 1267 605 1338 obsedit.
643 1265 727 1354 Regi
745 1270 934 1360 nunciatur,
961 1271 1161 1341 Rridericum

47 1365 188 1452 queniam
207 1368 493 1457 imperatoremm
517 1367 667 1456 partibus
686 1365 899 1438 inferioribus
919 1369 1077 1440 affectare
1094 1373 1161 1440 im-

47 1467 157 1551 perium.
189 1464 265 1535 Rex
292 1467 355 1535 sibi
381 1470 501 1536 timens
528 1466 738 1535 obsidionem
757 1466 1062 1538 columbariensem
1087 1471 1162 1540 sol-

47 1565 93 1654 vit,
122 1571 154 1632 et
180 1582 258 1634 cum
286 1567 434 1635 exercitu
458 1564 671 1635 descendens
700 1566 899 1635 Rridericum
926 1570 1014 1658 cepit
1032 1575 1065 1638 et
1081 1571 1162 1656 igne

48 1664 187 1731 cremavit.
232 1663 316 1732 lnde
349 1665 391 1734 ad
418 1664 628 1735 obsidionem
667 1663 970 1735 Columbaricnsem
1010 1667 1162 1737 seeundo

49 1762 185 1853 perrexit,
210 1769 246 1831 et
270 1764 365 1852 ipsos
385 1781 457 1833 oum
476 1761 727 1834 conditionibus
746 1763 943 1851 quibusdam
961 1765 1004 1834 ad
1022 1763 1160 1853 gratiam

49 1862 181 1949 suscepit.
214 1861 399 1931 Scultetum
417 1863 623 1934 Waliherum
646 1879 705 1930 rex
729 1862 888 1950 deposuit
909 1871 942 1931 et
960 1865 1160 1933 Stameheim

49 1958 199 2028 scultetum
217 1963 412 2054 preposuit,
444 1969 477 2032 et
496 1978 557 2031 eos
575 1962 725 2028 maximis
752 1962 983 2030 exactionibus
1009 1963 1160 2032 turbavit.

49 2055 224 2127 Stamebeim
234 2061 398 2129 scultetus
408 2062 442 2128 in
455 2058 661 2131 Columbaria
671 2057 816 2128 residere
827 2067 1044 2148 nonpoterat,
1057 2061 1161 2130 [ilias-

49 2163 84 2223 tro
100 2175 155 2226 suo
178 2157 328 2226 cilicium
355 2163 541 2250 committit,
576 2165 608 2226 ct
633 2157 767 2226 diversa
795 2158 937 2227 turbatio
962 2161 996 2227 in
1023 2159 1161 2229 Colum-

51 2253 120 2323 baria
137 2257 343 2344 quiescebat.

102 2352 188 2442 Rege
214 2354 361 2426 Rudolio
388 2360 516 2424 mortuo
543 2354 736 2423 Waltberus
762 2353 960 2426 Rosselman
992 2357 1158 2445 qnondam
1178 2365 1241 2421 1291
1280 2435 1286 2444 ,

50 2453 188 2521 scultetus
212 2455 249 2522 in
280 2471 408 2523 summa
430 2459 626 2542 paupertate
646 2455 867 2544 constitutus,
898 2455 1060 2524 conduxit
1078 2455 1169 2525 duo-

51 2549 136 2619 decim
153 2569 274 2622 servos
291 2569 401 2640 vagos
428 2559 462 2620 et
480 2554 621 2642 inopes,
648 2551 756 2619 cibum
775 2559 809 2620 et
827 2560 944 2621 vestes
963 2555 1169 2628 ministrans.

52 2666 96 2734 per
123 2649 182 2720 lios
212 2651 430 2721 insidiaturus
467 2650 610 2718 sculteto
647 2649 856 2718 Stcmcbcim.
907 2651 1105 2738 intelligens
1137 2653 1171 2720 id

52 2749 188 2818 scultetus
214 2750 404 2820 declinavit.
438 2748 630 2816 Waltberus
649 2745 850 2818 Rbsselman
878 2750 1019 2820 oonsilio
1044 2749 1162 2818 decani

52 2851 75 2911 et
89 2847 214 2918 aliorum
233 2852 412 2918 amicorum
427 2846 571 2916 cilicium
583 2848 714 2916 sculteti
727 2865 787 2935 per
801 2848 992 2918 violentiam
1009 2856 1160 2937 occupat.

107 2945 1160 3034 mmmmmmmmfflmmm

52 3041 179 3112 iuvenem
197 3045 334 3114 divitem
352 3045 438 3113 bene
461 3047 687 3134 parentatum,
716 3051 749 3112 et
777 3044 876 3114 lilium
908 3047 980 3114 eius
1007 3047 1161 3114 iuvenem

53 3141 106 3207 sine
123 3145 299 3213 occasione
325 3151 359 3212 et
383 3161 486 3212 causa
513 3149 628 3212 eontra
652 3142 749 3211 deum
767 3139 919 3212 homines
943 3150 975 3212 et
998 3145 1161 3212 iusticiam

54 3237 211 3334 interiecit,
231 3243 305 3311 eius
323 3259 378 3310 res
397 3241 545 3330 diripuit,
563 3242 638 3329 plus
658 3257 756 3329 quam
775 3247 940 3310 trecentas
959 3261 1086 3310 marcas
1104 3244 1161 3310 in-

55 3341 90 3402 ter
104 3357 177 3408 suos
204 3341 372 3410 distribuit
380 3363 388 3426 ;
415 3339 570 3408 dominos
597 3341 718 3408 milites
737 3339 780 3407 de
798 3339 1027 3428 Nortgassen,
1046 3339 1160 3407 lltzicb

17 3433 18 3438 ’
55 3435 246 3507 abdominum
263 3438 450 3507 Rustarlum
476 3439 641 3506 civitatem
661 3439 750 3506 exire
769 3439 927 3526 compulit
950 3443 984 3505 et
1014 3454 1066 3504 res
1095 3453 1159 3504 eo-

57 3548 107 3599 rum
123 3535 331 3625 confiscavit3
358 3537 430 3624 regi
458 3553 496 3606 se
521 3538 680 3624 opposuit
698 3543 731 3604 ct
750 3534 989 3605 Columbariam
1008 3532 1159 3604 bushel-

55 3646 93 3698 no
108 3631 144 3701 de
159 3631 366 3724 Rapoltstein
384 3633 528 3706 tradidit.

57 3793 155 3867 Bellum
177 3803 210 3868 in
235 3801 440 3870 Anobelmrtm
465 3801 627 3869 mecm
652 3801 693 3868 de
718 3797 930 3884 Ropoltcteic.

110 3921 262 3993 Dominus
296 3925 338 3994 de
365 3923 574 4012 Rapoltstein
600 3923 763 3992 carnalem
800 3919 931 3988 iratrem
965 3921 1158 4011 liberosque

59 4011 141 4087 iratris
164 4025 308 4094 noscitur
325 4023 484 4092 babuisse
510 4025 567 4109 qui
593 4039 666 4091 cum
693 4038 734 4089 eo
759 4017 938 4088 dominium
962 4018 1159 4088 debuissent

59 4110 110 4181 iure
131 4117 320 4190 hereditario
345 4120 555 4211 possedisse.
594 4120 667 4188 Hlis
694 4115 911 4188 hereditatem
935 4116 1015 4186 dara
1041 4119 1156 4206 noluit,

60 4209 105 4278 sed
127 4213 163 4284 de
190 4218 334 4288 dominio
353 4226 513 4308 quantum
537 4220 644 4308 potuit
670 4217 855 4304 extirpavit
890 4215 923 4284 ls
942 4215 1095 4354 dominus
1114 4214 1156 4282 de

18 4323 19 4330 ³
919 4327 934 4374 e
