2884 4834
400 249 528 298 rrnrnrs
549 249 791 298 wonnrrmnsns.
1094 224 1163 294 195

53 387 173 458 numme
190 385 281 474 quod
296 387 423 457 iuratus
442 393 513 458 erat
528 388 659 459 simbus
682 394 800 459 eontra
822 387 970 478 ipsomm
987 391 1161 461 iniuriato-
1180 405 1248 462 rasa

53 505 103 555 res.
125 485 164 553 Et
179 485 261 554 lieet
276 503 378 576 snper
394 486 459 557 boo
478 489 655 580 sepissima
671 489 892 559 commonitus
910 507 931 558 a
947 489 1089 580 oivibus,
1107 497 1163 559 ta·

52 601 114 655 nen
128 584 253 653 nullum
269 586 352 674 ipsis
369 586 527 656 auxilium
543 587 775 679 impendebat,
804 587 1043 677 promissomm
1061 595 1095 659 et
1111 591 1164 657 in-

53 685 173 752 ramenti
189 685 361 754 immemor
377 687 503 776 extitit,
528 693 563 755 at
580 685 671 775 quod
688 688 864 756 maximum
882 693 955 756 erat
971 687 1056 755 inira
1073 693 1164 757 treu-

52 799 102 870 gas
127 782 234 871 ipsius
269 782 393 852 domini
426 784 567 875 Pbilr'ppi
600 784 709 855 dietas
732 785 882 855 laoobus
908 785 1001 855 nives
1025 785 1165 856 ollendit

52 887 190 968 quantum
208 884 327 972 potnit,
346 883 514 970 agricolas
532 901 646 954 eornm
662 885 698 953 in
714 885 802 955 villis
820 884 863 954 de
881 884 1036 954 omnibus
1050 903 1164 956 eornm

52 979 244 1070 expellendo.
278 981 361 1050 Nam
377 983 411 1051 in
429 982 483 1053 die
502 985 611 1053 saneti
628 983 801 1073 llyppoliti
819 979 915 1075 [ang.
935 981 1163 1075 ld]'prooos·

50 1080 85 1147 sit
97 1078 243 1150 laoobns
270 1081 433 1151 scultetus
451 1081 494 1151 de
512 1078 722 1171 oppenheim
738 1099 813 1152 oum
830 1081 1029 1170 quibusdam
1047 1081 1090 1152 de
1109 1084 1162 1152 ni-

50 1177 129 1246 vibus
151 1180 222 1248 suis
248 1186 282 1248 et
302 1181 370 1250 illis
387 1179 430 1250 de
447 1179 674 1276 Altzeiaante
695 1182 864 1251 divitatem
881 1181 1160 1252 wormatiensem

50 1277 255 1347 molendinum
272 1279 455 1348 llberbnrdi
479 1280 590 1350 militis
608 1297 724 1352 sonare
749 1286 783 1350 et
805 1279 1003 1372 inpendere,
1020 1281 1055 1350 in
1072 1280 1162 1350 ller-

51 1374 170 1445 lesbeim
194 1377 348 1447 borreum
365 1377 405 1447 H.
422 1375 553 1449 llinberi
569 1379 703 1470 plenum
721 1395 857 1450 annona
874 1380 1106 1449 eoneremavit.

107 1475 181 1545 Erat
199 1478 299 1546 otiam
316 1479 393 1567 ipso
411 1484 561 1568 tempore
579 1478 711 1567 quidam
729 1484 848 1550 onntor
863 1479 999 1547 maioris
1018 1479 1162 1548 eoelesie

51 1570 442 1646 wormatiensismomine
459 1576 625 1669 lacobus,
644 1579 702 1666 qni
719 1583 790 1647 mat
806 1576 973 1648 irutmelis
990 1575 1089 1646 istius
1101 1577 1162 1646 Ja-

52 1672 126 1762 nobi,
143 1673 185 1743 de
202 1676 299 1745 omns
317 1675 461 1746 oonsilio
484 1675 548 1746 hee
572 1679 683 1746 omnia
706 1677 793 1744 mala
809 1675 961 1766 puniente
977 1693 1162 1766 processe-

51 1776 118 1839 runt.
149 1771 327 1844 Habebunt
357 1793 477 1866 nempe
512 1774 677 1864 quendam
707 1775 996 1862 nonsanguineum
1030 1777 1162 1854 nomine

53 1865 219 1940 donmdum
244 1872 445 1965 Sulgelonlr,
471 1875 528 1962 qui
545 1893 613 1944 nna
630 1890 704 1968 enm
725 1873 911 1944 Wernhero
929 1872 1029 1942 lrntre
1047 1891 1111 1943 suo
1129 1880 1164 1943 et

53 1983 147 2037 eornm
164 1972 383 2060 eomplieibns
407 1973 508 2042 multa
529 1973 616 2042 mala
633 1971 763 2043 oivibus
780 1974 815 2041 in
833 1973 945 2042 stratis
963 1977 998 2040 et
1013 1973 1048 2040 in
1065 1973 1162 2060 aquis

53 2067 298 2162 machinabatur,
316 2071 498 2161 predantes
515 2089 691 2161 quosquos
713 2071 939 2161 reperiemnt‚
967 2069 1164 2140 Christianis

54 2171 78 2232 el
92 2164 200 2237 ludeis
227 2187 292 2238 sna
315 2169 515 2261 auterendo,
541 2175 576 2240 et
595 2171 728 2260 aliquos
755 2168 955 2259 eaptivnndo
979 2169 1065 2239 alios
1083 2187 1163 2239 vero

52 2264 250 2338 redamando.
275 2269 367 2338 Inter
390 2270 456 2338 ista
480 2271 581 2339 otiam
597 2271 702 2360 mala,
729 2268 820 2358 qnod
837 2269 933 2358 peius
953 2273 1042 2358 erat,
1070 2286 1163 2338 oom-

52 2363 200 2435 nisernnt.
236 2366 401 2437 Videlinet
430 2366 538 2438 dietus
566 2368 748 2456 Sulgelo'eb
778 2385 852 2437 oum
887 2365 1086 2456 quibusdam
1120 2367 1162 2437 de

53 2455 179 2556 litzein,
206 2465 271 2534 sub
296 2469 406 2538 noetis
431 2467 566 2537 silentio
590 2467 809 2538 Wormatiam
831 2465 1051 2556 annedentes,
1078 2467 1163 2536 bor-

54 2575 128 2630 renm
151 2569 185 2633 et
209 2564 343 2635 edibeia
374 2565 517 2636 Conradi
541 2565 657 2636 Dirolti
683 2567 768 2636 nivis
794 2565 1071 2655 wormatiensis,
1097 2566 1163 2633 sita

54 2664 130 2730 extre
149 2679 262 2732 muros
289 2681 389 2754 super
414 2666 517 2734 rivnrn
539 2683 659 2736 vorsus
684 2671 718 2734 et
734 2666 769 2733 in
786 2664 945 2752 opposito
964 2663 1101 2731 oleastri
1120 2663 1162 2732 ad

54 2753 163 2830 bonnm
186 2767 306 2831 semote
329 2763 436 2832 Mario
458 2764 613 2834 instrata
633 2764 794 2854 spirensi,
813 2761 898 2832 olam
916 2765 950 2830 et
967 2760 1031 2830 sub
1047 2761 1163 2830 umbra

53 2859 143 2926 noetis
158 2861 305 2930 totaliter
321 2867 355 2930 et
367 2860 485 2932 furtive
502 2861 758 2934 suspenderunt.
775 2861 817 2931 llt
832 2865 1044 2930 transeuntes
1056 2878 1162 2950 prope

54 2952 209 3029 alaustmm
229 2960 360 3029 auidam
373 2962 443 3030 viro
460 2959 525 3030 lide
539 2959 660 3049 digno,
678 2962 811 3030 nomine
824 2957 1011 3029 Wembero
1029 2957 1071 3028 de
1084 2959 1163 3028 bln-

55 3048 193 3149 lenheim,
210 3060 418 3148 pronumtori
436 3059 514 3130 dieti
532 3060 681 3150 eenobli,
698 3060 831 3128 intento
847 3058 883 3125 in
900 3058 988 3127 laeto
1006 3075 1080 3149 suo,
1100 3057 1162 3127 sibi

56 3155 291 3248 proelamnntes,
309 3159 385 3228 viva
400 3175 487 3230 voee
505 3158 674 3248 adipsum
691 3158 880 3246 loquentes,
902 3155 965 3226 hen
983 3173 1021 3226 se
1039 3157 1162 3226 lenisse

56 3246 241 3345 fatebantur3
267 3257 500 3328 niebilominus
517 3259 627 3347 ipsum
644 3262 819 3346 rogantes,
844 3261 881 3324 ut
898 3254 988 3324 dieto
1007 3255 1162 3324 Conrado

58 3353 82 3413 et
96 3353 215 3424 nivibus
233 3356 297 3425 beo
312 3356 416 3426 vellet
437 3354 582 3446 prolerre
600 3374 644 3427 ex
660 3361 753 3445 parte
770 3356 936 3444 ipsorum,
955 3359 990 3422 et
1005 3357 1163 3443 preeipne

57 3443 218 3536 Sulgelooh
244 3471 318 3524 enm
335 3455 449 3524 dinere
467 3456 608 3543 rogavit.
631 3451 719 3524 Aeta
741 3457 852 3523 antem
869 3457 948 3521 sunt
964 3451 1009 3520 bii
1026 3451 1162 3521 nefandi

58 3560 198 3621 ereessns
217 3571 307 3624 anno
324 3553 506 3623 m.oe.l.viil.
523 3555 557 3623 in
574 3554 678 3644 prima
694 3557 795 3623 noete
820 3555 901 3640 post
917 3549 1003 3618 diem
1021 3557 1162 3639 aposto-

56 3639 143 3716 lomm
160 3650 303 3722 Simonis
322 3658 355 3722 et
370 3651 458 3722 lude
479 3649 561 3744 [oet.
580 3649 657 3744 28].
682 3651 805 3720 Postea
823 3665 903 3718 varo
919 3650 954 3717 in
967 3648 1022 3716 die
1046 3655 1163 3718 sanate
1281 3729 1283 3734 ,

59 3739 160 3816 lenite
179 3747 274 3842 [nov.
293 3749 358 3844 22]
378 3755 578 3842 nooepemnt
602 3751 731 3820 eivlbns
749 3747 1058 3818 Wormaeiensibus
1076 3747 1163 3818 idem

59 3836 234 3939 Sulgelooh,
252 3847 459 3920 Wernberus
477 3848 578 3920 irater
594 3867 688 3940 suns,
709 3847 918 3917 Wernberns
935 3845 1051 3937 llulus,
1067 3847 1164 3917 Lulei

58 3933 184 4037 livinus,
204 3949 438 4018 Gwenselinus
457 3953 491 4017 et
508 3946 641 4036 quidam
658 3949 713 4016 alii
731 3945 773 4016 de
791 3944 922 4015 Allneia
939 3961 1053 4016 eorum
1070 3965 1163 4015 eom-

58 4035 161 4134 ilites,
178 4063 284 4135 equos
302 4047 489 4117 oetodeoim
506 4053 584 4116 ante
601 4053 730 4137 portam
748 4045 855 4115 saneti
871 4041 1022 4134 Andree,
1047 4053 1081 4114 et
1098 4046 1163 4114 de-

61 4132 199 4212 dnremnt
216 4163 277 4216 eos
295 4147 329 4215 in
346 4145 519 4216 liltzeiam.
543 4145 652 4235 Super
669 4145 732 4214 hiis
750 4160 832 4214 vero
849 4143 1054 4214 invocabant
1071 4146 1163 4232 epis-

61 4248 146 4322 eopus
167 4243 426 4314 wormatiensis
451 4261 492 4312 ao
516 4245 610 4314 nives
629 4244 786 4314 auxilinm
804 4243 982 4312 nmioomm
1000 4249 1033 4310 et
1051 4241 1163 4310 domi-

908 4351 966 4405 ra*
