2878 4834
290 237 360 306 226
630 263 798 312 nrrnorrnrn
820 265 1053 314 woaunrrrnsrn.

291 405 458 474 mediante
481 403 684 491 ltlurquardo
713 404 857 474 sculteto
882 403 925 472 de
949 401 1167 493 Oppenbcim-
1183 403 1270 472 fideli
1288 413 1411 494 nostro,

290 507 346 593 qui
365 503 407 573 ad
427 504 492 572 hoo
509 503 551 571 ab
572 509 714 590 utraque
734 510 828 592 parte
844 503 1006 572 mediator
1023 503 1152 571 electus
1174 509 1227 570 est
1247 509 1280 572 et
1301 509 1410 593 prori-

290 621 359 694 εον,
374 603 479 672 videri
493 602 594 670 debet
605 621 645 669 ac
661 603 793 691 plenius
807 602 955 671 discerni
970 603 1017 670 rei
1035 603 1158 670 veritas
1173 601 1216 670 de
1232 603 1408 672 violacione

288 703 396 791 ipsius
415 701 604 770 concordie.
619 702 698 769 Etsi
709 707 853 790 exparte
865 701 1133 790 ipsiustylippi
1144 701 1262 770 eadem
1275 721 1408 771 concor-

289 801 344 869 dia
360 800 566 889 infringetur,
581 801 668 869 idem
685 801 866 889 Phylippns
885 808 919 868 et
937 801 991 868 alii
1002 802 1058 867 xix
1077 799 1216 888 predicti
1227 801 1342 869 milites
1354 817 1409 870 se-

289 919 364 968 eum
377 902 472 968 iurati
491 901 655 968 civitatem
673 900 960 968 Wormaciensem
978 899 1156 989 intrabunt,
1172 900 1251 968 inde
1271 919 1337 968 non
1355 919 1410 969 rc-

232 1019 238 1032 ’
289 998 1411 1087 cessuridoneoparsipsiuscivitatisrecipiatdeviolentiaooncor-

289 1098 343 1168 die
362 1097 626 1168 satisfactionem
644 1097 787 1166 debitam
817 1104 850 1167 et
869 1097 1080 1185 condignam.
1118 1098 1158 1166 Et
1185 1100 1214 1166 si
1233 1097 1316 1166 forte
1333 1099 1410 1166 idem

287 1197 470 1286 Phylippns
488 1204 521 1266 et
537 1215 650 1266 secum
668 1199 765 1266 iurati
780 1199 953 1266 iuramenti
974 1199 1026 1265 sui
1040 1197 1132 1285 quod
1148 1197 1236 1266 absit
1253 1198 1407 1266 voluerint

284 1297 340 1365 vel
356 1298 620 1386 presumpserint
636 1295 708 1364 fore
726 1298 934 1364 immemores
942 1350 951 1385 ‚
978 1298 1175 1384 promissam
1203 1303 1235 1365 et
1261 1301 1405 1365 statutam

285 1395 497 1464 concordiam
522 1397 651 1463 minime
676 1395 915 1485 observantes,
935 1395 1049 1462 baberi
1076 1394 1202 1463 debent
1219 1413 1260 1464 ao
1282 1397 1405 1484 publice

286 1494 351 1562 dici
369 1513 511 1583 persone
529 1493 682 1584 infames
701 1496 790 1563 omni
809 1495 928 1563 robore
948 1493 1024 1561 frdci
1043 1499 1077 1562 et
1091 1495 1229 1562 honoris
1253 1503 1405 1583 carentes,

284 1594 518 1662 nichilominus
542 1593 682 1682 predicti
704 1595 796 1662 cives
821 1595 863 1661 ab
889 1612 1002 1663 eorum
1027 1595 1182 1682 personis
1203 1600 1236 1662 et
1254 1594 1350 1663 rebus
1367 1594 1403 1661 li-

285 1692 398 1760 berum
415 1692 586 1760 habebunt
602 1693 770 1761 arbitrium
789 1693 1052 1760 satisfactionem
1070 1692 1215 1760 debitam
1232 1693 1403 1782 repetendi.

284 1791 427 1860 Nomina
449 1798 560 1860 autom
584 1793 758 1861 iurantium
790 1793 887 1860 simul
918 1810 991 1860 cum
1017 1787 1211 1880 Pbylippo¹
1235 1794 1403 1860 camerario

283 1891 432 1980 predicto
451 1891 514 1959 hec
532 1896 622 1959 sunt:
648 1891 760 1960 lfratto
780 1891 866 1960 filius
884 1891 1132 1980 limbricboniS,
1150 1891 1351 1959 Ludemieus
1368 1891 1402 1957 dc

284 1989 520 2080 Richenstein‚
547 1990 753 2059 Wernherus
780 1990 955 2058 Heinricus
987 1989 1162 2058 lohannes
1191 1989 1310 2059 iratres
1335 1989 1403 2058 dieti

286 2089 581 2178 Wullesebirzele,
600 2089 726 2158 Wolfrn
741 2089 783 2157 de
803 2089 1035 2178 Suabesberg‚
1054 2088 1204 2157 lacobus
1224 2089 1310 2157 frlius
1327 2089 1405 2176 Rape

286 2187 329 2256 de
347 2188 482 2278 Almia,
508 2187 718 2257 Dietcrichus
746 2188 787 2257 de
806 2189 1029 2268 Ensintbcinr,
1060 2188 1211 2257 lacobus
1229 2187 1272 2256 de
1289 2187 1403 2274 Dagis-

286 2287 391 2377 beim‚
409 2286 618 2356 Hermannus
638 2288 679 2356 de
697 2288 915 2377 fleresheim,
942 2286 1116 2356 Cunradus
1135 2287 1177 2355 de
1194 2287 1405 2376 Epelnsbeim.

286 2386 427 2455 llarolus
446 2386 488 2454 de
506 2386 718 2477 Kidenbeim‚
737 2386 911 2456 Heinricus
931 2386 972 2454 de
991 2387 1237 2477 Eppilnsbeim,
1257 2385 1403 2455 Ludewi-

286 2503 346 2554 cus
365 2485 643 2578 deValcenstein,
656 2487 769 2555 Simon
788 2486 829 2555 de
849 2486 1034 2574 Guntbeim‚
1054 2485 1231 2554 Durinburt
1248 2485 1404 2554 deWest·
1428 2519 1429 2538 i

285 2584 412 2675 boven,
432 2585 524 2653 Cuno
544 2584 586 2654 de
605 2585 790 2676 Guntbcim‚
808 2585 907 2672 Nagil
925 2585 968 2653 de
984 2585 1224 2673 Nittensbeim,
1242 2584 1403 2654 Heinricus

286 2683 328 2752 de
358 2685 595 2774 Eppilnsbeim.
648 2685 683 2754 Si
717 2703 798 2754 vero
828 2703 906 2774 pars
938 2684 1118 2754 eorundem
1148 2685 1271 2752 civium
1303 2690 1428 2784 contra¹

286 2789 419 2872 pactum
437 2783 587 2852 eiusdem
605 2783 787 2854 concordie
804 2785 950 2873 venerit,
969 2801 1041 2850 eam
1057 2785 1346 2872 presumptuoslus
1361 2784 1401 2849 in·

286 2881 464 2969 fringendo
472 2935 482 2973 ,
510 2885 684 2952 consilium
701 2885 807 2973 ipsius
827 2884 971 2952 civitatis
988 2884 1098 2951 locum
1117 2884 1172 2970 qui
1190 2882 1310 2950 dicitur
1325 2899 1401 2950 mon·

287 2982 348 3048 dot
362 2981 544 3071 intrabunt,
572 2984 720 3051 similiter
744 2983 786 3050 ab
805 2982 924 3051 codem
941 2983 1018 3050 loco
1036 2999 1104 3050 non
1123 2983 1290 3049 recessuri
1308 2981 1399 3049 donec
1426 3057 1427 3072 χ

286 3081 358 3168 pari
375 3097 462 3167 pena
481 3081 709 3151 satisfactione
735 3087 768 3150 et
790 3081 925 3150 infamia
942 3081 1062 3169 quibus
1083 3080 1191 3148 dictus
1219 3081 1399 3148 camerarius

287 3179 442 3246 astrictus
462 3185 529 3269 est,
559 3181 768 3249 satisfaciant
794 3188 830 3249 ut
853 3188 1015 3250 tenentur.
1041 3180 1083 3248 llt
1108 3182 1136 3247 si
1162 3177 1398 3266 contigeritali·

287 3295 385 3365 quem
403 3279 460 3346 xix
483 3279 660 3348 iuratorum
687 3281 908 3369 predictomm
934 3273 1006 3347 cum
1026 3278 1145 3347 oodorn
1163 3279 1325 3368 Pbplippo
1342 3278 1397 3344 sive
1425 3279 1426 3326 l

285 3376 505 3464 predictorum
525 3396 600 3469 sex,
626 3381 682 3467 qui
706 3381 803 3448 electi
822 3387 899 3448 sunt
917 3378 959 3447 ad
977 3377 1234 3446 discernendam
1250 3379 1398 3446 veritatem

286 3475 328 3544 de
347 3477 545 3546 excessibus
562 3479 664 3566 partis
682 3481 868 3568 utriusque,
889 3479 960 3546 sive
978 3476 1137 3545 dictorum
1155 3478 1396 3545 consiliariorum

284 3575 586 3644 Wcrmuciensinm
614 3578 750 3646 mortale
769 3579 924 3645 tributum
943 3577 1074 3666 subire,
1102 3578 1212 3644 statim
1233 3577 1316 3644 alius
1336 3575 1395 3641 loco

284 3675 390 3762 ipsius
418 3675 519 3744 debet
545 3677 617 3744 sine
653 3695 743 3745 mora
777 3677 925 3765 qualibet
950 3676 1140 3764 subrogari,
1168 3681 1205 3742 ut
1229 3675 1395 3742 nullatenus

287 3774 467 3842 earundem
485 3794 641 3843 numerus
659 3777 830 3843 minuatur.
862 3775 912 3842 De
938 3773 1081 3861 quodum
1107 3777 1219 3841 autem
1241 3791 1338 3862 puero
1353 3768 1394 3855 qui

284 3872 318 3936 in
337 3873 493 3942 conflictu
509 3880 579 3943 orte
599 3874 766 3944 discordie
785 3877 919 3943 occisus
938 3878 999 3962 est,
1021 3872 1097 3940 talis
1116 3874 1295 3960 promissio
1311 3873 1394 3939 inter-

284 3972 394 4058 venit,
426 3972 516 4059 quod
534 3973 641 4042 dictus
662 3973 845 4063 Phylippus
871 3990 1047 4062 procurare
1066 3977 1216 4062 tenetur,
1247 3979 1283 4039 ut
1299 3982 1391 4039 omnes

285 4072 529 4155 consanguinei
562 4078 596 4140 et
621 4075 717 4141 amici
741 4073 891 4141 eiusdem
914 4073 1007 4160 pueri
1033 4089 1075 4138 ex
1104 4075 1200 4160 parte
1226 4071 1331 4140 matris
1352 4081 1393 4132 re-

283 4169 411 4236 mittere
432 4168 553 4236 debent
578 4189 661 4258 puro
689 4171 789 4241 corde
815 4173 945 4240 omnem
964 4187 1084 4238 noxam
1112 4169 1274 4239 adversus
1299 4181 1392 4256 quem·

322 4277 351 4342 l)
371 4274 416 4328 die
435 4281 540 4330 worte:
559 4269 638 4330 simol
658 4295 717 4331 cnm
737 4280 786 4334 Pb.
805 4279 864 4334 sind
885 4280 932 4332 mil
951 4278 1049 4332 andren
1068 4278 1149 4333 dinte.
