2884 4834
402 227 564 276 GOTFMBUS
586 229 622 274 b!
645 227 813 276 111811116Ιῖ1.
1110 200 1178 268 135

12 401 14 414 ›
52 366 129 456 qued
155 367 232 454 ipse
259 365 411 434 domiuus
437 365 597 436 Rudclius
623 367 716 436 scius
743 385 801 455 pre
827 369 981 436 erunibus
1003 365 1176 436 Alemuuie
1197 375 1259 430 2221

51 465 247 554 principibus
265 465 308 533 ed
327 466 456 534 culmen
475 467 567 553 regie
577 467 761 536 maiestatis
776 465 872 534 suerit
883 473 1054 555 promotus
1073 467 1179 535 cced-

50 569 173 634 iuvuute
202 564 342 651 Virgine
367 565 535 654 gloriose,
561 565 650 634 uude
678 572 710 633 et
737 568 894 634 memorie
911 568 1118 654 inposterum
1136 565 1179 634 de

51 671 129 733 trutu
149 670 184 732 21
203 671 272 732 taur
290 665 440 750 gloriose
459 666 607 753 principe
626 665 797 732 habeatur.

110 762 211 830 Istud
241 767 291 830 est
312 781 375 848 per
400 763 587 847 liutfridum
619 765 785 831 noterium
816 766 908 832 curie
932 762 1180 850 Atucausensis

49 861 254 948 compilatum
270 863 318 929 ud
331 880 449 948 preces
466 863 706 930 circundatum
730 862 923 931 Ellerrbardi
944 864 1081 930 maioris
1094 883 1179 950 pre-

50 963 207 1030 reraiun's
223 960 354 1046 [212122
371 962 508 1030 ecclesie
525 962 771 1048 Aryeubcerrsis
787 980 847 1030 uec
868 979 934 1030 true
948 965 1180 1048 prcurrutoris

49 1063 144 1128 suncti
161 1056 313 1146 Spiritus
330 1063 364 1128 r'rr
379 1061 569 1147 struendae.

111 1159 214 1230 Anne
239 1159 363 1228 doruiui
382 1162 618 1229 uueeiuxxxii.
642 1158 785 1228 Adclius
819 1179 932 1228 comes
959 1160 1001 1228 de
1028 1160 1175 1230 Nezcwe
1196 1173 1262 1227 2222

49 1261 166 1327 eiectus
195 1265 251 1328 est
268 1259 358 1348 apud
382 1259 601 1328 Fruukeuiort
618 1259 659 1328 ab
679 1259 832 1329 erunibus
850 1261 1053 1349 principibus
1071 1262 1105 1328 in
1124 1277 1179 1330 re-

49 1377 113 1444 geru
130 1357 367 1426 Rornanorum.

49 1556 108 1624 Hee
137 1559 341 1643 2222192212
365 1556 491 1624 elberti
513 1561 619 1644 reqis,
644 1559 737 1626 ducis
759 1557 904 1641 Austrie',
930 1558 992 1639 filii
1015 1557 1181 1644 quendum

133 1655 270 1738 liudulfi
295 1657 335 1724 de
355 1655 547 1724 Hebesbtrre
570 1658 660 1743 recte
683 1655 913 1724 Romanorum.

113 1801 216 1870 Auno
243 1801 367 1871 demini
394 1805 598 1873 uuecixxux.
622 1807 725 1892 priruc
744 1806 776 1872 iu
801 1803 886 1872 iesto
906 1811 1021 1873 sancte
1041 1803 1177 1894 uerga-
1198 1809 1260 1865 ¹2⁹¹

51 1907 107 1969 rete
126 1901 213 1970 cbiit
231 1899 395 1970 Rudclius
414 1922 471 1971 rex
489 1903 658 1992 predictus
678 1910 712 1972 21
729 1903 880 1992 sepultus
900 1913 953 1972 221
971 1895 1075 1992 Spire.

111 2000 213 2069 Auno
232 2001 357 2071 domiui
375 2004 580 2071 meelxxxx.
599 2001 749 2071 secunde
774 2001 927 2070 deminus
953 2001 1096 2070 Adclius
1115 2019 1176 2070 ec·
1196 2009 1262 2064 ¹292

47 2117 107 2166 ues
125 2099 169 2168 de
182 2099 469 2170 Nasseweiectus
486 2107 539 2170 est
554 2103 587 2169 iu
601 2100 820 2170 Remeucruur
839 2120 952 2189 regem
968 2100 1056 2190 apud
1074 2101 1178 2170 Fruu—
1343 2105 1349 2112 ”

48 2198 170 2267 keusurt
198 2199 411 2268 concorditer
435 2200 477 2268 ab
496 2201 650 2269 curribus
669 2199 891 2293 electoribus,
911 2199 966 2290 qui
985 2206 1063 2268 tunc
1081 2201 1179 2269 etiam

47 2297 156 2366 ecdem
176 2301 320 2367 anubin
339 2306 520 2388 autumpno
539 2297 742 2388 Aquisgraui
761 2305 813 2367 221
831 2305 1020 2369 coronatus.

111 2394 213 2466 Anne
233 2398 357 2467 duruiui
376 2401 580 2468 rucelxxxx.
598 2401 693 2469 tertie
713 2399 866 2468 duruiuus
879 2397 1022 2468 Adelsus
1041 2418 1098 2466 rex
1113 2398 1176 2467 cb·
1198 2397 1261 2454 ¹29³

48 2495 125 2563 sedit
160 2497 409 2567 Columbariaru
436 2499 620 2590 civituteru,
645 2518 710 2588 que
736 2517 773 2566 se
801 2501 872 2585 regi
900 2504 1120 2588 opposuerat,
1146 2504 1180 2566 et

48 2595 126 2662 illurn
145 2615 211 2665 suc
232 2597 424 2684 subiugavit
441 2599 597 2688 imperio,
627 2616 667 2666 ae
684 2600 718 2665 iu
738 2616 779 2666 ea
797 2599 885 2686 cepit
902 2597 1069 2665 deminum
1087 2594 1179 2664 Aus-

45 2692 180 2762 beiruuur
200 2695 243 2764 de
263 2695 478 2786 Repelsteiue
498 2703 532 2767 et
549 2697 722 2766 scultetum
737 2696 813 2764 dicti
833 2696 922 2786 epidi
940 2702 973 2763 et
988 2695 1086 2763 irliuur
1105 2697 1178 2764 eius

47 2798 75 2858 21
96 2794 209 2881 plures
236 2797 270 2864 iu
298 2814 357 2886 ee,
378 2797 433 2886 qui
455 2791 513 2866 se¹
532 2799 602 2884 regi
622 2802 866 2886 opposueraut3
884 2797 1021 2884 insuper
1038 2795 1179 2884 privavit

48 2893 182 2962 eundern
201 2893 420 2964 Aushelururu
440 2898 559 2965 castris
578 2895 772 2984 Rupclsteiu
791 2901 825 2964 et
843 2895 979 2963 Gemere
989 2947 999 2985 ,
1019 2901 1052 2962 et
1065 2895 1179 2961 ineis·

48 2989 114 3058 deru
131 2993 276 3062 instituit
293 2994 460 3063 domiuum
479 2993 668 3064 Heinricuur
687 2993 817 3063 fratrem
836 2993 913 3062 dicti
931 2992 1113 3062 Ausbelmi.

111 3087 212 3160 Auno
240 3091 363 3162 duruiui
381 3095 588 3163 mcclxxxx.
609 3097 725 3182 quarte
736 3148 745 3185 ‚
765 3093 919 3162 deminus
947 3091 1087 3161 ridulfus
1118 3111 1175 3160 rex
1195 3105 1262 3160 2222

48 3190 181 3259 collecte
202 3193 349 3260 exercitu
367 3209 553 3281 eggressus
574 3199 626 3262 est
644 3191 730 3262 dues
749 3191 865 3261 1221222
883 3193 1021 3260 ceruitcs
1041 3199 1074 3261 21
1092 3210 1179 3259 mar-

49 3287 178 3358 chiones
204 3290 246 3358 de
273 3291 400 3383 Misus,
427 3297 461 3360 et
487 3297 588 3360 tutem
613 3293 760 3380 ipserum
786 3299 904 3360 terreru
928 3289 1011 3360 inire
1037 3293 1179 3380 spatium

48 3384 161 3456 dimidii
182 3391 260 3458 euni
280 3409 342 3460 sue
361 3391 507 3460 dominic
528 3391 727 3478 subiugavit.

112 3485 194 3555 item
221 3507 310 3558 anuo
338 3489 461 3558 domiui
487 3489 692 3558 ruccixxxx.
712 3493 830 3577 qurertc
854 3487 1007 3557 domiuus
1036 3485 1178 3556 Adeiius

49 3601 98 3652 rex
112 3589 239 3676 recepit
249 3593 381 3658 centum
392 3589 492 3658 millia
509 3607 687 3657 marcarum
699 3590 827 3676 argenti
842 3607 861 3656 a
876 3587 1010 3656 deurine
1025 3583 1178 3654 Eduardo

50 3699 118 3769 rege
139 3683 262 3774 Anglie
272 3741 281 3778 ,
301 3693 337 3755 ut
354 3689 384 3756 ei
403 3689 532 3756 veniret
550 3687 583 3756 in
609 3687 764 3756 auxilium
783 3705 857 3754 curu
875 3683 1077 3776 principibus
1096 3681 1178 3752 Are-

50 3785 147 3853 ueuie
169 3792 284 3854 contre
303 3805 414 3874 regern
432 3787 568 3856 Freucie
587 3793 804 3876 pugnaturus.
832 3785 872 3856 ut
890 3804 963 3853 curu
982 3781 1177 3852 distribuere

51 3877 178 3952 deberet
202 3885 387 3974 predictum
414 3893 585 3974 argentum
604 3887 689 3954 iuter
707 3886 874 3974 principes
894 3889 927 3953 et
944 3883 1076 3952 nobiles
1096 3881 1178 3952 Alc-

50 3983 146 4052 menie
156 4037 166 4073 ‚
185 3987 358 4073 usurpavit
375 3985 438 4054 sibi
457 3991 560 4054 tetum
580 3991 763 4072 argeutum.
784 3985 823 4052 Et
841 3985 890 4052 sic
905 3984 1076 4052 usuvenit
1093 3989 1177 4051 teur-

52 4095 124 4162 2222
149 4081 262 4151 debite
286 4086 318 4152 iu
345 4085 499 4153 auxilium
526 4085 616 4170 regis
642 4081 761 4170 Anglie
778 4089 914 4172 prepter
932 4079 1097 4150 deiectum
1116 4079 1177 4148 ed-

82 4241 109 4306 i)
127 4257 156 4295 se
174 4244 208 4298 ist
225 4259 280 4298 von
298 4243 349 4298 rrrir
366 4251 514 4314 eugesetrt.
