2890 4832
363 255 400 298 rx
422 254 589 301 eousrnrno
613 253 788 304 cononrrnsr.
1072 227 1141 296 337

27 392 170 480 Tyrsaeis
187 393 393 480 imperatoris
413 393 526 461 Grecie
549 393 723 461 solvuntur
740 398 773 461 et
790 391 833 461 ad
850 393 1057 462 subdendam
1076 413 1137 463 eo·
1158 431 1220 486 120,

30 492 151 558 alesiam
170 491 362 559 orientalem
379 491 526 560 Romane
546 509 617 560 oum
637 510 678 560 eo
700 492 894 579 diriguntur.
1230 497 1233 502 '

86 587 183 657 Anno
210 589 333 658 domini
358 592 481 658 mccii.
508 588 586 658 Otto
613 608 672 658 rex
698 598 731 659 et
756 589 899 659 Adollus
929 591 1140 661 Coloniensis

29 688 288 776 archiepiscopus
316 707 386 756 onm
407 690 478 757 aliis
498 689 695 777 quibusdam
714 691 918 778 principibus
938 690 1141 778 colloquium

28 786 198 854 hahuerunt
216 787 303 876 apud
321 789 508 856 Traiectum
527 807 591 875 que
611 807 711 878 snpra
728 789 860 857 Mosam
873 791 937 857 sita
956 797 1009 857 est
1026 790 1068 857 de
1086 809 1141 858 re-

28 885 144 972 publica
165 893 199 952 et
218 886 259 954 de
278 887 417 955 diversis
439 889 591 973 negociis
610 906 675 975 qne
693 889 788 976 ipsos
807 893 887 957 tunc
905 890 1061 977 temporis
1080 908 1141 956 nr-

30 983 144 1069 gehant
171 985 247 1052 Una
274 993 383 1053 tamen
408 985 450 1053 de
474 989 641 1074 precipuis
660 988 771 1054 causis
789 987 886 1054 hrains
905 987 1064 1074 colloquii
1081 987 1140 1057 init

28 1081 59 1148 de
81 1085 259 1150 inimicitiis
293 1103 357 1172 qne
390 1085 475 1152 inter
507 1085 624 1152 ducam
655 1085 832 1153 Brabantie
859 1091 892 1153 et
918 1088 1070 1154 comitem
1096 1087 1138 1155 de

30 1180 107 1248 Galre
129 1183 346 1270 pullulabant.
374 1183 546 1270 Siquidem
570 1191 709 1271 uterque
732 1203 864 1252 manum
889 1183 1033 1252 validam
1051 1203 1138 1253 oon-

28 1283 166 1369 tranerat,
201 1299 266 1350 nco
291 1284 363 1349 sine
391 1282 586 1350 detrimento
612 1301 791 1371 pauperum
818 1283 872 1350 vel
899 1283 1138 1372 oppidanorum

29 1378 180 1446 cocliolus
200 1398 314 1448 eorum
334 1383 497 1449 terminari
512 1388 651 1470 poterat.
670 1381 818 1449 Tandem
832 1399 915 1470 pace
929 1384 1014 1450 inter
1026 1388 1138 1452 utros-

29 1494 78 1560 que
94 1477 284 1569 reformata,
311 1486 345 1547 et
368 1497 450 1566 rege
475 1498 548 1547 oum
567 1483 727 1569 episeopo
747 1480 950 1548 Coloniense
968 1500 1137 1572 regresso,

30 1576 111 1642 oritur
126 1578 211 1645 inter
230 1596 290 1645 eos
304 1581 501 1664 gravissima
518 1579 686 1648 dissensio
704 1597 814 1648 coram
830 1578 986 1647 cardinali
1004 1583 1139 1668 etprio-

29 1673 100 1741 ribus
118 1682 149 1742 et
165 1676 411 1768 burgensibus,
432 1685 465 1745 et
482 1679 538 1746 vix
556 1677 770 1765 pertriduum
788 1677 933 1746 sedatur.
954 1678 1063 1747 Causa
1077 1699 1154 1762 ans

31 1775 80 1837 tem
101 1773 194 1842 huius
220 1775 389 1844 discordie
415 1776 475 1844 init
502 1777 630 1845 scilicet
654 1777 696 1845 de
724 1779 858 1846 teloniis
884 1783 917 1844 et
934 1784 1086 1868 moneta,
1106 1786 1139 1846 et

33 1867 63 1934 do
77 1872 200 1941 iniustis
219 1875 432 1960 vectigalium
451 1876 699 1966 exactionibus,
719 1883 753 1944 et
770 1876 812 1943 de
830 1876 955 1944 violata
971 1895 1056 1963 pace
1075 1896 1137 1944 ne-

32 1971 231 2051 gotiantibus.
257 1973 390 2042 Auditis
404 1980 514 2042 antem
528 1975 785 2060 allegationibus
800 1981 1027 2060 utrorumque,
1046 1977 1136 2062 regis

31 2069 135 2136 scilicet
159 2077 193 2138 et
219 2073 386 2162 episcopi,
413 2073 579 2142 mediante
602 2075 716 2160 legato
740 2074 802 2142 sub
822 2074 916 2140 cuius
935 2073 1056 2141 indicio
1075 2075 1138 2142 hec

32 2166 191 2249 agebantur
222 2171 371 2258 ipsorum
395 2175 568 2259 utriusque
595 2171 757 2262 dirempta
783 2178 834 2240 est
865 2170 1054 2262 dissensio,
1081 2175 1137 2240 tali

32 2264 196 2337 conditione
222 2275 260 2336 ut
284 2272 390 2338 omnis
416 2272 547 2338 exactio
564 2271 712 2339 violenta
731 2276 919 2339 cassaretur
938 2275 970 2338 et
986 2289 1053 2358 pax
1070 2290 1135 2343 ne-

31 2365 215 2443 gotiantibus
237 2369 422 2436 firmissima
440 2369 647 2437 stabiliretur.

87 2462 253 2534 Corradus
272 2469 453 2556 episcopus
472 2467 724 2556 Herbipolensis
742 2468 777 2535 in
795 2467 883 2536 lesto
902 2469 1010 2536 sancti
1028 2468 1131 2537 Nico-

32 2553 63 2622 lai
79 2555 159 2648 [deo.
179 2563 219 2656 6]
241 2585 260 2633 a
279 2566 475 2654 quibusdam
494 2568 606 2655 pravis
624 2567 812 2636 hominibus
832 2567 999 2635 occiditur.

86 2656 175 2730 Anno
194 2665 319 2732 domini
336 2667 474 2732 moolli.
490 2666 657 2753 Philippus
674 2666 741 2733 dnn
759 2665 891 2756 Suevie,
911 2666 1058 2732 exercitu
1072 2683 1135 2732 va·
1224 2709 1227 2716 ,

32 2751 82 2822 hdo
98 2769 316 2852 congregato,
335 2766 468 2832 intravit
486 2765 699 2850 Thuringiam
708 2817 718 2853 ,
737 2771 773 2831 ut
790 2763 1024 2831 Herimannnm
1044 2764 1134 2831 lant-

33 2856 154 2933 gravium
178 2861 383 2951 humiliaret,
409 2881 449 2930 ea
473 2862 514 2931 de
541 2881 643 2931 cansa
662 2862 752 2950 quod
769 2864 877 2951 ipsum
895 2863 1085 2949 reliquisset
1102 2869 1135 2930 et

35 2947 128 3023 Silrido
146 2968 259 3027 contra
276 2961 481 3031 voluntatem
500 2979 593 3030 suam
612 2961 788 3029 adhereret
806 2966 839 3027 et
859 2961 998 3052 louerot,
1018 2967 1049 3028 et
1068 2979 1133 3049 que

33 3045 200 3136 inpartibus
220 3061 401 3146 Thuringie
420 3059 544 3128 redrtus
564 3066 597 3127 et
615 3062 686 3128 iura
707 3060 905 3146 Mogontine
926 3059 999 3128 sedi
1018 3067 1135 3128 essent

36 3149 176 3223 attinentia
199 3159 233 3225 in
261 3161 313 3226 sni
337 3159 444 3227 hostis
463 3177 545 3227 usus
564 3158 762 3245 redegisset.
788 3159 1004 3247 Perpendens
1024 3165 1133 3228 autem

35 3239 184 3350 halatinum
211 3259 364 3325 comitem
392 3263 423 3325 et
449 3275 563 3344 regem
581 3257 717 3326 Boemio
737 3275 809 3325 cnm
827 3261 967 3346 copioso
987 3261 1133 3326 exercitu

38 3340 70 3408 lli
84 3347 112 3414 in
127 3356 278 3424 auxilium
295 3358 443 3444 venisse,
463 3375 536 3424 rura
557 3374 689 3444 queque
707 3358 857 3445 proxima
874 3357 1029 3424 incendio
1049 3375 1132 3424 oon-

37 3451 160 3539 sunpsit,
185 3462 218 3522 et
243 3457 291 3523 sio
316 3453 477 3543 profugus
497 3473 569 3522 cum
590 3456 659 3522 suis
677 3453 809 3542 Erpiort
827 3473 865 3523 se
884 3455 1030 3522 eontulit.
1057 3453 1131 3534 Quo

37 3533 207 3627 lantgravius
223 3559 402 3643 comperto,
414 3572 487 3622 cnm
501 3555 626 3622 Boemo
646 3554 847 3636 otPalatino,
865 3553 1020 3639 omnique
1035 3570 1131 3639 quem

37 3645 234 3718 contraxerant
252 3654 409 3742 exercitu,
429 3655 594 3720 ciuitatem
612 3653 828 3741 vallaverunt,
847 3657 1021 3740 sperantes
1041 3651 1131 3719 illum

39 3747 138 3844 capere,
161 3747 326 3838 Philippus
353 3757 463 3818 antem
481 3757 580 3819 nocte
598 3751 707 3819 media
725 3769 798 3818 oum
815 3751 932 3838 panois
952 3751 1068 3817 exiens
1088 3750 1130 3818 ad

39 3843 183 3912 orrentales
214 3849 421 3919 marchiones
457 3867 494 3918 se
527 3851 683 3938 contulit,
718 3855 754 3916 ut
788 3849 919 3916 auxiliis
950 3851 1130 3918 contractis

40 3941 144 4036 illito
167 3954 264 4032 pacto
295 3949 414 4016 milites
441 3949 590 4018 inclusos
621 3947 787 4017 liberaret.
821 3947 989 4035 Principes
1022 3955 1132 4016 antem

39 4038 92 4135 etus
120 4037 295 4114 discessum
323 4047 518 4136 audientes,
548 4049 659 4115 soluta
686 4045 883 4135 obsidione,
910 4063 983 4113 cnm
1010 4065 1130 4115 novem

41 4118 132 4202 drahns
154 4158 188 4210 ea
214 4144 347 4214 obsidio
375 4147 559 4236 viguisset,
579 4145 691 4214 habito
711 4147 851 4214 oonsilio
872 4163 913 4212 ne
933 4144 1049 4212 darent
1067 4148 1128 4234 ipsi

40 4228 138 4308 00liam
153 4245 324 4310 exercitum
344 4243 591 4334 congregandi,
610 4246 777 4332 persecuti
799 4250 875 4312 sunt
893 4262 967 4310 enm
985 4246 1129 4310 unanimi

64 4341 174 4400 ”Oltam
189 4362 300 4406 ronrns
320 4363 343 4409 a.
893 4352 926 4403 22
