2950 4836
413 291 592 338 usuurnnus
615 292 801 340 tununensis
1107 267 1178 336 513

27 423 221 496 Heinrieus
250 427 368 496 eadem
392 430 498 516 gratia
525 428 724 516 Cbp'mensis
756 431 938 520 episcopus
970 433 1112 502 salutern
1141 441 1260 504 et12⁵t

26 525 206 594 sinceram
230 527 263 594 in
290 526 425 596 domino
457 527 638 596 karitatem.
681 529 776 598 Licet
801 531 878 600 olim
912 530 1064 600 dontinus
1092 551 1180 621 papa

25 624 162 692 rolens
175 633 342 693 —-vester
364 626 457 694 zelus
476 627 750 696 commendabilis
771 629 938 697 habeatur.
972 631 1091 698 Datum
1111 625 1179 699 Vc·

25 724 144 792 rreeiis
165 742 256 792 auno
274 725 398 794 domini
417 727 598 794 mcclviii.
617 744 694 796 non.
713 729 788 794 nruii
796 721 815 794 ¹.

109 822 245 890 Eodem
272 841 359 891 anno
386 821 533 892 Otaklrer
554 826 608 912 qui
633 832 667 892 ct
691 823 841 894 Premizil
866 844 924 894 rex
948 827 1084 896 Boemie
1111 827 1179 896 dun

24 916 186 1011 Austrie,
214 923 369 992 iuvenilis
388 915 486 990 etatis
504 922 636 990 audatia
655 941 848 1012 persuasus,
868 927 941 994 sine
959 927 1098 1015 provida
1116 927 1178 996 dc-

25 1019 243 1088 liberatione
268 1021 414 1106 cousilii,
441 1040 505 1108 quc
531 1020 658 1090 bellicis
685 1023 784 1091 rebus
810 1023 952 1110 agendis
971 1043 1096 1095 summe
1116 1045 1178 1094 ne-

26 1121 194 1186 cessaria
213 1125 280 1208 est,
306 1139 364 1208 per
381 1120 612 1188 Pataviensem
640 1121 805 1190 ciuitatem
831 1125 864 1190 in
891 1129 1008 1192 terrant
1025 1124 1178 1196 Bawaric

24 1216 209 1288 hostiliter
226 1225 278 1289 cst
296 1221 491 1307 ingressus,
509 1221 639 1288 iactans
660 1238 709 1310 se,
729 1227 893 1309 tanlquam
912 1221 1033 1290 divitiis
1052 1229 1086 1292 ct
1110 1242 1177 1313 po-

24 1317 143 1384 tentia
162 1316 336 1406 preditum,
356 1318 442 1386 velle
461 1325 495 1385 ct
512 1335 616 1406 posse
631 1327 746 1386 eontra
764 1321 909 1388 omnium
927 1319 1095 1388 bominum
1112 1341 1177 1390 ro-

24 1415 214 1504 luutateru,
233 1416 275 1483 ad
293 1418 505 1502 ignominiam
524 1416 647 1504 domini
672 1415 816 1486 Heinrici
834 1417 929 1487 drreis
948 1427 983 1488 et
1000 1426 1085 1488 terre
1104 1439 1176 1509 sue,

24 1519 114 1580 autc
134 1532 250 1582 rrruros
268 1517 414 1582 ciuitatis
435 1515 489 1584 rel
514 1517 614 1583 castri
638 1517 671 1582 in
689 1517 855 1586 Lantsbut
880 1524 1033 1606 potenter
1056 1519 1177 1590 milicie

25 1631 144 1700 opera
166 1630 332 1680 exercerc.
346 1604 432 1681 'Nam
451 1620 529 1682 tunc
547 1615 592 1682 ibi
610 1615 777 1704 predictus
797 1615 951 1686 dontinus
968 1616 1006 1684 tt.
1026 1616 1093 1684 dux
1109 1618 1177 1688 Ba-

25 1712 143 1778 warle
164 1731 237 1778 curn
256 1711 389 1780 domina
408 1712 593 1800 Etysabcttr
617 1732 720 1782 uxore
746 1733 825 1804 sua,
852 1715 1026 1784 virtutibus
1046 1723 1080 1785 et
1096 1735 1178 1784 sau-

24 1811 142 1895 guine
163 1811 391 1900 nobilissima,
416 1811 612 1880 morabatur.
648 1812 717 1880 Sed
736 1831 808 1880 cunr
827 1833 888 1902 per
905 1833 1027 1901 pagum
1046 1816 1102 1902 qui
1121 1815 1177 1882 di-

24 1911 123 1976 citur
159 1907 378 1996 Cbunzlugeu
412 1916 445 1977 ct
476 1927 536 1999 per
567 1911 685 1978 vallern
714 1911 807 1979 Vilse
841 1910 983 1979 durninls
1013 1912 1177 1982 incendiis

23 2007 209 2076 vastando
234 2009 391 2096 plurimas
416 2009 513 2076 villas
539 2014 573 2076 ct
597 2009 758 2084 ecclesias
785 2028 893 2097 usque
919 2011 1009 2078 iuxta
1034 2019 1177 2079 castrum

23 2108 61 2173 in
83 2107 285 2176 Fraunholu
303 2109 532 2196 pervenisset,
557 2125 636 2176 ecce
654 2117 854 2179 memoratus
872 2107 1027 2178 dominus
1040 2108 1080 2178 tt.
1099 2109 1177 2200 dux,

25 2206 117 2274 licet
135 2207 194 2272 vix
212 2207 358 2294 quinque
376 2203 494 2274 diebus
513 2213 590 2274 anta
608 2208 775 2276 introitum
793 2206 931 2296 predicti
950 2210 1040 2294 regis
1058 2210 1090 2287 in
1109 2209 1177 2276 Ba-

26 2307 178 2372 wariarn
199 2305 307 2372 talium
326 2306 571 2372 inimiciciarum
590 2306 715 2374 litteras
734 2307 926 2396 recepisset,
945 2307 1045 2376 celeri
1064 2307 1177 2374 volatu

26 2403 231 2470 nuntiorum
260 2409 294 2470 ct
319 2404 499 2472 litterarum
530 2405 787 2492 circumquaque
823 2405 1078 2474 discurrentium
1105 2407 1176 2474 suis

24 2503 235 2570 corruamus
253 2501 440 2570 horninibus
459 2507 493 2570 et
509 2504 634 2592 etnicis,
651 2510 815 2590 tanlquam
832 2505 1003 2591 animosus
1021 2505 1177 2593 princeps

26 2608 64 2668 et
86 2601 150 2686 qui
169 2599 211 2667 de
230 2619 290 2667 sua
308 2601 437 2668 iusticia
455 2608 489 2668 et
506 2600 548 2670 dc
567 2599 620 2669 dei
639 2601 864 2672 misericordia
881 2602 1084 2691 conlidcbat,
1103 2621 1177 2672 cum

26 2699 194 2767 exercitu
212 2698 323 2766 valido
341 2701 544 2786 currestrlunr
569 2706 601 2767 et
618 2699 819 2789 pedestrium
846 2700 886 2770 ad
906 2719 1042 2788 campos
1060 2707 1177 2770 contra

25 2815 120 2866 suos
140 2795 312 2864 audaciter
329 2797 497 2884 egreditur
519 2798 681 2867 inimicos
722 2801 786 2866 laur
814 2801 916 2866 eriam
937 2806 1178 2886 supervenerat

26 2915 112 2963 cunr
132 2897 250 2982 paucis
270 2895 423 2964 domiuus
441 2895 622 2966 Luduious
641 2897 709 2965 dux
734 2898 832 2964 trater
855 2915 948 2983 suuS,
967 2897 1009 2966 de
1028 2897 1176 2986 partibus

25 2995 146 3062 Rebni
166 2995 326 3063 velociter
339 3001 512 3084 evocatae,
527 2997 560 3062 in
579 2997 672 3064 euius
692 2996 846 3063 absentia
860 2987 1007 3084 prelatus
1021 3015 1080 3064 rex
1096 3015 1176 3084 spe·
1245 3020 1247 3024 ¹

27 3093 135 3161 rabat
155 3111 193 3162 se
212 3095 262 3161 sui
280 3095 439 3183 prepositi
458 3093 658 3162 desiderium
677 3095 825 3184 adipisci.
851 3095 922 3164 Rex
939 3098 1051 3182 itaque
1071 3113 1177 3185 sepe-

26 3193 141 3280 latus,
179 3197 321 3260 cernens
345 3193 597 3284 ,arrinositatem
625 3191 746 3261 ducum
780 3200 812 3262 ct
845 3195 1016 3265 Barrarice
1053 3195 1176 3282 gentis,

29 3292 148 3358 timuit
175 3290 337 3376 congredi
364 3293 544 3380 cumillis,
580 3298 614 3360 et
637 3293 669 3365 iu
704 3293 790 3361 sesto
818 3295 925 3362 saneti
952 3293 1176 3360 Bartholornei

27 3389 187 3478 apostoli
201 3386 294 3480 [aug.
311 3385 375 3480 ld]
391 3389 480 3477 quod
500 3396 577 3458 tunc
595 3391 791 3460 occurrebat
808 3393 841 3458 in
860 3399 957 3459 sexta
974 3391 1066 3479 teria,
1086 3399 1175 3458 treu-

28 3491 88 3574 gis
108 3505 172 3576 per
189 3488 278 3556 illum
297 3487 384 3556 diem
400 3489 512 3576 petitis
541 3497 573 3556 ct
590 3491 779 3579 inpetratis,
804 3491 837 3558 iu
864 3495 963 3558 nocte
990 3507 1029 3556 ac
1053 3489 1175 3556 subsc·

28 3587 157 3673 quenti
175 3585 316 3654 sabbato
336 3585 420 3672 sugit
439 3605 510 3654 eum
533 3589 603 3655 suis
623 3587 774 3656 omnibus
795 3605 913 3656 versus
932 3584 1085 3656 Muldorl.
1112 3585 1175 3655 Ubi

27 3686 114 3752 duur
135 3685 258 3752 vexilla
277 3685 421 3754 victricia
448 3685 604 3754 nobilium
632 3685 750 3755 dueum
777 3685 878 3754 dorsa
901 3685 1096 3772 fugientium
1114 3704 1175 3754 se·

26 3791 238 3872 querentur,
270 3800 357 3872 pons
376 3783 420 3850 ibi
440 3802 498 3872 per
514 3784 619 3852 Enum
643 3784 775 3852 lluriunr
804 3786 978 3874 treiectuS,
1005 3786 1175 3873 strepitum

24 3889 81 3950 tot
101 3882 273 3950 bominum
299 3889 333 3950 et
353 3899 514 3968 equorum
531 3884 677 3950 certatim
702 3889 735 3950 ct
753 3884 937 3972 impetuose
956 3885 1094 3951 transire
1112 3901 1175 3952 ro-

24 3981 280 4074 leutiuml'errc
299 3999 365 4048 uon
386 3981 521 4070 valens,
553 3981 615 4050 sub
634 3981 784 4050 hostibus
811 3983 891 4071 ruit,
919 3989 953 4049 et
976 3983 1025 4050 sic
1048 3982 1174 4071 plurimi

64 4155 101 4217 ll
122 4145 285 4222 elugerr'rclrt
311 4153 397 4206 bier-iu
424 4154 458 4207 ist
481 4155 543 4207 cine
563 4153 636 4206 balle
654 4151 731 4224 pabst
748 4153 917 4209 Alexanders
934 4153 960 4208 d.
980 4155 1005 4208 d.
1026 4153 1135 4208 viterbii
1156 4155 1174 4206 ii

22 4221 194 4344 ἑιὲιὲιηθῖἰιέἓ,
215 4220 307 4291 prorutis
335 4223 419 4276 nostri
443 4237 513 4274 arrno
539 4223 622 4276 tercio
645 4226 730 4290 (ttae
754 4221 811 4276 dee.
829 4225 874 4288 dl:
895 4223 924 4276 lu
942 4231 1122 4294 contemptum
1140 4251 1174 4262 -

59 4387 208 4430 cocunea
227 4385 348 4430 neurus.
369 4387 392 4432 a.
512 4356 516 4366 ¹
942 4377 975 4428 33
