2878 4834
404 259 571 308 orrnorrnrn
594 259 826 310 wonnnrrmsrnr
1103 233 1174 304 235

47 399 207 469 dominun
226 399 450 469 Eberhardun
469 399 756 468 wormaciensem
774 401 971 490 episcopum
989 409 1023 470 et
1039 402 1173 490 capitu-

47 501 105 567 lun
123 501 229 588 ipsius
247 501 379 568 maioris
396 499 543 568 ecclesie
562 516 663 587 super
681 501 787 590 ouria,
814 507 1006 589 nuncupata
1022 519 1173 570 commu·

46 600 125 666 niter
151 601 241 667 curia
267 600 401 688 civium,
425 599 490 666 sita
507 601 541 667 in
558 600 634 667 vico
652 596 870 688 Hagenonis‚
889 606 1048 687 protensa
1067 607 1100 668 et
1120 602 1174 668 iu·

46 699 168 786 cipiens
186 715 206 765 a
222 701 300 767 vico
325 695 522 784 Hagenonis
543 697 712 788 predicto,
737 699 919 767 terminans
944 703 979 768 et
1004 701 1172 768 transiens

47 813 160 864 uorsus
186 797 362 866 ecclesian
387 799 496 865 sancti
521 797 670 888 Nazarii,
697 803 795 886 prout
814 797 878 866 sita
897 803 950 866 est
967 799 1002 865 in
1020 799 1175 886 iongitu-

48 893 118 964 dine
138 901 172 964 et
190 897 423 987 amplitudine,
450 913 493 966 ex
509 905 603 986 parte
627 913 711 984 una,
736 903 770 966 et
787 913 851 964 nos
870 901 904 966 et
921 903 1069 966 nostram
1088 899 1175 967 eivi-

48 1001 140 1064 tatem
166 1014 210 1064 ex
234 1002 328 1085 parte
354 995 480 1086 altera,
496 995 665 1066 discordia
682 1001 875 1080 verteretur,
895 1015 937 1064 eo
956 995 1048 1084 quod
1065 996 1174 1066 dictus

49 1094 196 1164 dominus
221 1102 338 1164 noster
365 1097 547 1185 episcopus
573 1103 607 1165 et
623 1097 730 1182 ipsius
755 1097 935 1184 capitulum
965 1095 1028 1164 sibi
1044 1097 1098 1164 ius
1117 1115 1176 1184 per

48 1195 272 1281 imperatorias
300 1191 463 1286 [litteras]
489 1213 571 1264 vero
597 1195 709 1280 sigillo
738 1197 889 1281 signatas
915 1195 949 1263 in
973 1194 1061 1264 dicta
1086 1197 1175 1264 curia

49 1291 283 1384 vendicabant,
304 1313 440 1382 quarum
457 1293 625 1363 literarurn
644 1301 740 1362 tenor
758 1295 833 1362 talis
852 1297 919 1362 est:

140 1391 329 1462 Fridericus
354 1391 408 1462 dei
435 1396 547 1480 gracia
572 1391 791 1462 Rornanorum
816 1395 992 1482 irnperator
1017 1397 1078 1461 etc.
1113 1393 1176 1462 Per

140 1511 284 1582 presens
312 1493 468 1581 scriptum
493 1493 658 1563 universis
684 1498 745 1562 eto.
780 1491 901 1561 Datum
927 1492 1016 1580 apud
1041 1493 1175 1562 Utinum

140 1591 174 1661 in
199 1591 273 1661 foro
299 1591 379 1660 Jniii
406 1610 494 1661 anno
522 1589 609 1662 dorn.
635 1593 700 1660 inc.
726 1593 929 1662 mccxxxii.
954 1609 1069 1660 mense
1087 1593 1173 1684 nraii,

139 1693 256 1779 quinta
273 1691 466 1760 indictione.

49 1787 190 1858 Tandem
208 1789 430 1860 mediantibus
448 1787 632 1859 venerabili
651 1789 785 1860 donnino
798 1795 914 1860 nostro
928 1787 1085 1858 Heinrico
1097 1787 1174 1879 Spi-

49 1891 132 1956 rensi
159 1890 323 1979 episcopo
350 1896 383 1958 et
407 1890 480 1958 aiiis
507 1891 586 1960 viris
611 1909 709 1977 quarn
728 1890 874 1978 plurinris
893 1888 959 1957 fide
978 1887 1089 1976 dignis
1103 1942 1113 1978 ,
1139 1891 1174 1958 in

48 1985 178 2057 formam
205 1989 425 2078 subscriptam
451 1989 573 2058 suimus
600 1987 643 2057 ad
672 1989 814 2058 invicem
842 1988 1055 2058 concordati:
1083 1985 1174 2075 quod

48 2084 127 2154 dicta
153 2087 246 2158 curia
271 2089 382 2158 totalis
407 2085 448 2158 ad
466 2107 547 2158 usus
567 2089 711 2158 civitatis
730 2095 844 2158 nostre
862 2095 1044 2178 perpetuos
1063 2085 1172 2178 cedet,

47 2185 85 2253 ita
102 2191 213 2254 tannen
233 2187 323 2275 quod
342 2206 455 2278 aroma,
474 2193 572 2277 prout
588 2187 743 2256 volumus
762 2187 949 2278 distinctas,
973 2205 1015 2255 ex
1032 2193 1173 2274 utraque

48 2293 133 2372 parte
150 2287 371 2374 longitudinis
396 2285 544 2376 predicte
569 2287 659 2356 curie
677 2287 861 2358 locabimus
880 2304 941 2355 seu
959 2285 1173 2355 concedimus

49 2385 229 2473 cuicunque
247 2387 401 2456 voiurnus
420 2389 489 2456 iure
508 2385 708 2456 hereditario
726 2406 785 2478 pro
803 2405 910 2455 censu
928 2403 1039 2454 annuo
1058 2385 1173 2476 possi-

49 2481 189 2571 dendas,
208 2486 254 2552 ita
272 2485 363 2573 quod
381 2505 440 2575 per
454 2488 574 2554 curiam
593 2505 636 2554 en
649 2491 789 2574 utraque
803 2492 896 2575 purte
911 2483 1082 2556 dorncrum
1099 2483 1172 2552 edi-

49 2579 205 2650 icatarum
230 2586 325 2652 vicus
350 2585 503 2674 publicus
522 2591 556 2654 et
573 2585 756 2654 communis
775 2585 929 2674 transiet,
957 2584 1120 2672 incipiens
1139 2585 1173 2651 in

47 2679 115 2750 vico
140 2681 339 2770 Hagenonis
349 2737 359 2775 ,
387 2683 507 2752 finiens
533 2691 565 2754 et
583 2685 750 2754 transiens
768 2701 888 2753 versus
907 2683 1038 2751 beaturn
1057 2681 1172 2750 Naza-

48 2779 119 2848 riun
148 2789 377 2874 prenotaturn,
404 2784 496 2852 nulio
530 2801 695 2872 processu
728 2790 910 2872 temporum
937 2780 1172 2850 obstruendus.

49 2875 112 2958 One
130 2880 250 2949 domus
268 2883 378 2952 locate
396 2883 467 2950 iure
485 2881 685 2952 hereditario
705 2883 733 2950 si
753 2901 795 2952 ex
812 2879 1033 2951 incendiovel
1049 2885 1170 2948 vetus·

49 2981 108 3047 iate
133 2981 291 3068 temporis
319 2981 544 3072 destruantur,
572 2983 600 3050 si
618 2981 666 3050 illi
690 2983 745 3070 qui
765 2999 823 3050 eas
842 2979 967 3049 habent
984 2981 1053 3048 iure
1072 2979 1171 3048 here-

49 3076 158 3148 ditario
177 3079 344 3150 noluerint
361 3082 414 3149 vel
433 3098 501 3150 non
518 3081 687 3170 potuerint
704 3099 869 3170 reparare,
889 3079 962 3147 aliis
981 3079 1171 3147 bominibus

48 3176 94 3244 ilie
111 3177 230 3246 donnus
248 3180 364 3248 iterum
383 3185 479 3249 erunt
496 3181 566 3248 iure
585 3177 784 3248 hereditario
799 3175 1026 3247 concedenda.
1044 3175 1171 3246 Dornus

49 3293 174 3365 quoque
192 3277 345 3366 lapidea,
372 3297 470 3366 quarn
489 3298 552 3348 nes
571 3277 798 3347 edificavimus
817 3279 852 3347 in
871 3277 959 3345 diota
978 3277 1086 3366 curia,
1112 3277 1172 3345 erit

48 3375 74 3440 in
91 3376 203 3445 usibus
223 3383 336 3444 nostre
355 3379 498 3446 civitatis
517 3379 704 3467 perpetuis,
730 3379 763 3445 in
788 3395 853 3465 qua
876 3375 996 3444 baliste
1020 3381 1115 3442 scuta
1138 3381 1172 3442 et

48 3491 92 3541 res
117 3476 179 3544 atie
207 3477 350 3544 civitatis
376 3483 491 3546 nostro
510 3477 628 3546 bellice
648 3477 877 3564 servabuntur,
897 3479 1060 3564 quatenus
1080 3476 1109 3542 si
1127 3473 1171 3541 ad

50 3568 104 3639 hoc
121 3574 218 3643 nobis
238 3592 305 3644 non
323 3573 495 3644 suiiecerit
519 3577 573 3646 vei
593 3575 793 3665 expedierit,
822 3576 929 3663 ipsam
947 3569 1170 3642 concedemus

48 3669 107 3739 iure
125 3673 325 3742 hereditario
343 3691 402 3762 pro
423 3693 530 3744 censu
554 3693 666 3744 annuo
693 3671 952 3764 possidendam,
978 3673 1064 3740 sicut
1087 3673 1170 3740 alias

52 3766 157 3840 dunos
172 3775 206 3841 in
227 3789 304 3840 arou
324 3781 512 3842 memorata.
532 3774 633 3842 Cuius
650 3771 769 3842 donus
788 3771 918 3862 lapidee
934 3773 1035 3839 ianua
1051 3788 1170 3839 versus

52 3865 192 3955 Hagonis
208 3871 317 3939 vicum
334 3877 493 3964 ponetur,
517 3873 682 3942 introitnrn
701 3878 734 3940 et
753 3872 874 3939 exitum
891 3869 936 3938 ibi
951 3869 1107 3960 prebens.
1134 3871 1171 3938 in

50 3969 130 4036 cuius
147 3971 428 4039 reitestinronium
444 3977 477 4040 et
493 3971 602 4062 robur,
620 3991 662 4039 ne
680 3975 713 4039 in
730 3977 900 4059 posterum
919 3989 1019 4058 super
1038 3967 1090 4037 bis
1108 3971 1170 4036 aii-

53 4067 119 4152 quid
137 4071 221 4137 inter
234 4068 404 4158 predictos
420 4069 574 4140 dominos
592 4087 655 4140 nos
673 4075 707 4138 et
719 4076 866 4138 nostrarn
885 4070 1049 4136 civitaten
1063 4071 1172 4158 possit

53 4167 182 4254 scrupuli
193 4169 348 4259 suboriri,
362 4169 423 4237 sed
438 4171 699 4259 quodperpetuo
709 4171 743 4237 in
756 4185 818 4236 suo
829 4167 949 4238 robore
966 4173 1176 4257 perseveret,

53 4273 227 4348 presentem
249 4269 390 4337 litteram
416 4269 528 4356 sigilio
555 4275 669 4338 nostre
694 4270 838 4338 civitatis
864 4269 1054 4338 communiri
1073 4265 1170 4334 dedi-
