2878 4834
392 291 583 344 cnmsrmrus
602 295 799 343 accuramus.
1091 269 1158 338 2⁷1

36 441 206 522 acceperat
227 437 311 503 enim
328 433 460 502 occulte
488 431 651 501 ducentas
667 433 817 503 marchas
830 436 976 524 pecunie
991 442 1162 507 numerate

35 535 252 624 adornando,
270 551 368 622 quem
390 533 478 601 idem
507 533 780 621 archiepiscopus
810 537 937 603 institui
964 537 1161 624 procuravit.

34 631 113 700 Nihil
138 641 289 722 opertum
314 631 403 722 quod
431 649 498 700 non
516 632 692 699 reveletur.
736 627 866 702 Preter¹
885 635 946 702 has
965 642 1075 702 autem
1094 634 1162 702 du-

36 739 144 799 centas
170 733 321 803 marchas
339 733 425 802 facte
445 737 523 800 sunt
541 730 788 800 destructiones
804 735 905 802 multe
921 735 1068 803 ecclesie
1083 734 1162 802 Ma-

34 832 250 916 guatinensis.

48 1446 246 1516 causanti
279 1445 674 1516 HEISTERBACENSIS
710 1444 967 1516 CATALOGUS
993 1443 1148 1516 ARCHI-

114 1543 420 1616 EPISCOPORUM
447 1544 783 1618 COLONIENSIUM.
834 1545 1074 1616 etr-1230.

93 1862 253 1969 Sanctus
274 1899 447 1970 Maternus
466 1901 649 1990 discipulus
673 1902 781 1972 sanati
802 1902 889 1970 Petri
909 1901 1034 1990 primus
1057 1900 1161 1971 Colo-

35 2001 176 2070 niensem
209 2001 294 2068 rexit
323 2003 517 2090 ecclesiam,
549 2001 713 2088 simulque
738 2002 969 2070 Trevirensem
993 2017 1033 2072 ao
1057 1998 1161 2070 Octa-

36 2102 176 2170 riensem
196 2099 339 2188 adeptus
370 2108 422 2168 est
439 2103 687 2190 episcopatum,
706 2118 795 2170 anno
820 2099 987 2170 dominico
1008 2101 1162 2170 incarna-

38 2201 128 2267 tionis
144 2201 507 2290 nonagesimoquarto,
531 2217 597 2287 quo
613 2217 702 2268 anno
720 2200 825 2268 Cesar
841 2199 1051 2268 Domitianus
1067 2218 1088 2268 a
1104 2217 1162 2268 se-

36 2305 104 2365 natu
129 2298 267 2366 occisus
286 2304 347 2366 est.
365 2298 563 2386 sedensque
581 2299 677 2367 annis
695 2297 916 2386 quadraginin
934 2297 1162 2368 obiitdoionie

36 2397 86 2463 sab
105 2394 256 2465 Adriano
273 2398 469 2486 imperatore
487 2415 575 2466 anno
603 2396 769 2466 dominice
790 2398 1026 2466 incarnationis
1041 2403 1161 2468 oente-

35 2496 281 2566 simovioesimo
299 2501 419 2566 octavo
436 2497 516 2566 xviii
528 2497 592 2566 kal.
608 2495 754 2566 octobris
773 2493 876 2587 [sept.
889 2493 965 2587 tlt}
983 2494 1162 2577 Quocom-

37 2601 121 2680 porto
141 2595 358 2664 'trevirenses
389 2613 463 2664 oum
492 2595 746 2683 Tungrensibus
771 2595 992 2684 conveniunt,
1020 2600 1160 2682 ortaque

36 2692 84 2761 lite
101 2695 158 2762 ubi
176 2693 375 2762 condendus
394 2700 498 2786 esset,
517 2695 673 2781 angelico
692 2695 819 2764 monitu
836 2695 870 2762 in
887 2694 999 2762 navim
1016 2695 1159 2783 positus,

37 2799 143 2862 contra
160 2797 338 2862 torrentem
356 2794 516 2862 inlocum
540 2795 597 2881 qui
614 2791 871 2862 Rodenkirehen
896 2791 1014 2862 dicitur
1039 2793 1160 2878 dirigi-

36 2896 86 2980 tur,
102 2892 218 2979 ibique
234 2910 257 2960 a
274 2893 530 2962 i'rcvirensibus
549 2897 726 2982 exceptus,
754 2911 826 2962 oum
852 2893 977 2988 sanctis
995 2891 1159 2962 Euchario

37 2994 63 3056 et
77 2991 209 3060 Valerio
226 2990 407 3060 honorifico
430 2991 617 3060 tumulatur.
661 2991 789 3060 Deinde
814 2989 983 3078 usquead
1002 2989 1160 3059 Eufraten

37 3086 204 3158 hereticum
223 3090 334 3158 nullus
353 3091 497 3159 ecclesio
515 3090 709 3160 Coloniensi
725 3089 891 3179 prefuisse
909 3090 1084 3180 invenitur,
1104 3092 1160 3178 qui

38 3186 104 3256 ideo.
120 3190 154 3258 in
171 3189 329 3274 catalogo
355 3188 548 3277 pontificum
572 3207 641 3258 non
664 3191 797 3278 ponitur
818 3190 975 3277 quoniam
1001 3190 1159 3277 pestifero

38 3284 243 3356 imatioomm
261 3287 418 3374 dogmate
435 3289 470 3357 in
488 3290 564 3376 ipso
583 3289 676 3356 initio
695 3289 874 3358 ecclesiam
892 3287 1029 3358 sedavit.

98 3385 255 3456 Secundo
273 3387 350 3456 iooo
365 3394 502 3458 sanetus
518 3386 699 3456 Severinus
717 3389 860 3476 ponitur.
886 3386 1035 3457 Ahcato
1049 3393 1159 3454 autem

38 3480 176 3554 Materno
204 3504 310 3573 usqae
347 3485 390 3554 ad
416 3486 794 3556 sanetum-Severinum
823 3491 1055 3574 computantur
1079 3485 1159 3554 anni

39 3587 153 3652 menidi
170 3577 193 3653 ².
220 3584 256 3652 Si
274 3585 349 3672 quis
366 3600 447 3654 veno
464 3592 582 3674 querat
599 3603 656 3654 car
669 3591 762 3654 tanto
780 3585 957 3654 interstitio
975 3585 1159 3672 episcopa-

41 3686 83 3749 tus
100 3686 286 3774 vocaverit,
324 3685 408 3752 sciat
432 3690 490 3754 aut
512 3690 593 3773 post
610 3685 735 3754 obitum
759 3685 850 3754 beati
875 3683 1020 3752 Materni
1046 3699 1107 3750 eos
1124 3684 1158 3752 in

39 3785 254 3867 paganismum
272 3783 436 3873 relapsos,
456 3789 513 3852 aut
529 3784 557 3852 si
579 3786 639 3871 qui
656 3785 807 3873 episcopi
825 3783 957 3852 suerunt
975 3781 1018 3850 oir
1036 3799 1158 3870 perse-

40 3882 168 3950 cutionis
187 3883 338 3950 sevitiam
355 3881 497 3952 latenter
516 3883 660 3952 ecclesie
678 3881 860 3972 prefuisse,
892 3883 946 3952 vel
964 3887 1053 3948 certo
1073 3881 1159 3950 sicut

38 3975 140 4048 heatus
156 3981 332 4050 Maternus
353 3981 402 4048 sic
418 3997 639 4050 successores
664 3984 736 4054 cius
754 4001 828 4051 curn
848 3981 1037 4050 Trevireosi
1055 3979 1158 4048 Coto-

39 4077 171 4148 niensem
196 4080 375 4149 ecclesiam
402 4080 574 4167 regebant.
615 4079 684 4154 Sed
706 4080 787 4170 quid
812 4081 929 4152 horum
951 4079 1157 4170 potissimum

39 4173 212 4262 eligendum
230 4180 284 4269 sit,
303 4177 451 4268 prudeus
470 4180 575 4250 lactor
592 4179 715 4252 rideat.

66 4287 93 4352 t)
109 4286 239 4358 nuptam
275 4289 308 4357 2)
326 4286 385 4344 cdv
402 4288 447 4344 bei
464 4287 552 4350 tiana.
