2888 4824
284 200 355 268 462
685 228 724 274 nx
746 227 876 276 nnnnrno
899 227 1020 275 nonore.

204 374 270 432 aare
286 364 448 436 Rudollus
466 367 636 456 imperiumn
653 367 718 436 sibi
736 365 870 434 viriliter
887 383 1066 435 assumens
1085 365 1129 434 nd
1148 364 1414 436 exhortacionem

284 484 371 555 pape
390 473 424 535 el
440 468 624 556 principum
642 472 753 554 preter
771 464 969 534 effusionem
986 465 1164 552 sanguinis
1182 467 1343 554 optimam
1360 485 1413 554 pn·

284 582 357 634 cern
375 563 539 634 ordinavit
555 583 616 654 per
634 581 751 632 onrnes
769 569 883 632 terras

356 660 457 731 Anno
475 663 690 732 mealxxiiii.
707 661 869 730 Rudollus
887 661 1106 731 Romanorum
1122 679 1181 730 rex
1189 662 1313 731 indixit
1331 665 1414 751 prin·
1435 719 1436 738 ,

282 762 413 850 cipibus
439 763 564 830 curiam
590 767 670 851 aput
693 760 886 829 Nurnberoh
902 762 937 829 in
954 761 1043 832 lesto
1061 762 1150 830 beati
1168 761 1309 830 Martini
1327 763 1414 830 eele-

282 859 462 951 brandam,
488 859 651 928 mandans
676 860 830 927 omnibus
848 860 1050 949 principibus
1069 867 1104 929 ut
1120 862 1199 928 illuc
1216 861 1374 930 venirent
1388 871 1415 928 et

284 975 322 1026 se
345 966 579 1046 presentarent
601 960 813 1047 imperatorie
836 959 1010 1026 maiestati.
1036 959 1097 1027 Ubi
1125 977 1200 1028 curn
1225 961 1416 1029 conveniret

283 1057 458 1126 multitudo
475 1077 596 1145 magno
609 1059 795 1146 principum
808 1063 841 1124 et
854 1058 1002 1148 aliorum,
1021 1055 1211 1127 Otalslnerus
1231 1076 1294 1126 rex
1310 1059 1415 1126 Bobe-

281 1156 347 1224 mie
374 1163 407 1226 ot
431 1155 586 1226 dominus
610 1156 650 1223 ll.
669 1156 737 1224 dux
762 1157 901 1224 Bovario
920 1174 957 1224 se
975 1163 1169 1245 presentare
1186 1175 1259 1226 non
1278 1175 1415 1225 cumve-

162 1285 166 1296 ·
282 1262 367 1324 runt.
393 1253 504 1336 Quare
521 1272 581 1344 per
605 1256 804 1324 sententiam
823 1256 1006 1344 principum
1023 1254 1147 1324 indicta
1165 1255 1229 1324 luit
1246 1257 1316 1324 alia
1333 1259 1416 1323 cuma

283 1351 500 1442 llerwipolim
518 1353 730 1423 celebranda.

356 1450 456 1520 Anno
474 1453 665 1522 m.eo.lxx.v.
682 1449 776 1538 Rege
792 1449 936 1522 Rudollo
953 1467 1027 1518 cum
1043 1450 1193 1539 pluribus
1212 1453 1416 1542 principibm
1436 1481 1437 1484 ¹

282 1551 458 1619 comitibus
476 1556 511 1619 et
527 1551 739 1636 magnatibus
757 1549 971 1637 Hermipolim
989 1552 1156 1642 veniente,
1181 1569 1242 1619 rex
1259 1552 1416 1620 Bobemie

282 1654 317 1717 et
342 1648 497 1718 dominns
530 1647 570 1717 H.
594 1649 662 1718 dux
688 1650 840 1718 Barvario
872 1665 910 1717 se
940 1647 1127 1718 absentant.
1161 1649 1417 1718 Sonteneialiter

282 1748 384 1835 igilur
400 1767 421 1816 a
437 1747 640 1838 principibus
659 1749 749 1818 ouria
765 1747 922 1816 indicitur
937 1743 1092 1832 Anguste
1110 1747 1321 1818 celebranda
1340 1751 1416 1816 cirea

283 1848 477 1915 solsticium.
501 1846 563 1916 Ubi
582 1853 810 1916 convenerunt
828 1847 939 1932 magni
956 1847 1018 1914 viri
1035 1839 1132 1914 lieet¹
1150 1846 1192 1915 de
1211 1849 1416 1918 electoribus

282 1946 434 2014 nonnisi
460 1944 528 2014 dux
544 1945 727 2014 Ludwieus
745 1945 791 2013 ibi
812 1943 882 2013 luit.
907 1944 1005 2013 Missi
1022 1951 1101 2012 sunt
1118 1951 1229 2014 autern
1247 1964 1314 2034 pro
1332 1953 1416 2034 parte

282 2046 375 2131 regis
398 2044 558 2113 Bobernie
583 2045 786 2113 venerabilis
812 2045 864 2112 vir
883 2041 1038 2112 dominus
1057 2043 1296 2114 Wernbardus
1317 2045 1418 2114 Seco-

282 2144 410 2212 vicnsis
429 2144 609 2232 episcopus
619 2195 629 2233 ,
653 2162 696 2212 ex
712 2148 807 2231 parte
825 2148 934 2210 autem
952 2141 1048 2210 ducis
1066 2143 1218 2211 Rawarie
1237 2143 1276 2212 H.
1295 2162 1417 2234 prepo-

283 2242 367 2311 situs
386 2239 593 2328 Odingensis
612 2260 685 2310 cum
704 2243 848 2310 honesto
867 2241 1032 2309 comitatu.
1049 2241 1092 2309 Et
1108 2243 1297 2330 propositis
1318 2261 1417 2330 qnes-

283 2339 430 2409 tionibus
458 2339 661 2410 sufficienter
686 2341 728 2409 de
752 2341 823 2408 iure
848 2341 1021 2408 electionis
1046 2341 1173 2428 imperii
1205 2359 1249 2409 ex
1277 2347 1417 2430 utraque

282 2443 396 2528 porte,
414 2439 480 2528 ipsi
497 2440 629 2527 nuncii,
648 2439 677 2507 si
694 2457 762 2507 non
781 2437 973 2528 discordes,
991 2456 1059 2507 non
1077 2445 1186 2507 tannen
1203 2441 1343 2530 paritor,
1362 2459 1417 2508 on-

282 2539 364 2606 riom
394 2539 554 2606 exierunt.
587 2536 731 2606 Domino
756 2555 843 2626 pape
866 2537 1025 2624 Gregorio
1049 2539 1199 2606 venienti
1223 2538 1416 2608 Losannnn

283 2638 426 2706 occurrit
440 2653 500 2704 rex
516 2634 696 2727 liudolfus,
714 2635 926 2704 coronandus
945 2637 1032 2704 sicut
1048 2635 1219 2705 decretum
1236 2635 1350 2706 luerat
1364 2641 1415 2705 in·
1438 2699 1439 2724 ,

281 2739 332 2804 ter
350 2752 409 2804 eos
427 2736 462 2802 in
478 2735 619 2804 Basilca.
646 2734 715 2803 Sed
740 2753 829 2824 papo
852 2733 993 2804 diversis
1011 2736 1165 2820 negociis
1185 2737 1336 2806 ecclesie
1354 2755 1414 2823 ge·
1438 2727 1439 2780 ἕ

282 2834 406 2902 nerelis
424 2835 548 2923 etipse
571 2851 631 2902 rex
648 2834 816 2901 civitatum
834 2833 944 2901 Ytalie
961 2833 1144 2924 prepediti,
1163 2835 1273 2922 ipsam
1292 2853 1413 2904 conse-

283 2933 462 3000 crationem
481 2934 554 3001 sive
572 2933 822 3002 coronationem
846 2949 956 3020 usqne
974 2931 1018 3000 ad
1030 2931 1155 3000 iestum
1173 2934 1412 3023 purificationis

284 3029 493 3098 distulerunt.

356 3124 456 3196 Anno
489 3127 613 3198 domini
639 3129 841 3198 moelxxvi.
873 3127 944 3197 Rex
972 3129 1136 3199 Rndollns
1168 3129 1413 3219 expeditionem

283 3227 386 3294 movit
409 3243 528 3295 versus
551 3225 718 3298 Austriam
743 3247 818 3296 enm
841 3229 988 3296 exercitu
1005 3247 1074 3297 non
1092 3233 1218 3298 lantum
1235 3247 1412 3298 numeroso

284 3331 441 3412 quammn
467 3324 599 3416 valido,
626 3327 754 3394 babens
778 3344 883 3395 naves
909 3328 1120 3417 castellatos,
1146 3328 1270 3416 quibus
1288 3335 1411 3396 meatus

281 3423 426 3492 Danubii
453 3423 643 3493 obstructos
668 3424 847 3511 infringere
871 3432 1019 3494 conatur.
1047 3426 1115 3495 Sed
1132 3426 1303 3495 mediante
1323 3445 1412 3512 mag·

282 3541 399 3592 norum
424 3523 567 3591 virorum
590 3524 731 3592 oonsilio
750 3525 823 3592 sine
842 3525 931 3592 omni
950 3527 1088 3614 strepitu
1105 3525 1183 3594 belli
1202 3525 1271 3614 ipsi
1288 3533 1411 3593 meatus

282 3622 316 3688 in
334 3621 494 3710 Strobing
518 3627 552 3689 ct
568 3621 701 3692 Patavie
727 3622 897 3711 patefiunt.
923 3623 965 3692 Et
983 3625 1032 3692 sic
1049 3641 1110 3692 rex
1126 3621 1297 3692 Austriam
1316 3641 1410 3692 occu·

282 3721 383 3808 pavit.
417 3720 659 3808 llestruetaque
686 3721 786 3790 multa
811 3727 904 3810 parte
932 3726 1016 3790 terre
1043 3724 1131 3792 circa
1154 3721 1309 3792 Anasum
1328 3723 1409 3790 multi

282 3816 434 3887 homines
456 3819 633 3907 perierunt.
660 3819 700 3888 Et
725 3837 797 3888 oum
823 3838 880 3888 rex
897 3821 932 3888 in
956 3819 1134 3889 obsidione
1161 3821 1310 3891 Wienne
1329 3823 1409 3889 resi-

283 3907 406 4004 deret²,
425 3917 553 3986 civibus
571 3917 808 3987 rebellantibus
826 3919 927 3986 multa
944 3936 1057 3986 eorum
1073 3922 1221 4008 pomaria
1239 3926 1320 3988 sunt
1339 3937 1407 3987 sue·

283 4015 364 4081 cisa.
390 4013 461 4080 Rex
483 4015 641 4083 Bohemie
666 4017 745 4083 nnlli
764 4035 801 4084 se
820 4016 948 4084 audens
967 4020 1188 4109 committere,
1208 4037 1229 4086 a
1246 4036 1330 4104 rege
1348 4017 1407 4085 Ro·

283 4157 360 4277 dea
367 4155 474 4210 scilieet
489 4154 532 4208 bs.
552 4171 608 4210 was
626 4156 669 4210 icln
687 4157 809 4212 tuderto.
845 4159 876 4224 2)
896 4159 1030 4228 reciperet
1047 4157 1093 4212 bat
1111 4159 1154 4212 die
1172 4159 1214 4213 lna.
1232 4175 1291 4214 was
1309 4160 1352 4214 iob
1368 4165 1407 4212 in
