2886 4834
401 215 561 262 cnromcor
584 215 798 264 conxxnrrrrsre.
1113 191 1158 258 63

47 361 105 444 bat,
131 357 185 442 qui
208 352 341 421 landem
371 355 485 421 timore
509 355 609 422 territi
633 353 797 442 sugerunt.
825 355 894 424 lllis
925 363 1034 426 autem
1060 365 1156 444 terga
1174 373 1241 426 rara

48 453 233 524 vertentibus
267 452 392 538 Ungari
425 453 690 542 subsequuntur,
729 461 920 542 pugnantes
953 459 1159 547 impugnant,

47 556 193 640 lugientes
238 556 422 638 sequuntur
467 551 608 640 capiunt,
646 559 679 620 et
715 551 880 621 occidunt.
939 555 1161 626 Communiter

47 651 200 722 dicebatur
233 649 323 736 quod
351 651 384 717 in
415 650 473 719 illo
508 651 612 738 prelio
641 651 890 740 quatuordecim
922 653 1021 723 millia
1053 673 1160 724 oocu—
1276 675 1281 684 ·

47 753 164 820 luerint.

104 874 171 942 Rex
187 872 350 941 liudolfus
367 891 440 940 cum
462 875 532 942 suis
554 875 589 940 in
608 873 684 942 loco
704 875 799 961 prelii
820 875 1035 963 permanebat
1051 875 1161 944 donee

47 991 142 1042 ornnes
166 990 242 1040 eum
267 990 421 1040 securum
446 972 488 1039 de
510 974 650 1042 victoria
677 972 872 1042 referebant.
911 973 982 1043 Rex
1003 973 1160 1044 Bohemio

47 1073 145 1140 eodem
164 1071 219 1138 die
236 1073 391 1160 moritur,
411 1077 444 1138 et
461 1072 628 1139 intestinis
647 1073 718 1138 eius
737 1074 918 1162 exposito,
940 1090 1060 1160 corpus
1079 1075 1160 1142 reli-

47 1189 127 1259 quum
143 1189 217 1237 eum
236 1171 307 1237 sale
326 1172 359 1238 in
381 1170 512 1238 iratrum
528 1169 693 1238 lilinorum
711 1173 947 1240 monasterium
969 1172 1160 1242 collocatur.

46 1272 176 1338 llortuus
201 1271 289 1336 enirn
313 1268 374 1336 tuit
396 1271 430 1336 in
451 1271 792 1338 excommunicatione
813 1287 915 1359 pape;
936 1277 1072 1360 propter
1097 1271 1161 1340 hoe

47 1387 98 1437 non
115 1373 246 1456 poterat
267 1369 301 1434 in
319 1369 486 1436 cemiterio
508 1368 653 1456 sepeliri.

103 1491 248 1558 Fuerunt
267 1491 301 1556 in
326 1492 472 1558 exercitu
494 1491 585 1576 regis
608 1489 829 1560 Romanorum
847 1489 977 1560 debiles
991 1493 1160 1562 homines:

50 1591 152 1677 clerici,
167 1588 340 1678 monachi,
356 1589 561 1656 diversarum
578 1589 775 1675 religionum
798 1593 970 1680 conversi,
991 1595 1048 1678 qui
1070 1610 1107 1660 so
1127 1593 1160 1660 in

49 1688 194 1774 quoddam
213 1687 403 1756 colliculum
419 1695 625 1776 receperunt,
644 1689 741 1756 linem
756 1692 944 1758 certaminis
958 1697 1161 1780 exspectan-

49 1795 99 1875 tes,
114 1787 289 1856 Dominum
302 1804 363 1874 pro
381 1788 451 1854 suis
475 1785 661 1854 hominibus
676 1786 905 1876 deprecantes.
933 1789 986 1856 llil
1003 1790 1161 1859 conside-

16 1965 18 1970 ,
49 1891 180 1952 recerunt
196 1884 291 1972 quod
307 1886 341 1952 in
360 1886 506 1954 exercitu
524 1887 613 1971 regis
627 1885 849 1955 Bobemorum
873 1888 1033 1976 splendor
1051 1893 1084 1957 el
1100 1905 1162 1956 ca-

50 1985 87 2051 lor
110 1986 268 2052 maximus
299 1985 404 2052 extitit
427 2001 606 2074 armorum,
629 1983 690 2052 sed
712 1988 892 2054 exercitum
920 1989 1010 2072 regis
1031 1985 1161 2056 Rudolii

16 2079 17 2082 ’
52 2101 230 2171 quoeunque
257 2082 447 2152 declinabat
470 2099 601 2171 semper
621 2083 727 2152 nubes
743 2083 863 2171 frigida
878 2086 1085 2173 protegebat.
1113 2087 1162 2156 Ex

16 2179 17 2258 Ϊ
52 2181 102 2248 hoc
115 2181 366 2271 presumebant,
386 2179 476 2270 quod
491 2183 657 2249 exercitus
673 2184 763 2269 regis
776 2181 906 2252 liudolfi
921 2183 1084 2254 adiutorio
1099 2184 1162 2254 do-

16 2365 18 2372 „
52 2279 231 2348 ninidebuit
248 2277 1161 2374 prevalerellctasunthecpropeWiennamincampo

16 2375 17 2392 ³
51 2377 119 2446 dicto
145 2377 355 2448 Ganslerleld
378 2397 466 2448 anno
487 2379 714 2447 mcclxxviii.
737 2383 824 2451 eirca
843 2383 956 2450 horam
981 2388 1109 2452 sextam
1127 2385 1161 2452 in

49 2477 138 2562 vigilia
156 2477 395 2546 bartholomei.

17 2635 18 2664 2
107 2599 236 2671 blortno
263 2619 344 2688 rege
368 2601 589 2670 Bobemorum
614 2601 747 2670 intravit
768 2620 826 2689 rex
851 2603 1013 2672 nudollus
1042 2611 1161 2673 terram

51 2697 193 2790 horarie,
212 2699 333 2769 volens
355 2719 427 2768 earn
446 2700 592 2768 totaliter
607 2699 792 2769 devastare.
820 2701 978 2772 Civitates
997 2705 1162 2772 communi

53 2799 169 2868 consilio
199 2817 316 2885 regem
338 2797 513 2870 Rudolium
534 2815 595 2886 pro
621 2797 755 2868 domino
783 2806 995 2892 receperunt,
1024 2809 1058 2870 et
1077 2802 1162 2870 inira

16 2927 18 2972 ᾗ
52 2913 175 2965 nensem
193 2915 232 2966 se
254 2903 288 2966 et
305 2916 365 2966 sua
380 2900 615 2967 commiserunt
635 2904 668 2966 et
689 2897 880 2967 fidelitatem
900 2901 1082 2970 iuramento
1103 2901 1161 2969 irr-

16 2997 17 3046 ῖ
53 2996 173 3063 missine
187 2999 420 3085 promiserunt.
447 2996 575 3084 Regina
594 2997 751 3066 Bohemie
769 3013 841 3065 eum
856 2997 998 3068 Rudollo
1016 3017 1096 3086 rege
1115 3001 1162 3068 ita

53 3098 231 3186 composuit,
260 3095 350 3182 quod
383 3093 470 3164 filius
498 3098 613 3182 regine
637 3093 734 3163 liliam
757 3099 847 3183 regis
867 3095 997 3166 Rudolli
1026 3100 1163 3168 duceret

54 3209 172 3371 ῗΧοτθὲι.
214 3193 314 3380 ξὶίυἷᾱ
347 3193 548 3264 factumest
579 3198 666 3264 intra
696 3201 834 3265 octavas
864 3199 969 3265 sancti
995 3199 1162 3268 Francisci

66 3297 115 3357 oet.
160 3332 202 3340 -

16 3423 17 3476 ἐ
109 3412 141 3480 ln
157 3414 233 3482 loco
253 3416 439 3484 occisorum
463 3415 548 3486 letor
570 3424 682 3488 tantus
710 3419 817 3486 extitit
840 3425 876 3486 ut
899 3419 1011 3508 plures
1036 3421 1091 3486 vel
1108 3421 1162 3487 in-

56 3507 116 3576 lrmi
131 3513 181 3580 vel
204 3517 324 3582 mortui
343 3517 508 3584 extiterint
532 3519 565 3584 in
585 3537 625 3586 ea
642 3517 720 3586 villa
738 3517 935 3592 habitantes.
976 3518 1162 3586 Demonum

16 3615 17 3622 ’
55 3615 178 3691 preterea
195 3613 249 3680 vel
265 3613 412 3701 spiritum
428 3615 603 3686 illusiones
621 3617 742 3686 multos
756 3615 952 3684 horribiliter
969 3621 1161 3685 terruerunt.

58 3701 224 3779 Advocatus
243 3709 376 3780 Alsacie
395 3714 521 3801 retulit,
553 3715 643 3804 quod
661 3721 839 3786 venatores
858 3733 990 3783 cervum
1007 3693 1162 3802 magndm

58 3803 246 3900 insectantes,
266 3819 427 3880 venerunt
447 3811 489 3880 ad
507 3805 716 3902 heremitam,
735 3815 790 3900 qui
809 3811 985 3882 duodecim
1002 3832 1110 3884 annos
1129 3817 1162 3884 in

60 3904 209 3976 solitudine
228 3927 301 3977 oum
319 3929 422 3979 uxore
442 3919 475 3980 ct
491 3911 603 3981 liberis
621 3915 711 3982 vixit.
736 3911 798 3980 Hie
815 3913 1029 3982 venatoribus
1043 3916 1161 4005 retulit,

16 4065 17 4088 ξ
60 4015 84 4064 le
104 4005 211 4074 ctdtese
230 4011 357 4077 cmmct
375 4029 397 4076 o
418 4011 702 4096 accommodetis
718 4011 892 4098 tmopinem
912 4009 1051 4095 bobeno,
1076 4015 1165 4099 qumi

16 4139 17 4154 η
61 4097 142 4167 dicit:
178 4105 328 4173 Teredonto
357 4111 447 4176 intro
473 4111 539 4176 tres
575 4113 777 4196 septimanos
807 4109 937 4178 babebit
969 4130 1079 4198 repom
1108 4113 1162 4198 qui

16 4275 17 4280 ,
61 4200 181 4280 reddedit
200 4205 378 4289 quindecim
394 4209 498 4277 aonio.
