2878 4834
267 221 339 290 tot
625 249 818 298 cnarsrrnuus
840 249 1032 302 uoaornures.

212 427 215 436 .
266 388 432 460 evadendi
454 389 601 478 pericula
625 389 681 458 val
704 389 842 460 vitandi.
876 388 1022 472 Quodsi
1040 409 1109 460 uon
1127 393 1189 483 sit,
1213 395 1332 464 saltem
1347 396 1392 464 le·

188 546 191 551 .
264 489 422 578 gentibus
446 496 479 558 et
504 489 718 558 audientibus
736 489 861 560 tedium
886 491 1024 581 tollitur,
1044 491 1121 559 dum
1139 511 1181 562 ea
1204 511 1272 582 que
1290 500 1392 564 trans·

264 593 390 679 ierunt,
417 588 468 656 ais
495 590 591 676 quasi
617 589 759 676 quedam
790 591 937 660 recentia
973 599 1202 661 renascuntur.
1243 594 1340 663 Unde
1363 594 1393 662 it

265 697 301 758 ut
316 709 358 758 ex
375 689 440 757 boo
457 689 491 755 in
509 687 756 758 admirationem
776 688 939 758 ducantur
956 690 1011 758 vol
1029 697 1216 784 stuporem,
1237 694 1292 761 vel
1309 701 1392 762 certe

265 789 309 858 ad
326 788 496 878 passionis
515 789 673 874 gemitum
690 795 924 877 provocentur.
963 789 1152 877 Scripturas
1169 793 1285 880 itaque
1302 792 1392 861 vobis

249 890 424 958 *iacturam
443 893 476 956 at
493 889 768 978 oppressionem,
788 889 962 975 quaannis
976 890 1041 958 iam
1055 897 1186 960 oentum
1201 893 1292 981 cepit
1305 910 1393 960 ruere

201 1013 204 1018 ·
265 989 410 1058 aeclesia
426 987 708 1077 Magantinensis,
726 989 832 1076 ipsius
849 989 972 1056 invoco
990 993 1141 1080 gratiam,
1161 993 1256 1060 cuius
1276 1009 1319 1060 ea
1337 1009 1393 1079 qua

266 1089 423 1157 sustinuit
441 1094 475 1155 et
491 1085 600 1154 adbuc
613 1088 784 1155 sustinere
802 1104 871 1156 non
889 1086 988 1156 desiit
1004 1089 1102 1180 mala,
1119 1090 1245 1159 iudicio
1263 1097 1319 1158 est
1335 1107 1392 1179 op-

264 1206 394 1278 pressa.
420 1185 524 1274 lgitur
548 1192 585 1254 ut
609 1187 682 1254 eius
705 1186 927 1255 miserabilior
948 1189 1120 1257 calamitas
1145 1207 1244 1278 quam
1268 1192 1393 1280 patitur,

266 1293 301 1357 ot
317 1286 458 1356 llebilior
475 1286 658 1376 elucescat,
676 1287 767 1374 prius
786 1285 906 1374 quibus
924 1286 1107 1358 bonoribus
1130 1291 1257 1379 claruit,
1277 1290 1393 1377 quibus

266 1386 389 1456 divitiis
407 1392 441 1454 ot
458 1385 630 1455 ornatibus
649 1384 770 1454 relcrta
787 1385 899 1474 luerit,
918 1388 1088 1458 succincte
1107 1389 1306 1459 utbreviter
1325 1388 1394 1458 dis-

266 1503 426 1554 serenius.

340 1584 442 1653 lirant
465 1583 511 1652 ibi
535 1602 752 1672 purpuramm
775 1585 1001 1673 preciosarum
1018 1590 1110 1654 tante
1129 1589 1246 1677 copie,
1272 1592 1309 1656 ut
1328 1586 1393 1655 dle-

266 1684 330 1753 bus
355 1683 485 1753 festivis
509 1688 612 1751 totum
636 1685 889 1774 monasterium,
916 1686 1058 1754 comsit
1083 1693 1193 1754 tamen
1209 1687 1351 1772 longum
1367 1693 1395 1756 ct

266 1783 387 1873 latum,
412 1783 613 1851 intrinsecus
640 1789 826 1873 tegeretur,
850 1789 884 1852 et
900 1789 1011 1852 tamen
1029 1783 1138 1853 adbuc
1156 1785 1395 1874 superfuerunt.

265 1883 368 1953 lirant
384 1884 510 1971 tapetia
528 1887 562 1950 et
579 1881 725 1950 dorsalia
742 1884 822 1951 mira
836 1885 1132 1970 picturevarietate
1145 1884 1316 1974 distincta,
1336 1903 1394 1973 apra

266 1984 378 2072 operis
402 1981 584 2051 subtilitate
607 1985 640 2050 et
663 1981 907 2071 pulchritudine
931 1984 1060 2052 animos
1078 1985 1277 2053 intuentium
1294 1985 1394 2052 admi-

264 2085 393 2151 ratione
419 2081 643 2150 delectabunt.
685 2082 796 2150 Preter
819 2082 886 2150 ista
916 2087 1009 2151 erant
1036 2090 1070 2151 et
1096 2083 1180 2173 alia,
1205 2101 1272 2171 quc
1299 2103 1394 2172 super

264 2184 490 2272 pavimentum
508 2181 635 2272 templi,
660 2185 695 2250 et
712 2199 868 2272 scamna,
895 2187 931 2250 et
956 2197 1067 2251 coram
1084 2182 1246 2252 altaribus
1266 2190 1393 2252 sterne-

264 2281 393 2350 bantur.

340 2379 441 2448 Erant
463 2379 552 2469 palle
578 2381 729 2448 altarium
755 2397 835 2448 auro
862 2380 987 2448 intexta
1010 2382 1173 2469 preciose.
1206 2381 1298 2450 luter
1315 2397 1392 2469 quas

266 2485 332 2549 tres
360 2484 454 2548 erant
478 2481 655 2570 precipuo,
682 2498 817 2568 quarum
842 2497 910 2546 una
929 2481 1144 2549 estimabatur
1160 2499 1267 2570 posse
1285 2481 1391 2548 valere
1437 2552 1438 2560 χ

264 2597 395 2648 marcas
414 2583 564 2668 centurn,
595 2579 660 2648 alia
678 2580 876 2669 sexaginta,
902 2585 1002 2667 atque
1021 2581 1085 2648 alie
1104 2598 1172 2649 non
1190 2581 1326 2649 minoris
1343 2579 1391 2647 vel

264 2698 380 2769 parum
396 2679 530 2746 minoris
548 2683 703 2766 poterant
722 2679 875 2746 estimari.

340 2779 419 2847 Erat
443 2782 477 2845 in
501 2778 626 2846 casulis
654 2777 838 2846 dalmaticis
869 2776 1046 2846 subtilibus
1074 2783 1108 2846 et
1125 2778 1242 2866 cappis
1262 2777 1390 2846 sericeis

267 2882 301 2946 et
318 2879 492 2966 purpureis
518 2894 599 2944 auro
618 2882 651 2946 et
668 2879 808 2964 gemmis
833 2878 969 2946 intextis
993 2879 1168 2966 preciosus
1188 2883 1222 2944 et
1239 2878 1389 2966 copiosus

267 2977 455 3045 thesaurus.
482 2976 654 3066 interque
673 2975 1033 3066 sexcappcprecipue
1053 2981 1161 3065 erant,
1181 2993 1318 3063 quarum
1330 2993 1389 3043 unu
1436 3011 1437 3058 r

268 3077 422 3144 estimato
440 3081 492 3143 est
510 3074 552 3143 ad
578 3077 757 3162 sexaginta
782 3093 929 3165 marom,
954 3077 1003 3144 sic
1021 3077 1107 3144 enim
1125 3080 1159 3144 et
1176 3075 1318 3161 obligari
1333 3092 1389 3163 po-

269 3180 367 3263 terat,
395 3175 459 3243 alic
486 3175 633 3262 quinque
660 3176 796 3244 minoris
821 3182 915 3243 erant
932 3176 1162 3244 estimationis
1187 3175 1238 3242 Ex
1255 3176 1296 3244 iis
1313 3173 1389 3242 duas

269 3291 334 3361 ego
352 3273 441 3363 vidi,
460 3292 597 3362 quarum
614 3293 680 3343 una
698 3281 865 3343 vetustate
883 3273 943 3342 luit
960 3275 1008 3343 sic
1021 3277 1220 3361 consumpta
1234 3279 1268 3342 el
1281 3274 1388 3361 attrita,

268 3372 358 3462 quod
379 3375 475 3441 alicui
493 3375 569 3441 usui
587 3391 656 3442 non
672 3374 807 3442 volebat
816 3398 825 3462 5
849 3373 926 3442 data
944 3391 1025 3460 ergo
1044 3380 1097 3442 ast
1113 3373 1205 3463 igni,
1223 3380 1257 3441 et
1273 3371 1387 3441 redde-

268 3472 325 3542 bat
343 3479 409 3542 tres
429 3491 556 3542 marcas
575 3473 644 3542 auri
670 3493 745 3542 cum
763 3472 905 3545 dimidia.
930 3471 1007 3542 Alia
1024 3491 1090 3560 que
1108 3471 1218 3540 adbuc
1235 3472 1389 3542 recentior
1434 3507 1435 3560 3

266 3572 459 3662 videbatur,
484 3571 619 3641 vendita
644 3580 696 3642 ost
721 3593 795 3642 curn
818 3591 887 3641 una
909 3572 1000 3660 palla
1023 3572 1152 3660 altaris3
1172 3571 1251 3660 quid
1269 3569 1386 3660 probis

268 3680 439 3761 occeptum
459 3671 572 3762 luerit,
591 3673 645 3740 vel
664 3691 731 3760 quo
749 3673 921 3740 devenerit
938 3671 1110 3739 venditum
1128 3679 1315 3759 acceptum,
1330 3685 1386 3757 pe·

267 3772 355 3838 nitus
378 3773 560 3858 ignoratur.
587 3771 674 3839 luter
698 3773 833 3841 casulas
857 3777 967 3838 autam
986 3770 1093 3838 slede
1113 3771 1263 3858 quolibet
1285 3770 1385 3838 colore

269 3866 336 3936 duo
361 3873 470 3958 paria3
496 3871 561 3938 due
587 3871 681 3957 nigre
708 3871 932 3958 aurifrigiato,
959 3877 992 3937 et
1018 3869 1168 3938 eiusdem
1193 3870 1304 3957 operis
1327 3866 1385 3934 due

269 3967 462 4059 dalmatico,
493 3976 525 4038 et
550 3969 617 4038 duo
642 3970 794 4060 subtilia,
821 3971 897 4038 latis
922 3967 1097 4056 aurifrigiis
1122 3975 1258 4057 oruata;
1285 3973 1316 4035 et
1331 3965 1386 4033 beo

270 4068 379 4135 omnia
397 4067 496 4137 valdo
515 4069 614 4137 bona.
640 4070 721 4137 ltem
740 4069 804 4138 due
825 4069 938 4138 casule
957 4067 1000 4137 de
1019 4069 1137 4136 samito
1153 4067 1242 4157 albo,
1260 4066 1385 4136 eteius·

270 4165 344 4236 dem
363 4167 408 4234 lrli
426 4165 600 4238 dalmatico
619 4167 700 4256 duc;
720 4169 855 4240 subtilia
872 4168 938 4236 dao
954 4186 1028 4236 oum
1042 4185 1122 4236 auro
1139 4172 1270 4253 oruata;
1289 4163 1386 4233 omnia

269 4263 369 4334 valde
387 4265 487 4333 bona.
525 4267 607 4334 ltem
632 4266 697 4334 due
721 4269 835 4337 casule
861 4267 905 4338 do
929 4268 1034 4336 rubeo
1052 4267 1189 4357 samito,
1209 4271 1243 4335 ct
1259 4270 1305 4333 tot
1320 4261 1385 4331 dal·

1417 4499 1432 4800 l
