2890 4832
356 269 492 316 crmran
513 269 582 318 nra
603 267 839 318 arsamum.
1093 243 1165 312 309

40 407 158 491 solute,
185 407 359 498 respondit
375 410 448 478 ille:
475 408 633 495 Anpustie
657 406 735 476 nubi
754 412 831 476 sunt
851 407 1009 494 undana
1034 407 1173 495 etquid

40 506 110 573 nihi
136 505 328 590 sedendam
350 508 510 576 Dominus
534 508 640 595 nouit,
656 525 801 593 prorsus
816 509 943 594 ipnoro.
983 509 1023 574 Vc
1043 507 1118 576 mibi
1135 511 1165 576 si

39 610 179 672 tacuero.
214 607 251 676 St
268 613 376 675 nutem
384 610 433 675 eis
445 625 665 698 proposuero,
681 608 799 690 dicent,
820 608 885 674 imo
906 608 1069 674 andaset
1083 626 1164 694 cop-

38 706 120 771 notis
135 703 177 771 dc
202 724 256 773 me
275 710 533 793 conquerentur,
553 706 643 792 quod
654 707 828 792 parricidii
842 707 964 773 crimen
980 707 1029 772 eis
1045 708 1164 792 impin-

37 821 116 889 porn.
135 801 213 873 Non
233 807 340 874 salum
358 805 588 894 deliriderico,
606 803 669 872 sed
686 804 728 873 de
745 803 923 874 Godelrido
942 804 1165 873 etWilbelmo

38 900 187 970 iratribus
208 905 280 972 eius
299 906 448 994 suspicio
466 903 544 993 luit,
563 910 597 972 ct
613 903 748 972 adiecit:
769 904 840 990 Epo
856 902 899 970 nh
911 902 1073 972 bruboro
1085 923 1164 972 cor·-

37 1018 92 1086 pus
102 1005 137 1067 et
148 1005 297 1070 nmmum
309 1021 416 1071 mcum
431 1004 537 1070 deine
548 1005 712 1070 connrido
723 1001 939 1088 providentie.
955 1002 1163 1072 Assumans-

39 1118 95 1185 que
114 1103 313 1190 episcopum
332 1103 474 1170 illumin
493 1101 651 1170 sacellum
670 1121 766 1169 saum
781 1101 875 1171 solus
891 1101 954 1169 soli
973 1103 1063 1190 cepit
1079 1120 1163 1170 con÷

39 1197 113 1266 lteri
132 1203 247 1269 omnia
269 1207 412 1290 peccata
438 1220 500 1269 sua
517 1200 559 1268 ab
576 1187 713 1269 i'neunte
731 1207 838 1289 etate,
858 1218 931 1268 cum
949 1205 1043 1268 tanto
1059 1201 1163 1268 imbre

38 1297 274 1385 lachrymarum
299 1307 335 1368 ut
358 1307 461 1369 totum
485 1305 603 1388 pectus
635 1301 708 1368 eius
734 1298 963 1388 infunderent,
991 1307 1024 1368 et
1050 1299 1162 1368 cordis

39 1398 178 1467 maculas
207 1399 333 1468 crebris
358 1398 534 1467 stillicidiis
560 1405 596 1466 ut
618 1416 792 1487 speramus
815 1399 987 1466 diluerent.
1014 1398 1162 1486 Cumque

40 1494 156 1564 diceret
183 1499 216 1566 ei
237 1498 391 1566 dominus
415 1497 620 1566 Mindensis:
651 1496 757 1565 linteo
779 1496 888 1566 adbuc
903 1497 1008 1566 lutere
1025 1500 1058 1566 in
1081 1515 1162 1565 con·
1251 1501 1254 1505 '

39 1595 165 1663 senato
190 1601 304 1664 uestro
326 1597 415 1683 prod
435 1595 511 1663 nrilri
534 1597 655 1664 dictunr
674 1615 741 1664 non
760 1598 818 1680 sit,
844 1595 1018 1684 respondit
1043 1596 1162 1664 boatus

39 1693 101 1760 ille:
126 1695 293 1764 lioounus
312 1697 375 1762 scit
396 1713 446 1762 nrc
466 1714 510 1762 ec
529 1696 693 1762 industrio
711 1694 794 1763 nituit
814 1691 1014 1763 subticuisse.
1041 1696 1163 1764 Postea

40 1795 139 1861 tamen
166 1796 303 1882 plenius
329 1796 483 1881 cogitans
509 1794 551 1862 de
576 1797 725 1883 peccatis
752 1796 840 1885 suis,
863 1812 990 1862 summa
1015 1811 1110 1862 inane
1128 1797 1162 1862 in

39 1893 169 1977 priorem
187 1894 298 1962 locum
317 1893 444 1962 ducens
463 1893 693 1962 confessorem
709 1911 805 1961 suum
823 1892 1002 1962 confessor
1019 1893 1162 1982 Domini,

40 1990 66 2056 in
89 1993 205 2079 spiritu
231 1993 420 2060 humilitatis
447 1994 539 2060 etin
571 1994 680 2060 animo
705 1993 865 2081 contrita,
891 1991 982 2080 quod
1006 1993 1162 2060 memorie

41 2097 221 2159 occurrerat
237 2109 350 2160 rursus
368 2110 441 2159 cum
460 2093 560 2159 tantis
583 2091 761 2178 lachrymis
780 2089 960 2160 consessus
979 2097 1050 2181 est,
1074 2097 1111 2158 ut
1128 2093 1162 2159 in

41 2189 88 2254 tali
104 2207 255 2277 persona
271 2191 369 2258 talam
388 2192 528 2277 gratiam
546 2190 786 2279 lachrymarum
805 2192 986 2279 episcopus
1004 2188 1162 2258 blindan-

42 2288 81 2353 sis
98 2290 206 2357 mirari
227 2307 293 2356 non
314 2287 498 2378 sufficeret,
523 2295 556 2357 et
572 2289 628 2357 ille
647 2291 762 2357 merito
781 2307 854 2358 oum
871 2287 1033 2378 propheta
1051 2288 1162 2358 dicere

41 2394 165 2471 posset:
192 2388 313 2456 linitus
333 2407 497 2474 equorum
512 2388 722 2456 deducerunt
729 2387 815 2456 octctt'
831 2390 894 2456 orei
909 2389 988 2473 quio
1003 2405 1068 2458 nort
1084 2405 1162 2456 cus-

42 2486 129 2553 todiri
148 2488 257 2574 tepern
280 2492 381 2555 tuum,
406 2489 508 2556 Tesle
532 2486 650 2556 eodem
674 2489 855 2579 episcopo,
883 2489 978 2555 euius
1000 2488 1162 2556 relatione

42 2581 95 2651 hec
119 2591 291 2675 comparia
316 2593 410 2676 sunt,
438 2588 488 2654 sic
513 2603 591 2655 sesa
617 2587 815 2655 contritione
840 2586 950 2655 cordis
969 2604 1078 2656 coram
1098 2585 1162 2654 do·

43 2683 121 2751 nino
138 2687 312 2775 mactavit,
332 2686 382 2753 sic
400 2703 438 2753 sa
457 2687 524 2754 aris
542 2684 759 2754 consessione
780 2685 964 2774 mundavit,
991 2691 1056 2752 tam
1077 2685 1163 2752 soli-

43 2781 97 2848 cite
112 2790 256 2871 utraque
280 2784 516 2852 iustificatione
535 2801 573 2852 sa
591 2801 791 2874 preparans,
818 2803 858 2853 ac
876 2786 904 2853 si
922 2785 995 2872 ipsa
1013 2783 1067 2851 die
1090 2801 1164 2852 mo-

43 2880 148 2950 riturus
176 2888 282 2951 esset.
314 2883 435 2952 Postea
459 2884 668 2952 conscientia
693 2888 845 2952 serenata
871 2881 1078 2952 conlidentar
1100 2884 1162 2951 ait:

44 2975 129 3046 ltodo
143 2982 298 3050 uoluntas
314 2981 365 3050 dci
381 2983 422 3049 de
437 2999 488 3050 nnc
500 2983 571 3064 fiat.
598 2981 685 3052 Ecce
703 2985 753 3050 sic
772 2999 874 3051 verus
893 2987 927 3051 et
942 2999 1089 3050 summus
1105 2999 1163 3050 sa-

45 3077 152 3147 cerdos
180 3081 282 3148 homo
310 3079 460 3148 Christus
485 3081 607 3170 lesus,
635 3083 690 3168 qui
717 3099 755 3149 se
778 3081 811 3148 in
835 3099 893 3149 aru
919 3077 1027 3149 crucis
1053 3079 1163 3148 ollerri

45 3172 188 3261 dignatus
209 3186 261 3247 est
278 3179 421 3248 bostiam
439 3181 683 3268 propitiationis
701 3181 927 3269 propeccatis
946 3181 1083 3269 nostris,
1103 3199 1162 3248 sa-

46 3276 200 3346 cerdotem
219 3279 421 3366 penitentem
435 3277 600 3367 prolluvio
618 3279 856 3367 lachrymarum
877 3295 1010 3346 suarum
1028 3279 1162 3346 abluere

49 3376 264 3446 alamundaro
289 3377 412 3467 voluit,
439 3384 475 3445 ut
501 3377 565 3445 dau
583 3380 667 3466 patri
684 3395 744 3466 per
763 3379 950 3466 martyrium
969 3375 1160 3444 ollerendus

45 3468 72 3536 in
97 3473 340 3544 holocaustrum
367 3483 460 3544 esset
485 3477 596 3545 hostia
621 3495 721 3566 pura,
750 3476 860 3544 hostia
885 3482 1018 3564 sancta,
1050 3474 1160 3542 hostia

47 3569 168 3653 placens
184 3581 218 3642 et
230 3574 448 3643 immaculata.
467 3574 669 3644 Sacerdotes
688 3576 812 3643 veteris
828 3574 1017 3643 testamenti
1031 3573 1159 3641 hoslias

47 3666 219 3742 utierendas
237 3673 328 3762 prius
346 3673 511 3742 lavabant.
538 3675 668 3742 lnterim
687 3673 883 3763 pulsabatur
900 3671 941 3741 ad
961 3673 1082 3741 ostium
1098 3689 1159 3739 sa-

37 3767 125 3858 celli,
151 3771 212 3840 sed
238 3790 305 3840 nou
328 3773 476 3860 permisit
494 3774 610 3861 aperiri
630 3772 787 3841 dominus
801 3771 1088 3861 archiepiscopus,
1116 3787 1159 3840 eo

49 3867 124 3947 quod
148 3869 284 3938 haberet
309 3871 426 3940 oculos
458 3889 501 3939 ex
525 3871 604 3939 lletu
632 3870 741 3940 adhuc
768 3869 911 3939 tumidos
938 3875 971 3938 et
996 3869 1161 3938 humidos,¹

51 3959 179 4054 Cumque
196 3968 363 4057 pulsando
380 3975 650 4060 perseverarent,
677 3969 892 4058 dicerentque
911 3969 1161 4038 hlonasterlen-

52 4074 109 4129 sem
130 4073 160 4133 et
186 4065 482 4155 osnaburgensem
508 4069 687 4157 episcopos
713 4068 755 4136 ad
782 4069 902 4138 ostium
928 4076 1036 4159 stare,
1063 4073 1160 4157 post-

52 4174 132 4243 quam
147 4167 263 4236 oculos
282 4169 419 4236 extorsit
437 4174 470 4236 et
487 4167 606 4236 laciam
625 4169 782 4257 siccavit,
808 4167 957 4257 permisit
974 4185 1035 4236 eos
1055 4167 1160 4234 intro-

50 4258 132 4350 mitti;
149 4265 267 4353 quibus
286 4273 319 4336 et
336 4268 398 4336 ait:
432 4267 492 4335 Vos
511 4267 630 4336 domin
651 4265 748 4335 cubo
765 4267 899 4353 copuoti
914 4265 976 4334 nrei
993 4265 1081 4347 estis,
1098 4281 1160 4349 epo
