2888 4824
268 226 339 293 t52
573 219 577 224 ’
699 254 854 300 1111111111
876 255 978 300 turuss.

189 399 254 454 last
273 393 361 462 libus
378 409 558 460 marcarum
575 392 724 478 sterling.
734 445 744 482 ,
763 391 939 462 duodecim
962 391 1092 461 solidos
1110 409 1171 480 pro
1189 407 1403 477 1111111111-

268 492 352 560 libet
375 489 608 578 computando.
635 490 778 558 Cuilibet
803 497 986 560 ceterorum
1011 491 1195 578 principum
1215 489 1403 558 cutmemrt

269 589 497 658 tantummodo
516 594 592 657 octo
611 589 713 656 millia
731 607 911 656 marcamm
930 590 1039 658 colon.
1066 589 1137 658 Noc
1155 596 1266 656 tamen
1286 587 1402 674 aliquis

268 691 416 776 ipsorum
443 693 509 756 tam
535 687 698 757 modicum
723 687 923 774 dignabatur
946 688 1136 776 admittere,
1159 693 1316 774 petentes
1334 687 1403 752 sin-

270 789 341 874 guli
365 786 542 854 duodecim
567 787 669 854 millia
693 792 790 874 prout
813 787 1086 874 archiepiscopus
1113 786 1328 854 Coloniensis
1347 803 1403 851 ac-

271 887 376 975 cepit,
396 887 473 972 quia
491 902 529 952 sc
546 886 681 953 viliores
699 903 768 952 non
785 887 993 974 reputabant.

344 984 474 1052 Prcbxo
484 990 594 1052 autem
603 983 657 1052 die
667 984 865 1052 electionem
877 983 1062 1054 laciendiin
1073 981 1161 1052 lesto
1172 986 1284 1052 sancti
1294 981 1402 1049 Hilarii

272 1079 354 1174 [ian.
376 1079 440 1173 13]
461 1082 550 1169 apud
567 1082 768 1172 Franklord,
793 1084 870 1150 loca
888 1084 1015 1151 scilicet
1032 1083 1235 1150 electionem
1261 1079 1401 1149 faciendi

270 1182 441 1270 deputato,
460 1187 689 1250 convenerunt
711 1180 779 1249 dux
796 1182 946 1270 Bavarie,
970 1181 1249 1268 archiepiscopus
1269 1179 1403 1246 Calouie

269 1280 501 1368 personaliter,
520 1280 792 1368 archiepiscopus
810 1280 985 1366 lllloguntia
1005 1297 1062 1368 per
1074 1285 1326 1368 procuratorem
1342 1277 1404 1344 ha-

270 1378 403 1446 bentem
420 1378 592 1446 sufficiens
602 1378 793 1446 mandatum
803 1386 836 1446 et
850 1379 1185 1467 eligendiplenariam
1195 1383 1404 1466 potestatem.

270 1477 367 1545 votis
386 1478 499 1563 itaque
513 1475 723 1546 concorditer
739 1477 894 1546 adunatis
909 1476 1284 1546 dominumRichardum
1303 1475 1403 1542 comi-

270 1581 336 1643 tem
353 1574 517 1642 Cornubie
533 1575 759 1664 sollempniter
775 1577 949 1662 elegerunt
965 1579 999 1644 in
1015 1580 1139 1664 regom,
1157 1575 1302 1662 reliquis
1320 1590 1403 1660 qua-

270 1680 345 1742 tuor
361 1691 430 1740 ncn
448 1675 755 1764 consentientibus,
773 1693 837 1742 nec
857 1682 966 1742 tamen
983 1675 1141 1764 impedire
1158 1673 1365 1742 valentibus.

344 1772 512 1840 Processu
535 1791 668 1860 quoquc
698 1775 854 1862 temporis
878 1775 1149 1862 archiepiscopus
1171 1771 1402 1855 Trevereusis,

271 1871 365 1938 solus
392 1871 465 1938 sine
484 1877 668 1939 ceterorum
686 1890 875 1962 consensu,
894 1879 929 1940 ut
949 1873 1122 1940 electionis
1143 1872 1322 1958 negotium
1339 1871 1399 1935 im-

269 1968 416 2058 pediret,
440 1986 549 2056 ecque
568 1968 658 2056 quod
686 1970 862 2039 duodecim
881 1971 980 2038 millia
1004 1988 1185 2039 marcarum
1206 1987 1278 2038 non
1301 1969 1403 2056 potuit

270 2068 420 2136 obtinere
435 2069 521 2135 sicut
534 2069 806 2158 archiepiscopus
824 2069 1047 2158 Coloniensis,
1066 2072 1180 2154 regem
1194 2067 1402 2156 Hispanicu-

270 2184 340 2234 sem
360 2167 464 2252 elegit
478 2168 511 2234 in
529 2183 643 2251 regem
665 2167 885 2237 Romanorum
894 2221 904 2258 ,
923 2169 1117 2257 promittens
1137 2173 1296 2256 exparte
1319 2165 1402 2250 regis

268 2264 430 2352 Hispanie
458 2266 592 2333 cullibet
615 2267 708 2334 trium
732 2268 914 2354 principum
942 2268 1060 2353 uiginti
1085 2267 1185 2334 millia
1210 2281 1401 2350 marcarum,

270 2364 326 2450 qui
342 2381 416 2430 cum
432 2364 523 2432 nullo
540 2363 639 2432 modo
656 2364 818 2433 volebant
834 2367 868 2432 in
893 2368 965 2434 eius
990 2367 1189 2434 electionem
1212 2364 1402 2432 consentire

270 2459 380 2528 donec
398 2460 440 2528 dc
466 2464 629 2550 premissa
646 2465 789 2551 pecunia
807 2463 946 2532 lecisset
970 2466 1018 2531 eis
1036 2465 1218 2552 plenariam
1244 2461 1402 2530 satisfac-

269 2561 402 2628 tionem.
429 2559 500 2628 Rex
524 2567 633 2629 autem
657 2560 818 2649 Hispanie
844 2565 879 2630 in
906 2569 972 2631 tam
990 2562 1108 2631 irivola
1126 2563 1293 2630 electione
1313 2577 1401 2648 spem

269 2674 400 2748 ponens
418 2665 449 2726 et
468 2658 621 2727 induciam
631 2713 642 2749 ,
660 2663 748 2728 misit
764 2661 967 2749 sollempnes
988 2663 1123 2729 nuntios
1140 2661 1184 2729 ad
1201 2661 1328 2728 curiam
1343 2657 1401 2725 do-

269 2758 348 2826 mini
365 2775 452 2845 pape
473 2775 534 2846 pro
552 2761 691 2844 negotio
710 2765 895 2848 pretaxato.
921 2759 984 2842 Qui
1002 2760 1161 2828 diutinam
1181 2761 1214 2826 in
1233 2759 1328 2826 ouria
1345 2755 1400 2824 sed

269 2856 417 2924 inutilem
435 2875 558 2925 moram
576 2857 757 2944 iacientes,
779 2865 812 2926 et
829 2859 1100 2927 innumerabilem
1118 2859 1297 2947 pecuniam
1318 2873 1398 2923 con-

270 2960 459 3043 sumentes,
484 2957 519 3022 in
541 2956 632 3024 nullo
657 2958 791 3044 penitus
815 2957 1046 3046 proiecerunt,
1073 2959 1129 3046 qui
1149 2958 1249 3024 etiam
1273 2954 1398 3023 domurn

244 3062 250 3074 ¹
270 3052 402 3118 coniusi
421 3059 455 3119 ct
472 3055 570 3120 vacui
590 3061 811 3122 recesserunt.

344 3148 517 3218 Meclvii.
534 3152 717 3222 Richardus
738 3171 851 3222 comes
874 3152 1112 3221 Comubicnsls
1135 3153 1169 3218 in
1192 3169 1309 3238 regem
1335 3150 1397 3218 llo·

270 3263 440 3316 manorum
462 3250 601 3342 electus
621 3251 754 3321 dominc
773 3253 1025 3340 archiepiscopo
1043 3251 1248 3340 Coloniensi,
1269 3249 1397 3318 dominc

269 3345 452 3415 Lecdiensi
475 3351 653 3440 episcopo,
681 3351 814 3418 domino
838 3351 1044 3418 Traiectcnsi
1068 3351 1248 3437 episcopo,
1268 3348 1397 3416 domiuo

269 3445 436 3514 Florentio
452 3451 571 3516 comite
587 3449 763 3518 Hollandie
790 3454 823 3516 et
848 3449 921 3516 aliis
941 3449 1188 3536 quamplurimis
1205 3446 1398 3515 Alemannis

268 3547 478 3631 magnatibus
491 3548 598 3634 ipsum
609 3564 747 3634 querere
762 3555 795 3616 et
809 3547 1038 3616 Alemannlam
1050 3545 1217 3614 deducere
1233 3546 1396 3614 venienti-

269 3642 342 3732 bus,
360 3647 514 3713 ascensis
533 3647 675 3714 navibus
691 3646 779 3734 apud
795 3646 998 3714 Yernemutlr
1011 3645 1193 3732 penultimo
1215 3644 1270 3712 die
1290 3643 1394 3731 aprilis

183 3829 187 3838 .
269 3759 468 3830 prepropere
493 3744 693 3812 vellicando
721 3747 836 3831 quinto
862 3745 916 3811 dic
937 3745 1013 3811 maii
1036 3762 1110 3811 cum
1129 3742 1353 3830 quadraginta
1370 3747 1397 3807 et

271 3844 348 3906 cota
364 3845 494 3927 magnis
512 3844 653 3912 navibus
668 3850 702 3910 et
717 3843 845 3912 duabus
865 3843 1026 3910 naviculis
1041 3843 1198 3930 applicuit
1215 3843 1250 3908 in
1260 3840 1394 3909 Hollan-

271 3935 355 4004 dlam
373 3939 415 4006 ad
430 3941 586 4028 oppidum
602 3941 692 4029 quod
703 3943 821 4010 dicitur
831 3939 1083 4009 llordrectinira
1093 3959 1232 4026 regnum
1244 3937 1395 4007 Aleman-

270 4036 335 4102 nie.
352 4037 394 4104 Et
408 4038 442 4104 in
460 4038 545 4107 lesto
561 4042 770 4108 ascensionis
786 4041 967 4129 dominice,
986 4039 1076 4124 quod
1095 4057 1136 4106 cc
1154 4056 1245 4106 anno
1260 4037 1395 4121 contigit

270 4134 325 4200 xvi
340 4134 403 4202 lral.
421 4136 500 4203 iunii
520 4133 602 4225 [mai
622 4137 685 4228 ll]
706 4158 779 4208 cum
801 4157 928 4206 summa
953 4139 1197 4226 sollempnitate
1221 4143 1393 4205 coronatus

271 4231 492 4322 est,Conrado
511 4236 762 4326 archiepiscopo
778 4237 972 4306 Coloniensi
986 4237 1050 4305 sibi
1066 4254 1183 4305 manus
1198 4237 1391 4326 imponente,
