2884 4834
278 232 346 300 126
642 257 804 304 corrutone
825 258 861 302 nr
883 256 1050 303 rnsurnecn.

194 410 260 464 taen
280 406 368 469 statu
385 399 490 469 voluit
514 415 592 466 esse
612 397 864 485 salvandorum,
889 402 922 465 et
939 396 1044 464 malos
1069 413 1187 483 penam
1205 409 1268 480 pro
1290 391 1412 458 meritis

276 504 491 588 recepturos,
509 498 614 586 ipsins
632 497 735 582 legati
747 498 925 564 erinrinaet
938 494 1190 564 aetusneiorios
1206 490 1413 580 detegendo,

276 607 311 668 et
328 599 476 667 similiter
494 603 609 664 eontra
628 615 702 664 eum
721 603 754 664 et
772 613 853 664 snos
871 603 966 664 actus
981 595 1070 682 illieo
1082 593 1124 662 ad
1140 591 1255 660 sedern
1271 595 1414 678 aposto-

276 701 374 767 lieum
392 695 603 786 appellando.
629 695 671 764 Et
687 695 795 763 iaetus
814 701 866 762 est
879 693 1003 762 ibidem
1018 695 1052 761 in
1065 694 1174 780 ipsum
1188 692 1345 776 legatum
1361 691 1414 754 in-

278 797 412 866 sultatio
426 794 541 886 populi
554 795 777 881 tumultusque
792 811 934 879 magnus
944 799 977 860 et
987 793 1169 862 susurratio
1179 792 1269 858 inter
1287 802 1413 877 omnes,

277 902 452 964 moventes
471 895 580 983 eapite
598 913 659 963 sua
677 900 710 962 et
727 893 920 962 frendentes
940 911 1041 980 super
1059 911 1134 960 eum
1151 889 1314 958 dentibus
1336 890 1413 978 suis,

277 997 493 1082 insurgentes
513 994 710 1061 unanimiter
728 1000 844 1060 eontra
862 1011 945 1060 eum.
971 991 1133 1060 Dominus
1152 1007 1233 1058 vero
1248 986 1414 1056 liudolfus

277 1114 335 1164 rex
360 1093 503 1162 eundem
528 1092 590 1161 sub
617 1093 679 1160 olis
704 1094 774 1160 suis
803 1093 927 1179 recepit
951 1097 984 1158 et
1008 1090 1048 1158 ad
1067 1091 1177 1158 loenrn
1196 1086 1344 1156 deduxit
1363 1093 1413 1154 tn·

277 1201 354 1261 turn.
380 1193 462 1262 Mox
481 1211 555 1261 eum
571 1193 644 1280 ipse
657 1192 792 1277 legatus
806 1191 921 1258 iuriam
935 1187 1274 1258 vidissetrilemaniei
1290 1187 1414 1274 populi,

278 1295 363 1360 inter
380 1311 418 1360 se
437 1292 499 1358 ait:
530 1291 660 1359 Utinam
683 1292 717 1357 in
742 1289 822 1358 vrbe
848 1291 996 1358 sederem
1008 1288 1164 1356 *nomano
1180 1290 1214 1354 in
1231 1287 1337 1353 dorne
1352 1304 1414 1370 po-

278 1395 339 1459 trr'e
362 1394 425 1458 mei
448 1395 481 1456 et
504 1409 577 1458 oum
598 1393 668 1457 onis
692 1391 906 1458 merecnariis
923 1389 1018 1456 conlo
1034 1404 1187 1455 vescerer
1204 1383 1415 1452 teutboldo-

277 1509 360 1558 rum.
386 1491 427 1558 Et
451 1491 561 1557 statim
588 1488 651 1557 hoe
679 1490 803 1556 emisso
829 1487 993 1556 deductus
1015 1487 1077 1556 luit
1093 1486 1261 1554 adiutorio
1292 1483 1414 1552 domini

278 1588 408 1657 liudolfi
427 1590 516 1674 regis
536 1588 578 1656 ad
593 1589 759 1656 civitatem
769 1587 1063 1656 Wormaeiensem.
1082 1581 1211 1654 Abhinc
1229 1585 1311 1652 sine
1329 1601 1415 1650 mora

280 1707 318 1756 se
337 1689 501 1755 transtulit
525 1685 641 1776 bietis,
669 1693 702 1755 et
720 1688 835 1755 statrrit
853 1687 918 1754 sibi
934 1687 1141 1754 mensionem
1157 1682 1284 1752 ibidem
1306 1682 1415 1767 aliquo

279 1794 446 1874 tempore,
465 1805 534 1854 non
552 1794 662 1854 tamen
680 1787 791 1854 multo.
817 1785 946 1854 Deinde
971 1785 1014 1854 ad
1038 1784 1165 1854 Novam
1185 1783 1367 1850 Civitatem
1384 1780 1412 1845 in

279 1886 474 1972 Lothringia
499 1903 536 1954 se
561 1886 727 1953 transtulit
752 1885 875 1953 anxilio
894 1884 989 1953 dueis
1006 1883 1200 1969 Lotbringie
1211 1935 1221 1971 ,
1241 1888 1278 1948 ot
1298 1880 1414 1948 abirim

281 1985 409 2053 oeenlte
436 2003 497 2074 per
522 1985 619 2052 aliurn
645 1984 732 2052 viam
755 1986 787 2051 in
808 1991 925 2051 terram
944 2001 1038 2051 snam
1056 1988 1109 2051 est
1126 1997 1289 2050 reversus
1301 2033 1311 2069 ‚
1332 1997 1413 2046 nun-

281 2103 378 2172 quam
397 2091 506 2151 tamen
523 2089 559 2151 ut
576 2101 748 2172 speramus
768 2100 973 2150 reversuros.
1005 2083 1208 2169 Episcopum
1225 2097 1314 2146 vero
1335 2078 1413 2144 Tul-

278 2184 408 2252 lensem
426 2182 468 2250 ad
486 2181 686 2250 audientium
704 2181 827 2250 domini
845 2200 930 2270 pape
949 2181 1026 2250 ierit
1044 2181 1187 2249 evocari.
1213 2177 1280 2259 Qui
1300 2179 1336 2246 in
1351 2195 1412 2244 no-

280 2284 366 2349 mine
392 2281 515 2350 domini
542 2280 584 2354 ad
611 2283 732 2348 curiam
763 2281 943 2350 Romanam
973 2283 1033 2348 iter
1065 2279 1214 2368 arripnit,
1243 2284 1280 2345 et
1307 2293 1412 2345 eoram

280 2377 478 2469 rlpostolieo
504 2380 622 2448 audaci
648 2379 755 2448 ironte
780 2399 817 2448 se
836 2380 1080 2468 representavit
1098 2385 1131 2446 et
1149 2396 1186 2445 se
1205 2377 1347 2444 viriliter
1362 2377 1411 2442 le-

280 2485 360 2565 gato
387 2485 420 2546 et
446 2479 517 2547 suis
544 2480 711 2567 opposuit.
751 2479 878 2548 Videns
902 2480 1034 2564 legatus
1059 2476 1233 2546 andaciam
1259 2473 1410 2563 episcopi

279 2579 459 2668 Tullensis,
478 2597 551 2646 oum
569 2578 806 2664 aliquantulum
825 2597 898 2646 oum
914 2596 956 2646 eo
974 2578 1151 2664 litigasset,
1171 2576 1342 2643 actionem
1357 2589 1409 2661 pre

277 2679 377 2746 nimio
395 2677 523 2766 pudore
542 2679 681 2766 remisit,
708 2683 742 2744 et
759 2676 850 2745 siluit
867 2696 940 2745 oum
965 2695 1087 2762 magna
1106 2673 1320 2743 eoninsione.
1347 2670 1408 2739 rir-

279 2777 527 2864 obiepisoopnm
546 2777 643 2844 etiam
659 2775 893 2844 coloniensem
910 2793 978 2844 non
992 2775 1131 2862 impetiit
1145 2791 1246 2860 super
1262 2773 1329 2840 biis
1350 2787 1407 2858 oue

278 2881 531 2963 attemptaverat
565 2882 686 2964 eontra¹
716 2875 877 2963 eundern,
910 2876 986 2961 qnia
1012 2875 1108 2942 scivit
1134 2871 1225 2960 quod
1254 2871 1406 2939 mandato

279 2975 466 3061 apostolico
494 2973 676 3042 seeundum
701 2973 851 3041 traditam
871 2973 934 3042 sibi
952 2975 985 3042 in
1005 2990 1067 3040 sna
1083 2973 1254 3057 legatione
1274 2971 1406 3038 sormam

280 3091 299 3139 a
318 3071 400 3140 sede
418 3071 567 3160 predicta
585 3073 703 3142 inisset
721 3072 857 3141 abusus.
883 3073 924 3140 Et
945 3073 995 3140 sio
1015 3070 1177 3140 eoniusus
1193 3088 1309 3138 eoram
1327 3084 1406 3157 papa

280 3176 314 3238 et
331 3172 401 3239 snis
421 3171 642 3239 cardinalibus
662 3171 840 3258 obmutuit,
866 3178 898 3239 et
916 3171 994 3240 data
1019 3170 1078 3238 init
1094 3171 1230 3238 lieentia
1248 3171 1406 3257 episeopo

280 3270 431 3338 Tullensi
449 3289 521 3340 enm
539 3289 661 3356 magna
677 3269 777 3338 lende
795 3270 838 3338 ad
861 3272 994 3358 propria
1011 3268 1188 3338 remeandi.

198 3389 264 3445 tore
355 3369 398 3438 Et
422 3389 464 3436 ne
484 3369 525 3438 de
543 3369 650 3454 gestis
674 3371 880 3438 invictissimi
903 3369 1027 3438 domini
1042 3367 1173 3438 lindolir
1189 3367 1406 3436 Romanorum

279 3471 371 3554 regis
389 3468 515 3556 aliquid
533 3469 806 3556 pretermittamus
816 3519 825 3556 ,
851 3485 1056 3536 recurramus
1076 3467 1118 3536 ad
1135 3467 1333 3555 prinoipinm
1351 3480 1405 3532 sue

281 3569 454 3637 electionis
482 3567 649 3636 celebrate
676 3567 967 3636 confirmationem.
994 3565 1152 3653 imprimis
1178 3566 1265 3633 enirn
1284 3571 1319 3632 et
1336 3569 1405 3630 ante

280 3669 391 3735 omnia
415 3673 494 3756 post
519 3666 801 3739 confirmationem
827 3683 887 3734 sue
913 3666 1087 3734 electionis
1113 3664 1282 3750 colloquio
1309 3661 1406 3730 voluit

279 3767 346 3854 nti,
366 3767 452 3834 sient
469 3765 598 3853 decuit,
618 3764 741 3832 domini
751 3765 899 3850 Gregorii
918 3782 1005 3854 pape
1024 3763 1151 3832 decimi.
1178 3761 1332 3830 Audiens
1349 3760 1403 3827 hee

281 3862 434 3930 dominus
454 3864 632 3949 Gregorius
652 3862 798 3932 decimus
824 3863 954 3932 obviarn
973 3863 1052 3931 lenit
1070 3882 1112 3931 ex
1131 3863 1183 3930 sni
1201 3861 1403 3930 benevolen-

282 3963 326 4028 tia
351 3961 484 4030 domino
510 3962 652 4031 Rudolio
679 3964 749 4048 regi
775 3962 959 4050 antedicto,
983 3963 1072 4050 apud
1095 3963 1263 4030 eivitetem
1279 3959 1403 4026 Lauso-

282 4077 421 4126 nensem
445 4061 681 4130 contrahentes
711 4068 823 4130 nrntno
851 4079 1004 4146 magnam
1034 4060 1297 4128 tanriliaritetem.
1333 4056 1404 4124 Cum

282 4165 393 4231 antem
418 4157 580 4228 Rndolius
605 4179 663 4228 ren
682 4160 849 4246 colloquio
869 4159 992 4228 domini
1010 4177 1097 4247 pape
1115 4158 1235 4228 inisset
1253 4175 1353 4244 usus,
1376 4159 1404 4220 et

282 4259 416 4326 lieentia
442 4257 484 4324 ab
510 4259 585 4346 ipso
611 4258 745 4326 domino
769 4277 856 4348 papa
873 4259 978 4346 petita
995 4263 1028 4324 et
1043 4257 1200 4348 obtenta,
1220 4256 1262 4329 ad
1279 4253 1405 4345 propriu
