2890 4832
268 166 337 235 aba
613 195 651 239 rx
672 193 839 240 eonrrmno
861 193 1042 243 cononrnnsr.

184 343 251 397 1208
269 332 403 406 cborum
429 333 537 400 sancti
561 330 671 418 Egidii
695 331 905 420 translatum,
930 331 1051 400 ibidem
1069 331 1110 399 ab
1128 331 1247 400 abbate
1264 341 1294 400 et
1308 333 1361 402 ira·
1414 370 1425 425 3¹

265 431 369 500 tribus
395 431 559 519 sepultum
585 436 644 498 est.
678 430 745 498 Sed
763 435 931 499 transacto
956 447 1044 498 anno
1071 448 1145 497 cum
1172 449 1213 499 ex
1237 431 1362 500 iussione

265 531 382 598 summi
407 529 574 616 pontilicis
600 529 807 617 sepulchrum
832 531 1027 618 aperiretur,
1047 537 1083 596 ut
1099 547 1219 617 corpus
1237 534 1364 618 martyris

264 631 298 696 in
322 629 498 696 ecclesiam
527 629 719 695 translatum
742 629 775 694 in
802 627 878 696 loco
908 627 1090 696 decentiori
1116 631 1210 696 iuxta
1243 630 1364 696 tumbam
1414 666 1425 710 a

265 729 373 795 sancti
397 725 507 812 Egidii
529 733 723 815 poneretur,
749 728 795 795 ita
818 745 936 794 recens
962 744 1061 794 carne
1080 732 1113 794 ct
1132 729 1293 813 sanguina
1310 730 1365 795 sim

265 827 376 914 aliqua
398 828 606 914 corruptione
631 827 800 893 inuentum
823 831 888 914 est,
914 843 953 893 ac
972 827 1000 894 si
1018 825 1136 894 ecdem
1154 825 1209 894 dic
1228 825 1272 892 ibi
1288 829 1366 912 posi·
1424 875 1425 909 3

265 931 331 992 tum
350 923 478 992 luisset.
513 926 620 992 Tanta
638 926 742 992 eciam
761 923 830 991 illic
848 923 1033 1009 fragrancia
1060 926 1252 992 suavissimi
1276 925 1368 992 odoris
1424 965 1425 1007 3

265 1025 440 1110 emanavit,
456 1031 493 1091 ut
513 1025 568 1110 qui
582 1029 756 1110 presentes
772 1021 920 1112 aderant,
939 1029 1040 1092 totam
1058 1024 1234 1091 ecclesiam
1257 1023 1368 1110 plenam
1424 1063 1425 1084 r

265 1124 465 1191 aromatibus
483 1140 562 1190 csse
580 1127 741 1210 putarent.
1424 1165 1425 1205 p

339 1218 417 1289 Otto
435 1222 601 1309 palatinus
621 1239 752 1310 comes,
776 1221 966 1288 interfector
991 1221 1129 1310 Pbilippi
1154 1224 1268 1312 regis,
1297 1225 1372 1292 iuria
1424 1261 1425 1305 3

264 1320 450 1390 Danubium
476 1322 510 1387 in
537 1319 678 1407 quadam
706 1321 787 1386 curti
813 1321 1047 1388 monachorum
1071 1321 1112 1388 de
1135 1322 1245 1390 Evcra
1270 1323 1373 1408 latens,

214 1456 217 1459 -
265 1417 421 1488 Heinricc
440 1419 481 1486 de
500 1418 667 1486 llalintbin
684 1417 850 1509 proditus,
870 1425 903 1486 et
920 1438 997 1488 mcx
1014 1439 1032 1486 a
1048 1420 1207 1487 militibus
1230 1422 1301 1487 eins
1321 1422 1374 1488 cir·
1417 1421 1425 1504 'p

266 1525 478 1606 cumvcntnS,
503 1517 681 1586 crudeliter
702 1517 879 1607 scribitur,
906 1525 939 1586 et
963 1523 999 1585 ut
1024 1517 1135 1586 decuit
1158 1519 1260 1604 digna
1287 1525 1375 1584 morte

265 1618 365 1685 vitam
385 1616 497 1684 finivit.

339 1715 421 1783 ltem
445 1716 518 1803 ipso
545 1733 633 1782 anno
660 1717 703 1782 iii.
721 1714 764 1782 id.
783 1715 896 1802 aprilis
922 1715 1020 1782 allate
1040 1721 1116 1782 sunt
1134 1716 1233 1783 nobis
1253 1716 1375 1801 reliquie

267 1815 384 1902 capitis
410 1814 500 1881 beati
518 1814 731 1882 Pantaleonis
749 1815 877 1902 patroni
896 1815 1008 1881 nostri.
1035 1811 1106 1892 Qua
1124 1832 1184 1902 per
1203 1814 1376 1881 Heinricnm
1415 1856 1425 1927 p

267 1912 309 1980 dc
329 1913 467 1981 Ulmenc
485 1911 528 1980 dc
549 1913 839 2000 Constantinopoli
860 1931 932 1980 cnm
949 1913 1025 1979 aliis
1042 1913 1222 1980 innumeris
1245 1913 1378 1998 reliqniis
1415 1934 1425 2000 a

266 2012 442 2101 translate,
462 2019 495 2078 et
514 2011 555 2078 ab
573 2029 613 2079 eo
632 2029 691 2099 per
705 2011 859 2080 domnam
877 2010 1047 2078 ailbertum
1067 2011 1220 2078 abbatem
1233 2011 1281 2078 dc
1299 2011 1378 2078 baca
1418 2003 1419 2029 ³

265 2111 363 2178 nobis
390 2112 601 2199 transmisse,
629 2116 758 2178 etcum
782 2111 921 2177 maxima
947 2110 1161 2178 veneratione
1186 2111 1295 2177 tocius
1313 2110 1379 2176 cleri

267 2215 300 2276 ct
324 2210 439 2297 populi
465 2213 641 2298 suscepte,
667 2209 837 2276 recondite
863 2217 940 2276 sunt
958 2227 1031 2276 cum
1049 2209 1120 2274 aliis
1138 2210 1380 2296 pretiosissimis
1424 2255 1425 2290 ,

266 2307 413 2394 reliquiis
431 2308 464 2373 in
483 2309 592 2395 capite
610 2313 771 2394 argenteo
790 2314 823 2375 et
840 2306 1007 2375 deaurato.
1419 2384 1420 2397 ,

339 2406 438 2473 Anno
460 2405 584 2474 domini
609 2407 778 2474 maurilii.
800 2407 1017 2474 Innocentius
1034 2424 1120 2493 papa
1141 2405 1285 2474 audiens
1303 2407 1380 2494 prin-
1417 2440 1425 2488 ιῚ

266 2504 358 2592 cipes
384 2505 492 2573 tocius
516 2506 642 2593 imperii
663 2502 819 2572 Ottonem
842 2507 876 2572 in
900 2523 1015 2590 ragcm
1033 2506 1196 2593 elegisse,
1224 2511 1259 2571 ct
1280 2522 1378 2572 corum

266 2604 407 2672 consilio
440 2604 577 2692 Philippi
610 2605 699 2689 regis
731 2603 829 2671 filiam
860 2605 1010 2690 quamvis
1044 2602 1380 2686 consanguinitatem
1424 2683 1425 2686 Ἴ

265 2703 409 2771 iunctam
426 2709 560 2791 propter
581 2703 704 2770 bonum
724 2703 817 2790 pacis
832 2709 865 2769 ct
881 2701 1059 2771 concordie
1073 2702 1118 2768 illi
1132 2703 1165 2768 in
1183 2703 1377 2768 matrimonio
1424 2745 1425 2788 3

267 2803 439 2890 sociasse,
457 2803 572 2869 iterum
592 2800 801 2888 supradictos
830 2801 1034 2890 cardinales,
1060 2801 1192 2868 scilicet
1214 2798 1377 2886 Hugonen
1424 2865 1425 2876 ,

266 2897 457 2967 Ostiensem
474 2902 669 2988 episcopum
687 2905 721 2967 ct
734 2899 897 2988 Leonem,
916 2901 949 2966 in
967 2897 1194 2966 alemanniam
1215 2897 1259 2964 ad
1280 2915 1376 2983 regen
1424 2947 1425 2984 ,

267 3003 300 3065 et
328 2999 495 3085 principes
520 3000 624 3087 misit,
649 3009 682 3065 ct
705 2997 795 3086 quod
825 2997 947 3064 lactum
975 2997 1080 3066 luerat
1104 2998 1301 3064 auctoritate
1326 3014 1377 3062 sua

265 3095 478 3164 confirmarit.
505 3095 567 3176 Qui
585 3097 688 3164 eciam
708 3095 857 3182 singulas
877 3097 1027 3164 civitates
1046 3102 1110 3162 tam
1127 3096 1275 3162 Saxonie
1293 3111 1377 3181 quarn

264 3193 459 3263 Alemannic
478 3196 671 3284 visitantes,
690 3201 724 3262 et
739 3196 902 3263 iusticiam
920 3193 1065 3280 undiquc
1084 3195 1240 3262 eeclesiis
1258 3193 1376 3260 lacien-

265 3298 326 3383 tcs,
345 3298 423 3381 post
440 3294 565 3380 pascba
576 3289 681 3382 [marn
696 3291 760 3383 29]
780 3294 951 3362 Coloniam
967 3299 1138 3361 venerunt.
1161 3291 1225 3360 Ubi
1242 3311 1261 3359 a
1280 3292 1378 3359 Tbeo-

225 3458 229 3466 .
266 3392 379 3460 derico
407 3391 599 3460 Coloniensi
624 3393 822 3460 archiclccto
850 3399 883 3460 ct
905 3393 1061 3460 universo
1086 3391 1175 3459 clerc
1193 3409 1267 3458 cnm
1284 3390 1377 3475 gloria

266 3493 414 3580 suscepti
441 3499 474 3558 et
500 3508 621 3576 magno
641 3491 766 3559 bonore
788 3510 846 3579 per
864 3491 936 3558 dies
955 3489 1143 3578 quindecim
1161 3495 1240 3558 sunt
1258 3488 1378 3556 detenti.

340 3589 566 3658 Theodericus
583 3590 682 3674 igitur
699 3589 909 3658 Coloniensis
921 3591 1049 3657 electus
1062 3589 1203 3656 sabbato
1215 3593 1293 3675 post
1304 3604 1377 3674 pan-

265 3694 419 3756 tecostcn
446 3685 527 3778 [mai
555 3685 620 3779 23]
653 3707 672 3756 a
697 3689 903 3756 Theoderico
931 3689 1136 3758 Traicetcnsi
1167 3689 1324 3775 episeopo
1348 3685 1375 3748 in

265 3787 492 3872 presbyterum
515 3785 702 3874 ordinatur,
722 3794 755 3854 et
772 3789 926 3874 sequenti
945 3787 1125 3875 dominica,
1150 3785 1184 3853 id
1202 3791 1256 3853 est
1273 3789 1376 3852 oetam

265 3890 499 3974 pentecostes,
519 3905 538 3952 a
557 3885 687 3954 Goardo
705 3885 904 3954 Laodicensi
923 3887 1069 3953 antistite
1088 3884 1298 3972 presentibus
1315 3879 1375 3949 sul·

266 3981 434 4066 fragancis
454 3985 523 4050 suis
541 3985 574 4050 in
593 3983 879 4072 archiepiscopum
898 3990 1120 4052 consecratur.

339 4080 417 4167 lpso
446 4081 605 4167 siquidem
633 4101 722 4150 anno
749 4083 854 4150 abbas
878 4084 1110 4153 cisterciensis
1128 4087 1164 4150 ct
1180 4081 1236 4148 alii
1251 4079 1377 4147 abbates

268 4178 416 4246 ciusdem
444 4179 569 4246 ordinis
592 4182 710 4249 iterum
735 4201 754 4249 a
779 4201 866 4270 papa
890 4183 922 4249 in
948 4182 1152 4250 Prouinciam
1177 4174 1380 4254 convertendi
