2886 4834
396 270 557 318 cuaomcou
579 271 789 319 conuenisse.
1107 247 1152 316 53

41 427 92 480 nort
107 409 273 496 clifforont,
296 411 375 495 poio
397 413 506 477 terroe
530 410 618 478 olios
641 413 770 495 oportet
789 427 861 478 eom
884 410 1239 482 commendatarum

41 510 118 578 biulti
136 508 197 576 sibi
216 508 304 576 bona
323 510 562 598 promiserunt,
583 508 644 576 sed
661 510 794 577 solvere
814 510 943 578 minime
967 517 1154 598 potuerunt.

41 608 96 677 Rex
111 614 228 675 terram
246 625 339 675 suam
358 625 430 674 cum
448 610 562 695 paucis
582 609 694 697 exivit,
713 608 775 678 sed
793 607 836 676 dc
854 607 908 676 die
925 611 959 676 iu
975 608 1060 677 diem
1079 611 1155 698 plu-

42 725 82 774 res
97 707 213 774 milites
229 707 417 793 acquisivit.
438 705 517 774 Cum
538 713 648 775 autern
666 706 873 793 Magantiam
891 709 1054 797 venisset,
1073 707 1157 778 dixit

42 805 73 874 ad
88 823 156 874 eum
174 803 328 873 dominus
347 804 389 872 de
409 804 559 892 Clingin:
577 806 731 887 Donrine,
756 805 829 891 pois
852 809 903 872 erl
925 810 1036 874 amtor
1057 809 1157 876 vestri

41 905 189 972 tbtsomi?
205 902 393 993 Respondit
411 921 484 972 rex:
502 904 577 974 Nom
592 903 698 972 dobeo
712 903 897 972 tbeaoorom
912 920 973 972 nee
981 907 1157 991 poeumom

41 1021 119 1090 prom
139 1003 280 1088 pmnqoo
302 1004 426 1071 solidos
448 1002 551 1071 debile
574 1008 709 1072 ntonele.
742 1003 825 1073 Tum
851 1002 931 1072 dnm
951 1005 982 1072 ei
1001 1003 1155 1074 domiuus

42 1103 72 1168 de
88 1100 230 1187 Clingin:
260 1101 430 1188 Quomodo
445 1119 524 1188 erpo
539 1102 635 1170 voltis
649 1105 758 1170 oestro
775 1103 935 1170 coercibri
956 1103 1157 1188 providero?

42 1201 116 1268 lunc
132 1199 309 1288 respondit
327 1202 358 1268 ei
376 1219 452 1268 rex:
477 1199 569 1269 Siout
589 1199 664 1268 mibi
679 1201 838 1270 Domum
861 1217 990 1285 sempor
1001 1203 1155 1286 procidit,

9 1369 10 1372 ,
41 1302 77 1366 ab
89 1302 117 1365 el
130 1301 163 1366 io
177 1297 242 1366 boc
262 1300 377 1367 itinere
396 1297 472 1366 olibi
487 1299 647 1367 Dominus
658 1300 971 1386 potorilprooidere.
997 1299 1157 1371 Letauler

42 1418 84 1466 rex
97 1399 260 1486 processit
278 1406 312 1466 et
332 1400 367 1465 iu
384 1404 531 1466 extrema
551 1415 685 1487 semper
706 1399 813 1466 extitit
831 1403 1036 1488 paupertate.
1070 1399 1155 1468 Pro·
1269 1481 1272 1486 ¹

43 1497 123 1564 cessit
139 1499 212 1565 siue
232 1496 506 1581 contradictione,
525 1503 558 1565 et
576 1515 617 1565 ea
636 1515 701 1585 que
716 1497 915 1586 spectabant
927 1495 970 1565 ad
983 1498 1155 1586 imperium

43 1595 88 1662 sibi
104 1612 138 1662 se
155 1596 345 1664 voluntarie
364 1595 576 1665 tradiderunt.
604 1594 750 1664 Casleba
765 1597 965 1665 munitiones
983 1595 1055 1664 fora
1068 1614 1155 1684 quc·

43 1712 220 1781 rumcunque
240 1692 377 1786 luerint,
398 1713 462 1782 que
481 1713 518 1763 se
539 1693 719 1764 defendere
738 1712 806 1764 non
824 1701 1019 1785 potuerunt,
1039 1694 1155 1764 ditioni

45 1810 88 1859 sue
104 1810 138 1860 se
154 1793 344 1862 voluntarie
363 1791 576 1862 tradiderunt.

97 1889 162 1959 Rex
177 1898 291 1960 autem
305 1893 463 1976 Bcbemie
477 1910 546 1960 nom
561 1891 720 1961 credebat
734 1890 825 1980 qucd
840 1909 900 1960 rex
913 1890 1075 1962 Rudclius
1088 1912 1154 1962 au-

44 1989 115 2057 deret
129 1991 180 2058 vei
195 1999 319 2080 posset
335 1994 407 2059 sine
424 1983 689 2060 contradictione
699 1997 804 2059 terras
818 1988 950 2060 bustric
968 1991 1153 2060 devastare.

44 2090 68 2154 Si
82 2089 156 2156 enim
183 2107 245 2158 rex
270 2091 428 2159 Bobemie
452 2089 629 2159 adventum
648 2091 739 2176 regis
752 2089 973 2160 Romanorum
991 2091 1160 2174 veraciter

44 2189 197 2278 limuisset,
211 2197 338 2277 pontes
360 2207 535 2280 aquarum,
555 2188 747 2257 altitudines
762 2189 889 2257 viarum
906 2187 1060 2258 facillime
1080 2207 1153 2258 cum

44 2287 133 2371 paucis
153 2287 343 2357 bominibus
366 2289 609 2378 conclusisset,
637 2305 703 2375 quc
722 2287 901 2356 adventum
927 2289 1017 2374 regis
1034 2287 1153 2357 diutis-

45 2384 106 2450 sime
122 2385 315 2456 distulisset.
344 2387 423 2456 Cum
443 2393 552 2456 autem
567 2406 625 2456 rex
640 2385 862 2455 Romanorum
884 2385 926 2455 ad
945 2385 1063 2456 ducem
1082 2388 1153 2456 Ba·

45 2483 127 2572 varie‚
146 2483 319 2554 filiastrum
335 2504 446 2577 suum,
467 2487 697 2575 pervenisset,
714 2486 755 2553 ab
771 2501 812 2554 ec
828 2491 1020 2554 reverenter
1037 2488 1153 2554 susci-

46 2581 110 2666 pitur
125 2587 156 2650 et
180 2583 211 2652 ei
229 2586 370 2672 suisque
386 2587 580 2654 necessaria
602 2583 810 2654 abundanter
829 2591 863 2652 ct
878 2583 1063 2654 voluntarie
1086 2586 1152 2652 mi-

46 2680 203 2750 nistrantur.
231 2682 426 2770 Composuit
452 2685 556 2752 eciam
577 2701 637 2752 rex
662 2681 883 2752 Romanarum
910 2701 982 2750 cum
1007 2681 1152 2752 dominis

47 2776 177 2871 diversis,
200 2788 238 2849 ut
260 2783 406 2870 ipsorum
431 2783 658 2872 permitterent
682 2787 788 2849 terras
814 2781 916 2849 iibere
939 2783 1151 2869 pertransire.

10 2955 11 2960 Ἰ
47 2873 105 2942 Cum
129 2878 188 2946 bec
213 2879 259 2948 ad
283 2899 381 2948 aures
407 2882 498 2967 regis
517 2881 750 2969 pervenissent
766 2879 924 2948 Bcbcmie
940 2879 1046 2948 doluit
1062 2881 1151 2948 mui-

48 2979 107 3064 tum,
124 2985 397 3067 ccugregatoquc
414 2981 561 3048 exercitu
575 2980 665 3047 venit
678 2977 721 3046 ad
739 2995 852 3066 regam
867 2979 1029 3047 Teutcuie
1045 2995 1151 3068 prope

48 3070 193 3143 iliennam
210 3085 249 3146 ut
270 3096 344 3146 eum
362 3078 402 3146 de
420 3080 491 3146 suis
506 3077 626 3146 linibus
641 3079 828 3172 extirparet.
857 3077 925 3146 Sed
947 3096 1014 3146 non
1031 3079 1150 3168 potuit,

48 3173 103 3255 quia
122 3177 207 3262 regis
234 3177 393 3245 Bohemie
414 3177 633 3264 congregatio
654 3193 696 3244 ex
715 3194 781 3244 una
798 3181 892 3264 parte
915 3175 1057 3244 Danubii
1077 3195 1151 3244 mc-

49 3268 164 3363 abatur,
180 3276 272 3361 regis
290 3281 397 3344 autem
415 3275 580 3344 exercilus
595 3273 816 3344 Romanorum
834 3293 876 3343 ex
893 3273 958 3342 alia
975 3281 1069 3364 parte
1080 3274 1150 3342 Da-

49 3367 114 3435 nubii
132 3375 300 3460 requievit.

100 3465 161 3538 Rex
175 3471 335 3540 Bcbcmie
346 3471 445 3541 lolam
462 3491 554 3542 suam
571 3471 721 3541 induciam
736 3473 769 3540 in
784 3473 1022 3558 civitatemque
1033 3471 1148 3538 Nucu-

49 3559 107 3631 burc
130 3567 245 3640 dicitur
275 3577 452 3662 posuerat,
485 3589 526 3640 eo
557 3569 648 3659 quod
670 3571 940 3660 inexpugnabilis
971 3569 1147 3637 videretur.

51 3659 179 3736 listenim
200 3670 319 3738 civitas
339 3671 373 3737 iu
391 3676 503 3739 moute
524 3671 648 3760 posita,
667 3669 740 3737 sorti
763 3687 854 3738 muro
877 3668 1016 3736 turribus
1036 3669 1147 3737 mullis

52 3761 226 3834 circumdata.
253 3767 291 3836 ln
309 3769 394 3836 hanc
409 3771 495 3836 cuim
515 3769 682 3837 Bobemos
699 3769 820 3836 multos
835 3767 877 3836 ad
895 3766 1147 3836 custodiendam

53 3858 169 3953 miserat,
197 3867 313 3954 eisque
341 3867 495 3935 victualia
517 3867 656 3956 piurima
681 3867 894 3934 ministrabat.
929 3863 1148 3934 Ordinaverat

54 3960 146 4049 elren,
169 3969 204 4030 ut
219 3965 248 4032 si
265 3965 411 4034 Wienua
428 3967 544 4034 civitas
565 3968 813 4054 impugnaretur
834 3983 853 4034 a
872 3983 953 4051 rego
975 3963 1147 4033 Romano-

54 4061 220 4146 umqum
241 4065 358 4132 civitas
379 4063 558 4133 Nueuburc
581 4065 612 4132 ei
638 4065 674 4132 in
699 4063 851 4133 omnibus
870 4065 1064 4132 necessaria
1080 4064 1147 4132 mi-

55 4151 187 4246 nistrarem
203 4162 231 4229 si
246 4164 336 4232 cives
350 4163 578 4232 Wiennenses
592 4181 630 4232 se
646 4161 814 4232 truderent
828 4164 899 4250 regi
914 4161 1147 4250 Romanorum,

56 4251 120 4331 bucd
141 4274 193 4326 rex
211 4277 270 4330 ecs
296 4279 356 4351 per
378 4261 545 4332 civitatem
564 4261 741 4332 Nueuburc
759 4264 913 4330 alrociler
927 4261 1144 4348 impugnaret.
