2884 4834
422 245 550 292 trancas
571 243 808 292 wonrrarrmsrrs.
1114 221 1184 290 tto

12 361 14 404 *
65 385 143 454 ducti
161 387 409 456 consantiemnt
427 386 513 474 regi,
542 389 575 456 et
593 385 784 452 iuraverunt
805 382 848 451 ad
870 399 1000 454 omnem
1022 387 1093 458 eius
1115 406 1181 456 vo·
1203 401 1269 458 rasa

62 486 219 553 luntatem.

127 583 255 652 videns
273 584 386 671 itaque
410 600 468 652 rex
494 581 585 670 quod
608 581 719 650 nullos
744 580 882 650 liaberet
906 581 969 650 sibi
988 583 1185 653 resistentes

62 684 88 750 in
103 681 167 750 hiis
184 682 333 771 partibus
353 689 386 750 et
401 683 435 750 in
453 682 519 750 hoc
535 682 681 767 negocio
700 681 764 750 nisi
782 680 888 748 solam
902 682 1067 750 civitatem
1082 681 1185 751 Wor·

61 783 272 871 nonensem,
290 782 393 850 iratus
411 788 445 850 et
463 787 647 850 commotus
666 786 719 848 est
737 797 836 868 supra
854 779 997 848 modum.
1031 781 1125 849 Misit
1142 783 1184 851 ad

62 897 114 948 eos
132 881 255 950 multos
273 881 404 950 nobiles
428 881 590 969 nuncios,
617 884 651 946 et
675 879 779 948 eciam
805 877 973 946 dominum
991 881 1184 969 episcopum

61 978 337 1048 wormaciensem
355 981 487 1047 nomine
504 976 713 1067 Landolium,
729 979 785 1065 qui
803 977 923 1046 eodem
941 995 1029 1046 anno
1050 975 1184 1072 [test]

61 1085 131 1166 post
149 1079 275 1148 obitum
293 1078 417 1147 domini
434 1077 567 1146 Henrici
587 1078 737 1165 episcopi
760 1077 794 1144 in
821 1077 937 1163 quinta
962 1075 1016 1145 die
1038 1077 1184 1147 octobris

61 1177 179 1246 electus
199 1177 261 1246 luit
277 1179 311 1245 in
329 1179 533 1266 episcopum.
560 1174 623 1258 Qui
641 1176 746 1243 eciam
763 1175 897 1243 multum
923 1175 1087 1244 laboravit
1111 1195 1184 1246 cum

59 1277 179 1346 civibus
197 1283 236 1346 ut
251 1277 408 1346 voluntas
427 1277 516 1363 regis
534 1275 769 1344 admitteretur.
795 1274 837 1342 Et
852 1275 886 1342 iu
904 1273 969 1343 hoo
986 1275 1087 1343 nichil
1105 1295 1184 1364 pro-

60 1374 129 1444 iecit
147 1377 228 1464 quia
251 1393 271 1444 a
297 1375 431 1444 domino
457 1377 657 1464 imperatore
683 1391 744 1442 eos
767 1389 866 1441 nemo
893 1391 1049 1461 separare
1067 1377 1183 1462 potuit.

58 1474 121 1543 aex
144 1495 227 1544 vero
252 1476 317 1544 lroc
342 1463 669 1562 videns'inlremuit,
695 1471 880 1541 excludens
913 1475 1003 1541 cives
1028 1473 1184 1542 Worma-

60 1575 187 1643 cieuses
211 1593 231 1644 a
254 1576 360 1661 gratia
385 1574 508 1664 ipsius,
539 1573 722 1641 licencians
749 1571 903 1638 omnibus
928 1572 978 1639 eis
1003 1589 1125 1641 nocere
1151 1575 1184 1641 in

59 1673 150 1742 rebus
179 1680 214 1742 et
239 1675 407 1762 personis.
437 1671 569 1741 invarlit
591 1673 730 1758 insuper
755 1687 815 1738 cos
842 1687 916 1738 oum
941 1670 1094 1740 omnibus
1113 1674 1184 1741 suis

61 1774 169 1860 spoliis
192 1771 358 1842 incendiis
377 1778 410 1840 et
427 1773 560 1860 rapinis
597 1770 669 1838 Hoc
687 1770 773 1838 enim
792 1775 825 1836 ct
842 1769 905 1836 hiis
925 1770 1072 1837 similiter
1096 1789 1184 1858 pue-

60 1889 184 1960 crmque
218 1873 327 1961 potuit
350 1871 437 1939 mala
466 1872 549 1959 ipsis
576 1868 695 1938 inierre
729 1869 807 1936 totis
841 1867 964 1936 viribus
992 1869 1183 1938 conabatur.

61 1969 122 2040 iliis
140 1989 223 2041 vero
242 1971 444 2060 temporibus
462 1969 572 2038 nullus
598 1969 718 2036 civium
744 1985 846 2036 ausus
873 1965 934 2035 luit
957 1967 1072 2052 egredi
1099 1970 1183 2036 civi·

60 2073 170 2161 tatem,
208 2073 413 2138 sustinentes
440 2068 559 2158 dampo
577 2085 698 2154 magna
726 2071 758 2134 et
783 2064 1034 2134 innumerabilia
1051 2073 1185 2156 propter

60 2167 219 2237 lominum
238 2170 482 2258 imperatorem,
508 2168 711 2237 sustinentes
738 2165 844 2233 eciam
868 2181 1036 2252 expensus
1063 2167 1183 2235 multas

59 2267 86 2334 in
111 2269 208 2356 equis
234 2270 331 2336 armis
359 2273 391 2336 et
420 2267 599 2354 sagittariis
608 2318 618 2355 ‚
645 2264 879 2351 unusquisque
915 2263 1032 2330 civium
1064 2270 1182 2334 tenens

58 2383 109 2453 pro
128 2385 245 2458 posse,
263 2373 297 2435 et
313 2368 416 2436 eciam
435 2365 500 2434 deo
518 2371 604 2434 toste
621 2364 705 2432 ultra
723 2379 836 2452 posse.
862 2360 1022 2443 Quamvis
1041 2365 1128 2432 enim
1149 2365 1182 2432 in

59 2466 206 2535 omnibus
230 2467 294 2534 hiis
318 2465 430 2535 aillicti
453 2470 487 2534 et
508 2463 748 2552 dampnificati,
784 2468 934 2529 tamena
964 2479 1025 2530 sua
1052 2462 1116 2531 lide
1140 2463 1183 2531 ad

58 2566 197 2634 valorem
220 2564 296 2632 labe
311 2582 480 2652 nunquam
496 2564 756 2632 declinaverunt.

127 2663 206 2733 Cum
226 2665 313 2732 enim
330 2683 389 2733 rex
409 2683 469 2753 par
485 2664 545 2731 iras
557 2679 664 2752 penas
683 2675 823 2745 magnas
839 2658 931 2726 cives
946 2657 1181 2725 Wormacicn-

59 2779 111 2832 ses
132 2765 266 2832 vincere
289 2769 507 2852 nonpossint,
528 2762 636 2830 statim
662 2764 742 2849 post
760 2757 888 2846 pascha
918 2753 1004 2846 [apr.
1026 2752 1066 2845 8]
1092 2772 1181 2824 anno

60 2881 258 2931 mccxxmv.
268 2915 277 2953 ,
296 2862 491 2932 convocatis
509 2859 661 2928 omnihus
681 2858 752 2926 suis
771 2854 956 2924 fautoribus
982 2853 1182 2941 inpartibus

59 2961 137 3053 istis,
160 2962 262 3029 venit.
301 2961 342 3030 Et
373 2965 603 3030 convenerunt
631 2956 719 3046 apud
745 2952 962 3044 Oppenheim.
1000 2953 1041 3022 Et
1069 2953 1103 3020 in
1127 2952 1181 3021 die
1214 3027 1215 3031 Ἴ

60 3061 160 3128 sancti
178 3060 281 3130 Marci
298 3060 519 3147 ewangeliste
540 3055 624 3149 [npr.
641 3054 705 3147 25]
731 3055 865 3123 mittens
883 3071 943 3122 eos
961 3051 1181 3122 Wormaciam

59 3176 125 3250 cum
144 3161 292 3248 quinqua
316 3159 403 3227 mille
430 3159 563 3228 armatis
586 3163 619 3225 ct
634 3153 793 3244 pluribus.
819 3149 882 3232 Qui
902 3153 1078 3220 venientes
1101 3151 1182 3220 hora

59 3259 153 3344 prima
175 3259 331 3327 volentes
354 3258 479 3327 civitati
500 3273 641 3344 nocero,
669 3252 761 3342 quod
783 3250 963 3340 adimplere
989 3267 1056 3318 non
1078 3256 1181 3338 pote-

59 3363 140 3444 rant3
156 3357 219 3426 sed
238 3363 348 3426 tamen
364 3358 398 3426 in
412 3355 569 3426 suburbio
583 3354 725 3424 civitatis
741 3350 830 3439 quod
841 3349 959 3419 dicitur
972 3348 1014 3417 ad
1029 3354 1180 3416 sanctum

60 3454 249 3524 Michaelem
276 3457 408 3544 triginta
432 3455 551 3524 domos
574 3453 628 3522 vel
647 3453 749 3541 paulo
771 3451 885 3538 plures
912 3447 1180 3516 combusserunt.

59 3551 227 3624 noivibus
251 3573 334 3624 voro
357 3555 467 3624 taliter
488 3555 595 3622 coacti
617 3551 748 3637 sagittis
769 3555 802 3618 et
826 3547 949 3636 pugnis
971 3547 1078 3614 statim
1099 3544 1180 3613 hora

61 3661 148 3723 sexta
162 3656 305 3723 rerversi
319 3661 398 3724 sunt
414 3651 619 3743 Oppenheim
642 3649 685 3718 ad
703 3667 798 3718 suum
812 3663 935 3732 regem.
976 3645 1050 3712 Erat
1071 3649 1182 3712 autem

60 3752 137 3821 inter
161 3771 223 3823 eos
240 3753 426 3822 Fridericus
448 3769 562 3822 comes
585 3749 627 3819 de
648 3749 814 3834 Liningen
835 3752 869 3814 et
886 3743 1046 3812 Silvester
1066 3759 1181 3811 comes

61 3857 89 3918 el
109 3853 163 3920 alii
184 3853 276 3920 multi
295 3853 434 3922 comitas
458 3857 491 3920 et
513 3849 645 3920 nobiles
675 3865 813 3936 quorum
836 3843 937 3930 aliqui
960 3843 1089 3910 interim
1107 3859 1180 3910 cum

61 3951 178 4020 civibus
193 3956 454 4041 composuemnt
475 3947 772 4039 competitionibus
790 3961 888 4034 quam
908 3941 1011 4009 eciam
1027 3939 1181 4009 denariis.

123 4048 222 4120 Anno
243 4050 367 4120 domini
387 4049 544 4119 mccxli.
565 4050 828 4136 supervenerunt
843 4058 964 4127 magna
987 4045 1021 4108 ct
1037 4039 1180 4108 horribi-

59 4146 96 4218 lia
115 4151 210 4239 mala,
233 4149 391 4220 videlicet
408 4147 499 4237 quod
514 4146 739 4233 congregacio
763 4143 973 4210 Tartarorum
990 4139 1180 4208 innumera-

61 4244 125 4316 bilis
147 4254 181 4317 at
203 4248 475 4338 inexpugnabilis
500 4250 654 4334 potenter
674 4243 825 4311 transivit
844 4255 904 4328 per
926 4235 1122 4400 lingonum,
1149 4239 1182 4302 et

924 4348 936 4400 t
