2878 4834
269 157 341 228 280
619 185 756 234 caman
778 186 843 234 cur.
862 185 928 234 aar.
950 187 1049 235 conon.

269 323 515 414 depositionem
548 321 695 412 Adelphi
719 331 877 414 presente
908 322 1032 395 Ottone
1062 343 1144 413 rege
1175 331 1229 394 est
1260 325 1382 419 elautus,
1428 335 1429 350 ²

268 425 407 511 eiusque
426 423 533 509 gratia
548 423 651 510 pallio
670 425 766 492 eitius
786 422 937 492 donatur.
970 425 1046 494 Nou
1069 425 1172 493 nuulto
1191 430 1269 513 post
1284 425 1324 493 ad
1339 428 1381 494 in·

268 523 424 590 stantiam
441 521 564 589 domini
581 518 726 610 Adolphi
735 575 745 612 ,
764 539 896 591 neonon
914 529 948 592 et
971 525 1114 593 omniun
1132 541 1222 612 pene
1240 523 1381 592 nobilium

267 619 415 690 dioensis
427 619 651 711 coloniensis,
668 621 836 709 Philippus
855 640 913 690 rex
932 629 1139 709 congregato
1158 623 1305 690 exeroilu
1322 641 1382 690 uun

266 720 432 787 uniuersis
455 719 660 807 principibus
678 738 766 809 pene
784 717 980 789 Alemannie
999 720 1170 790 Coloniam
1188 719 1335 810 obsedit,
1356 729 1383 789 et

266 823 346 907 post
374 834 504 906 paueos
530 817 603 885 dies
629 836 703 887 oum
728 820 824 905 gravi
847 819 969 888 damno
1000 826 1033 888 et
1057 819 1225 888 dedecore
1251 823 1382 888 reoessit.

157 972 159 976 .
267 913 367 984 Anno
393 918 547 1003 sequenti
570 917 687 984 iterunu
713 935 787 986 eun
814 921 961 986 exercitu
985 918 1117 987 rediens
1137 919 1323 986 Brunonan
1339 937 1382 986 au·

268 1014 517 1103 olriopisoopum
540 1032 615 1082 oum
638 1012 761 1084 Ottone
784 1034 866 1102 rege
884 1019 956 1086 ¹sibi
983 1023 1211 1086 oecurrenteun
1238 1017 1273 1084 in
1290 1024 1382 1086 oestro

267 1113 501 1199 Wassenberg
535 1111 613 1182 dolo
638 1115 742 1204 cepit,
773 1116 982 1204 vinculisque
1009 1117 1164 1185 iuieetum
1196 1133 1311 1183 seoun
1332 1115 1383 1182 alu-

268 1211 378 1302 duxit,
411 1217 444 1280 et
471 1209 627 1282 Ottonem
657 1231 772 1299 regern
798 1231 871 1282 euru
899 1232 962 1283 suo
991 1217 1137 1283 exercitu
1166 1213 1303 1299 fugavit.
1335 1213 1384 1294 Qui
1429 1265 1430 1268 ,

267 1310 378 1378 Bruno
404 1309 523 1378 eodem
551 1329 658 1402 anno,
683 1312 833 1401 Philippo
852 1314 984 1403 eooiso,
1009 1312 1187 1382 adsedem
1209 1330 1303 1380 suurn
1325 1330 1385 1380 cun

267 1409 376 1495 gloria
394 1425 515 1495 magna
535 1427 690 1478 reversus
712 1417 783 1500 est,
803 1417 836 1479 et
856 1418 945 1500 post.
959 1429 1088 1500 pauoos
1112 1411 1185 1479 dies
1213 1409 1385 1500 deiuuotus,

268 1507 397 1575 soilioet
413 1508 459 1574 iiii
477 1525 584 1576 nonas
602 1508 792 1578 novembris
813 1505 927 1599 [1208
938 1507 1075 1602 nov.2].
1093 1510 1130 1578 ln
1147 1511 1299 1598 prouirno
1313 1509 1386 1578 iesto

268 1606 375 1674 seneli
401 1606 535 1672 Martini
557 1625 615 1676 rex
633 1604 713 1676 Otto
739 1609 772 1674 in
791 1609 933 1676 solemni
952 1609 1042 1676 ouria
1059 1606 1287 1698 Franluiniort,
1306 1627 1387 1696 quau

268 1703 422 1773 dominus
450 1704 561 1773 Bruno
586 1706 790 1794 principibus
816 1706 1071 1798 designaverat,
1101 1709 1135 1775 in
1153 1725 1261 1794 regno
1280 1707 1386 1775 eonn-

268 1810 374 1871 rnatus
394 1807 456 1894 est,
475 1805 509 1871 in
528 1823 593 1891 qua
611 1806 745 1872 multum
762 1805 897 1874 honoris
912 1809 1058 1874 accessit
1077 1806 1273 1876 Coloniensi
1291 1806 1387 1873 ecolo-

269 1903 330 1970 sio.
356 1901 439 1970 Nan
464 1919 537 1970 eunu
563 1903 733 1993 Philippus
758 1903 826 1972 dux
852 1905 894 1972 ab
918 1905 1071 1973 omnibus
1094 1922 1181 1993 pene
1198 1904 1388 1993 principibus
1429 1959 1430 1962 ,

268 2001 364 2087 regni
391 2001 512 2069 luisset
537 2002 664 2070 electus
688 2009 722 2070 et
744 2003 778 2070 in
803 2003 948 2072 eoelesia
965 2003 1219 2090 llloguutinensi
1236 2005 1272 2070 in
1290 2021 1389 2089 regen

269 2105 390 2168 uuotus
415 2106 515 2188 atque
541 2107 741 2192 euronotus,
768 2108 804 2170 ut
825 2120 899 2170 eurn
923 2103 1017 2170 solus
1037 2094 1194 2189 eligeret¹
1214 2102 1389 2190 arehiepis-

269 2215 376 2286 eopus
399 2195 593 2287 Adelphus,
620 2201 796 2288 oportebat
820 2209 857 2269 ut
881 2202 992 2270 onrnia
1016 2206 1236 2270 cassarentur.
1270 2201 1311 2268 lit
1326 2218 1388 2267 eun

270 2314 289 2364 e
304 2313 467 2365 converso
479 2300 630 2366 eomiteuu
641 2297 796 2368 Ottonem
813 2300 906 2368 solus
921 2318 1008 2390 pene
1023 2318 1065 2369 ex
1081 2298 1388 2388 prinoipibusAdol-

269 2394 356 2484 plus
376 2395 551 2487 elegisset,
571 2415 639 2466 non
658 2405 710 2466 est
728 2400 800 2466 eius
819 2399 938 2467 eleotio
961 2400 995 2467 in
1012 2396 1223 2466 Franlriniort
1240 2417 1261 2465 a
1277 2399 1388 2486 prinoi-

268 2492 366 2582 pibus
386 2495 441 2582 qui
459 2495 536 2562 illue
555 2503 781 2565 oonvenerant
803 2503 937 2566 oassata
955 2501 987 2566 et
1005 2497 1200 2586 approbata.
1228 2496 1321 2564 Sedit
1335 2515 1387 2564 au-

268 2598 335 2660 tern
353 2592 464 2662 Bruno
491 2594 553 2662 sub
578 2595 727 2685 Philippo
746 2602 780 2665 et
797 2593 919 2666 Ottone
938 2598 1034 2665 annis
1052 2596 1157 2664 tribus
1176 2601 1210 2662 et
1226 2595 1386 2664 mensibus
1430 2627 1431 2654 1

270 2697 420 2779 quatuor.
447 2692 605 2782 Sepultus
625 2697 728 2762 estin
746 2694 891 2766 eoelesia
908 2697 1015 2764 saneti
1032 2695 1128 2763 Petri.

342 2790 431 2858 xlvii.
451 2791 857 2862 Suecessitlheoderieus
872 2800 1061 2862 sanatorum
1075 2791 1313 2881 Apostolorum
1323 2810 1388 2881 pre-

267 2890 409 2976 positus
436 2889 541 2958 Huius
567 2891 724 2960 electioni
747 2911 806 2960 reu
825 2889 903 2961 Otto
925 2891 1085 2981 interluit,
1105 2909 1247 2978 eumque
1266 2909 1387 2979 proruo-
1430 2947 1431 2950 ,

267 2987 324 3055 uit.
351 2984 473 3056 Ottone
491 3007 571 3058 vero
589 2989 631 3056 ab
649 2991 844 3059 lnnooentio
869 3009 956 3080 papa
973 2993 1007 3058 in
1024 2993 1256 3079 imperatorem
1274 3005 1386 3057 uouso-

269 3090 378 3173 erato,
406 3104 479 3153 ourn
504 3106 626 3174 graves
651 3091 737 3158 inter
763 3106 823 3157 eos
848 3096 920 3157 orte
947 3095 1063 3157 essent
1080 3089 1248 3156 ininuioitie
1266 3094 1387 3176 propter

269 3185 499 3252 retraotioneuu
522 3192 607 3254 terre
634 3187 766 3256 dornine
785 3187 971 3278 ltletiuildis,
991 3194 1025 3256 et
1042 3187 1270 3256 Theodericus
1289 3184 1387 3254 Ottoui
1430 3239 1431 3280 3

269 3279 396 3350 laverat
414 3289 513 3371 atque
532 3287 716 3376 assisteret,
735 3305 755 3354 a
773 3285 894 3354 Siirido
912 3285 1111 3374 lioguntino
1131 3285 1384 3374 archiepiscope,

269 3381 322 3448 eui
339 3381 440 3468 plena
457 3389 609 3471 potestas
628 3385 807 3471 legationis
826 3385 869 3453 ad
887 3383 1020 3454 Ottonis
1043 3384 1265 3452 deieotionenr
1283 3384 1323 3451 ab
1339 3383 1385 3449 ln·
1430 3377 1431 3436 3

269 3482 426 3549 noeeutio
454 3481 531 3549 alata
555 3482 679 3573 luerat,
711 3482 885 3572 depositus
913 3491 973 3552 est
1007 3483 1250 3570 Neounquam
1279 3487 1384 3571 postea

254 3579 500 3666 episeopaturn
518 3582 551 3648 in
562 3581 711 3650 Romana
729 3585 818 3651 ouria
834 3600 1028 3672 reeuperare
1046 3583 1155 3670 potuit
1172 3600 1245 3650 oum
1264 3581 1384 3648 multun

270 3682 304 3743 et
321 3675 376 3744 diu
393 3695 452 3765 pro
470 3679 527 3747 illo
545 3680 742 3748 laborasset.

343 3777 443 3843 xlviii.
470 3777 643 3846 Suoeessit
666 3780 889 3866 Engelbertus
916 3779 1060 3847 eoelesie
1085 3779 1193 3846 saneti
1218 3778 1304 3846 Petri
1320 3793 1384 3864 pre-

269 3869 400 3958 positus
420 3882 451 3942 et
471 3876 556 3946 iulius
574 3877 766 3964 Eugelberti
784 3877 913 3946 uomitis
932 3875 974 3946 de
992 3876 1117 3966 llonte,
1137 3878 1193 3964 qui
1211 3876 1310 3944 irater
1321 3874 1384 3942 lua-

269 3975 317 4036 rat
337 3973 519 4040 seeundum
544 3993 675 4044 earnem
700 3975 964 4064 supradiotorunl
981 3976 1304 4064 archiepiscoporum
1320 3973 1383 4039 Fri·

270 4065 373 4135 deuiei
391 4075 425 4136 et
441 4072 606 4141 Brunonis
625 4075 781 4157 seeundi,
799 4073 989 4144 viventibus
1004 4073 1112 4143 adhue
1126 4073 1293 4163 quondam
1306 4071 1384 4160 epis-

304 4177 335 4244 l)
353 4183 381 4230 at
398 4193 459 4231 aum
477 4177 552 4233 aolus
569 4195 624 4235 uon
642 4181 776 4252 aligerati
