<?xml version="1.0" encoding="UTF-8"?>
<!DOCTYPE html PUBLIC "-//W3C//DTD XHTML 1.0 Transitional//EN"
    "http://www.w3.org/TR/xhtml1/DTD/xhtml1-transitional.dtd">
<html xmlns="http://www.w3.org/1999/xhtml" xml:lang="en" lang="en">
 <head>
  <title>
</title>
<meta http-equiv="Content-Type" content="text/html;charset=utf-8" />
  <meta name='ocr-system' content='tesseract 3.04.00' />
  <meta name='ocr-capabilities' content='ocr_page ocr_carea ocr_par ocr_line ocrx_word'/>
</head>
<body>
  <div class='ocr_page' id='page_1' title='image "./fontesrerumgerm00hubegoog_0517.png"; bbox 0 0 2888 4824; ppageno 0'>
   <div class='ocr_carea' id='block_1_1' title="bbox 256 235 965 306">
    <p class='ocr_par' dir='ltr' id='par_1_1' title="bbox 256 235 965 306">
     <span class='ocr_line' id='line_1_1' title="bbox 256 235 965 306; baseline 0 -2"><span class='ocrx_word' id='word_1_1' title='bbox 256 235 330 304; x_wconf 75' lang='lat' dir='ltr'>tet</span> <span class='ocrx_word' id='word_1_2' title='bbox 684 261 721 304; x_wconf 80' lang='lat' dir='ltr'>ex</span> <span class='ocrx_word' id='word_1_3' title='bbox 741 259 839 306; x_wconf 78' lang='lat' dir='ltr'>raons</span> <span class='ocrx_word' id='word_1_4' title='bbox 863 259 965 306; x_wconf 85' lang='lat' dir='ltr'>wnms.</span> 
     </span>
    </p>
   </div>
   <div class='ocr_carea' id='block_1_2' title="bbox 176 389 1443 4139">
    <p class='ocr_par' dir='ltr' id='par_1_2' title="bbox 176 389 1439 1768">
     <span class='ocr_line' id='line_1_2' title="bbox 176 389 1439 489; baseline 0 -26"><span class='ocrx_word' id='word_1_5' title='bbox 176 407 244 466; x_wconf 81' lang='lat' dir='ltr'>racc</span> <span class='ocrx_word' id='word_1_6' title='bbox 261 401 387 489; x_wconf 76' lang='lat' dir='ltr'>ciperet</span> <span class='ocrx_word' id='word_1_7' title='bbox 403 399 434 467; x_wconf 91' lang='lat' dir='ltr'>ei</span> <span class='ocrx_word' id='word_1_8' title='bbox 452 389 661 466; x_wconf 88' lang='lat' dir='ltr'>huiusmodi1</span> <span class='ocrx_word' id='word_1_9' title='bbox 678 402 922 466; x_wconf 89' lang='lat' dir='ltr'>sacramentum</span> <span class='ocrx_word' id='word_1_10' title='bbox 946 397 1096 466; x_wconf 89' lang='lat' dir='ltr'>emittere</span> <span class='ocrx_word' id='word_1_11' title='bbox 1114 413 1225 466; x_wconf 89' lang='lat' dir='ltr'>coram</span> <span class='ocrx_word' id='word_1_12' title='bbox 1243 397 1380 485; x_wconf 87' lang='lat' dir='ltr'>compti·</span> <span class='ocrx_word' id='word_1_13' title='bbox 1433 390 1439 485; x_wconf 74' lang='grc' dir='ltr'>ξ</span> 
     </span>
     <span class='ocr_line' id='line_1_3' title="bbox 257 493 1382 586; baseline -0.005 -18"><span class='ocrx_word' id='word_1_14' title='bbox 257 500 352 570; x_wconf 88' lang='lat' dir='ltr'>cibus</span> <span class='ocrx_word' id='word_1_15' title='bbox 379 504 413 566; x_wconf 94' lang='lat' dir='ltr'>et</span> <span class='ocrx_word' id='word_1_16' title='bbox 436 493 645 584; x_wconf 88' lang='lat' dir='ltr'>comparibus</span> <span class='ocrx_word' id='word_1_17' title='bbox 669 497 758 586; x_wconf 81' lang='lat' dir='ltr'>suis,</span> <span class='ocrx_word' id='word_1_18' title='bbox 783 493 911 564; x_wconf 86' lang='lat' dir='ltr'>iaceret</span> <span class='ocrx_word' id='word_1_19' title='bbox 937 495 1095 584; x_wconf 88' lang='lat' dir='ltr'>quioquid</span> <span class='ocrx_word' id='word_1_20' title='bbox 1120 495 1163 564; x_wconf 90' lang='lat' dir='ltr'>do</span> <span class='ocrx_word' id='word_1_21' title='bbox 1188 498 1259 565; x_wconf 91' lang='lat' dir='ltr'>iure</span> <span class='ocrx_word' id='word_1_22' title='bbox 1276 494 1382 564; x_wconf 83' lang='lat' dir='ltr'>lacere</span> 
     </span>
     <span class='ocr_line' id='line_1_4' title="bbox 257 594 1382 685; baseline -0.005 -15"><span class='ocrx_word' id='word_1_23' title='bbox 257 597 441 670; x_wconf 78' lang='lat' dir='ltr'><strong>debuisset.</strong></span> <span class='ocrx_word' id='word_1_24' title='bbox 474 596 587 664; x_wconf 92' lang='lat' dir='ltr'>Nuntii</span> <span class='ocrx_word' id='word_1_25' title='bbox 614 600 722 664; x_wconf 88' lang='lat' dir='ltr'>autem</span> <span class='ocrx_word' id='word_1_26' title='bbox 748 594 805 662; x_wconf 87' lang='lat' dir='ltr'>tali</span> <span class='ocrx_word' id='word_1_27' title='bbox 836 595 1021 681; x_wconf 79' lang='lat' dir='ltr'><strong>sponsione</strong></span> <span class='ocrx_word' id='word_1_28' title='bbox 1044 613 1112 664; x_wconf 93' lang='lat' dir='ltr'>non</span> <span class='ocrx_word' id='word_1_29' title='bbox 1143 597 1308 685; x_wconf 75' lang='lat' dir='ltr'>contenti,</span> <span class='ocrx_word' id='word_1_30' title='bbox 1331 614 1382 664; x_wconf 91' lang='lat' dir='ltr'>re-</span> 
     </span>
     <span class='ocr_line' id='line_1_5' title="bbox 257 691 1382 786; baseline -0.004 -20"><span class='ocrx_word' id='word_1_31' title='bbox 257 695 465 786; x_wconf 91' lang='lat' dir='ltr'>spondemnt</span> <span class='ocrx_word' id='word_1_32' title='bbox 483 693 574 782; x_wconf 86' lang='lat' dir='ltr'>quod</span> <span class='ocrx_word' id='word_1_33' title='bbox 591 695 699 782; x_wconf 89' lang='lat' dir='ltr'>ipsam</span> <span class='ocrx_word' id='word_1_34' title='bbox 716 695 750 761; x_wconf 93' lang='lat' dir='ltr'>in</span> <span class='ocrx_word' id='word_1_35' title='bbox 767 691 923 778; x_wconf 82' lang='lat' dir='ltr'>Angliam</span> <span class='ocrx_word' id='word_1_36' title='bbox 942 693 1108 783; x_wconf 85' lang='lat' dir='ltr'>applicare</span> <span class='ocrx_word' id='word_1_37' title='bbox 1125 711 1195 762; x_wconf 94' lang='lat' dir='ltr'>non</span> <span class='ocrx_word' id='word_1_38' title='bbox 1213 696 1382 783; x_wconf 89' lang='lat' dir='ltr'>permitte-</span> 
     </span>
     <span class='ocr_line' id='line_1_6' title="bbox 256 792 1383 885; baseline -0.002 -21"><span class='ocrx_word' id='word_1_39' title='bbox 256 801 346 885; x_wconf 89' lang='lat' dir='ltr'>rent,</span> <span class='ocrx_word' id='word_1_40' title='bbox 373 795 438 862; x_wconf 90' lang='lat' dir='ltr'>nisi</span> <span class='ocrx_word' id='word_1_41' title='bbox 461 792 685 882; x_wconf 90' lang='lat' dir='ltr'>supradictum</span> <span class='ocrx_word' id='word_1_42' title='bbox 715 793 807 882; x_wconf 91' lang='lat' dir='ltr'>prius</span> <span class='ocrx_word' id='word_1_43' title='bbox 834 793 997 862; x_wconf 81' lang='lat' dir='ltr'>emitteret</span> <span class='ocrx_word' id='word_1_44' title='bbox 1021 792 1261 861; x_wconf 90' lang='lat' dir='ltr'>iusiurandum.</span> <span class='ocrx_word' id='word_1_45' title='bbox 1293 794 1383 862; x_wconf 90' lang='lat' dir='ltr'>inbi-</span> 
     </span>
     <span class='ocr_line' id='line_1_7' title="bbox 256 890 1383 979; baseline -0.004 -16"><span class='ocrx_word' id='word_1_46' title='bbox 256 895 400 963; x_wconf 90' lang='lat' dir='ltr'>buerunt</span> <span class='ocrx_word' id='word_1_47' title='bbox 425 894 523 961; x_wconf 90' lang='lat' dir='ltr'>etiam</span> <span class='ocrx_word' id='word_1_48' title='bbox 554 890 645 979; x_wconf 84' lang='lat' dir='ltr'>quod</span> <span class='ocrx_word' id='word_1_49' title='bbox 668 891 779 960; x_wconf 91' lang='lat' dir='ltr'>nullus</span> <span class='ocrx_word' id='word_1_50' title='bbox 805 908 880 958; x_wconf 91' lang='lat' dir='ltr'>eum</span> <span class='ocrx_word' id='word_1_51' title='bbox 906 892 980 959; x_wconf 92' lang='lat' dir='ltr'>sine</span> <span class='ocrx_word' id='word_1_52' title='bbox 1002 891 1138 960; x_wconf 91' lang='lat' dir='ltr'>licentia</span> <span class='ocrx_word' id='word_1_53' title='bbox 1164 897 1200 959; x_wconf 93' lang='lat' dir='ltr'>et</span> <span class='ocrx_word' id='word_1_54' title='bbox 1216 910 1383 961; x_wconf 90' lang='lat' dir='ltr'>consensu</span> 
     </span>
     <span class='ocr_line' id='line_1_8' title="bbox 256 989 1384 1080; baseline -0.002 -18"><span class='ocrx_word' id='word_1_55' title='bbox 256 993 416 1062; x_wconf 93' lang='lat' dir='ltr'>baronum</span> <span class='ocrx_word' id='word_1_56' title='bbox 436 992 571 1077; x_wconf 78' lang='lat' dir='ltr'>navigio</span> <span class='ocrx_word' id='word_1_57' title='bbox 591 989 831 1079; x_wconf 87' lang='lat' dir='ltr'>transduceret,</span> <span class='ocrx_word' id='word_1_58' title='bbox 847 991 1121 1078; x_wconf 72' lang='lat' dir='ltr'>comminansque</span> <span class='ocrx_word' id='word_1_59' title='bbox 1134 993 1247 1059; x_wconf 90' lang='lat' dir='ltr'>nautis</span> <span class='ocrx_word' id='word_1_60' title='bbox 1262 993 1297 1059; x_wconf 94' lang='lat' dir='ltr'>in</span> <span class='ocrx_word' id='word_1_61' title='bbox 1309 1009 1384 1080; x_wconf 91' lang='lat' dir='ltr'>por-</span> 
     </span>
     <span class='ocr_line' id='line_1_9' title="bbox 257 1089 1384 1178; baseline -0.003 -17"><span class='ocrx_word' id='word_1_62' title='bbox 257 1092 358 1161; x_wconf 89' lang='lat' dir='ltr'>tubus</span> <span class='ocrx_word' id='word_1_63' title='bbox 385 1089 476 1178; x_wconf 83' lang='lat' dir='ltr'>quod</span> <span class='ocrx_word' id='word_1_64' title='bbox 494 1105 611 1158; x_wconf 89' lang='lat' dir='ltr'>omnes</span> <span class='ocrx_word' id='word_1_65' title='bbox 637 1090 694 1176; x_wconf 88' lang='lat' dir='ltr'>qui</span> <span class='ocrx_word' id='word_1_66' title='bbox 711 1107 787 1158; x_wconf 92' lang='lat' dir='ltr'>eum</span> <span class='ocrx_word' id='word_1_67' title='bbox 804 1089 1095 1174; x_wconf 80' lang='lat' dir='ltr'>transnavigarem</span> <span class='ocrx_word' id='word_1_68' title='bbox 1112 1091 1233 1178; x_wconf 84' lang='lat' dir='ltr'>capitis</span> <span class='ocrx_word' id='word_1_69' title='bbox 1252 1089 1384 1158; x_wconf 88' lang='lat' dir='ltr'>detrun-</span> 
     </span>
     <span class='ocr_line' id='line_1_10' title="bbox 257 1185 1385 1277; baseline -0.002 -19"><span class='ocrx_word' id='word_1_70' title='bbox 257 1191 401 1259; x_wconf 85' lang='lat' dir='ltr'>catione</span> <span class='ocrx_word' id='word_1_71' title='bbox 413 1190 615 1277; x_wconf 88' lang='lat' dir='ltr'>punirentur.</span> <span class='ocrx_word' id='word_1_72' title='bbox 641 1185 762 1256; x_wconf 90' lang='lat' dir='ltr'>Habito</span> <span class='ocrx_word' id='word_1_73' title='bbox 788 1187 887 1274; x_wconf 83' lang='lat' dir='ltr'>igitur</span> <span class='ocrx_word' id='word_1_74' title='bbox 908 1186 1030 1256; x_wconf 86' lang='lat' dir='ltr'>ibidem</span> <span class='ocrx_word' id='word_1_75' title='bbox 1048 1206 1150 1276; x_wconf 91' lang='lat' dir='ltr'>super</span> <span class='ocrx_word' id='word_1_76' title='bbox 1166 1187 1233 1256; x_wconf 89' lang='lat' dir='ltr'>hoo</span> <span class='ocrx_word' id='word_1_77' title='bbox 1250 1193 1385 1258; x_wconf 87' lang='lat' dir='ltr'>tractatu</span> 
     </span>
     <span class='ocr_line' id='line_1_11' title="bbox 258 1284 1386 1376; baseline -0.004 -18"><span class='ocrx_word' id='word_1_78' title='bbox 258 1290 415 1358; x_wconf 90' lang='lat' dir='ltr'>continuo</span> <span class='ocrx_word' id='word_1_79' title='bbox 441 1305 501 1376; x_wconf 89' lang='lat' dir='ltr'>per</span> <span class='ocrx_word' id='word_1_80' title='bbox 529 1285 683 1355; x_wconf 90' lang='lat' dir='ltr'>undecim</span> <span class='ocrx_word' id='word_1_81' title='bbox 709 1286 801 1374; x_wconf 89' lang='lat' dir='ltr'>dies,</span> <span class='ocrx_word' id='word_1_82' title='bbox 826 1284 960 1353; x_wconf 87' lang='lat' dir='ltr'>tandem</span> <span class='ocrx_word' id='word_1_83' title='bbox 985 1285 1028 1354; x_wconf 91' lang='lat' dir='ltr'>ad</span> <span class='ocrx_word' id='word_1_84' title='bbox 1044 1285 1110 1355; x_wconf 90' lang='lat' dir='ltr'>hoo</span> <span class='ocrx_word' id='word_1_85' title='bbox 1127 1285 1282 1376; x_wconf 84' lang='lat' dir='ltr'>devenit,</span> <span class='ocrx_word' id='word_1_86' title='bbox 1301 1287 1386 1376; x_wconf 82' lang='lat' dir='ltr'>qnod</span> 
     </span>
     <span class='ocr_line' id='line_1_12' title="bbox 257 1383 1387 1474; baseline -0.003 -17"><span class='ocrx_word' id='word_1_87' title='bbox 257 1385 514 1474; x_wconf 78' lang='lat' dir='ltr'>rex&#39;oorporale</span> <span class='ocrx_word' id='word_1_88' title='bbox 539 1385 729 1474; x_wconf 79' lang='lat' dir='ltr'>prestiterat</span> <span class='ocrx_word' id='word_1_89' title='bbox 751 1385 987 1473; x_wconf 87' lang='lat' dir='ltr'>iuramentum,</span> <span class='ocrx_word' id='word_1_90' title='bbox 1012 1383 1102 1472; x_wconf 85' lang='lat' dir='ltr'>quod</span> <span class='ocrx_word' id='word_1_91' title='bbox 1126 1403 1226 1474; x_wconf 78' lang='lat' dir='ltr'>quam</span> <span class='ocrx_word' id='word_1_92' title='bbox 1244 1387 1313 1454; x_wconf 88' lang='lat' dir='ltr'>cito</span> <span class='ocrx_word' id='word_1_93' title='bbox 1330 1404 1387 1455; x_wconf 75' lang='lat' dir='ltr'>vc·</span> 
     </span>
     <span class='ocr_line' id='line_1_13' title="bbox 257 1481 1438 1577; baseline -0.002 -23"><span class='ocrx_word' id='word_1_94' title='bbox 257 1487 365 1556; x_wconf 89' lang='lat' dir='ltr'>nisset</span> <span class='ocrx_word' id='word_1_95' title='bbox 390 1486 424 1552; x_wconf 92' lang='lat' dir='ltr'>in</span> <span class='ocrx_word' id='word_1_96' title='bbox 442 1481 607 1572; x_wconf 71' lang='lat' dir='ltr'>Anguem,</span> <span class='ocrx_word' id='word_1_97' title='bbox 625 1500 705 1569; x_wconf 81' lang='lat' dir='ltr'>rege</span> <span class='ocrx_word' id='word_1_98' title='bbox 729 1483 793 1550; x_wconf 91' lang='lat' dir='ltr'>sibi</span> <span class='ocrx_word' id='word_1_99' title='bbox 810 1483 1006 1568; x_wconf 83' lang='lat' dir='ltr'>iniungente</span> <span class='ocrx_word' id='word_1_100' title='bbox 1024 1484 1057 1551; x_wconf 94' lang='lat' dir='ltr'>in</span> <span class='ocrx_word' id='word_1_101' title='bbox 1075 1485 1247 1572; x_wconf 84' lang='lat' dir='ltr'>presentia</span> <span class='ocrx_word' id='word_1_102' title='bbox 1264 1486 1385 1574; x_wconf 88' lang='lat' dir='ltr'>parium</span> <span class='ocrx_word' id='word_1_103' title='bbox 1434 1531 1438 1577; x_wconf 59' lang='lat'>4</span> 
     </span>
     <span class='ocr_line' id='line_1_14' title="bbox 257 1581 1437 1673; baseline -0.002 -19"><span class='ocrx_word' id='word_1_104' title='bbox 257 1601 408 1666; x_wconf 85' lang='lat' dir='ltr'>suorum,</span> <span class='ocrx_word' id='word_1_105' title='bbox 430 1586 673 1651; x_wconf 88' lang='lat' dir='ltr'>sacramentum</span> <span class='ocrx_word' id='word_1_106' title='bbox 697 1583 806 1670; x_wconf 88' lang='lat' dir='ltr'>ipsum</span> <span class='ocrx_word' id='word_1_107' title='bbox 824 1582 988 1650; x_wconf 86' lang='lat' dir='ltr'>emitteret</span> <span class='ocrx_word' id='word_1_108' title='bbox 1004 1583 1038 1651; x_wconf 96' lang='lat' dir='ltr'>in</span> <span class='ocrx_word' id='word_1_109' title='bbox 1055 1581 1161 1652; x_wconf 87' lang='lat' dir='ltr'>iorma</span> <span class='ocrx_word' id='word_1_110' title='bbox 1178 1601 1279 1671; x_wconf 86' lang='lat' dir='ltr'>quum</span> <span class='ocrx_word' id='word_1_111' title='bbox 1296 1589 1387 1673; x_wconf 88' lang='lat' dir='ltr'>pete·</span> <span class='ocrx_word' id='word_1_112' title='bbox 1434 1628 1437 1637; x_wconf 88' lang='lat'>-</span> 
     </span>
     <span class='ocr_line' id='line_1_15' title="bbox 257 1677 994 1768; baseline -0.005 -16"><span class='ocrx_word' id='word_1_113' title='bbox 257 1683 347 1752; x_wconf 85' lang='lat' dir='ltr'>bant.</span> <span class='ocrx_word' id='word_1_114' title='bbox 362 1681 485 1768; x_wconf 80' lang='lat' dir='ltr'>sicque</span> <span class='ocrx_word' id='word_1_115' title='bbox 498 1677 713 1749; x_wconf 76' lang='lat' dir='ltr'>transfretare</span> <span class='ocrx_word' id='word_1_116' title='bbox 730 1680 913 1768; x_wconf 88' lang='lat' dir='ltr'>permissus</span> <span class='ocrx_word' id='word_1_117' title='bbox 932 1686 994 1748; x_wconf 90' lang='lat' dir='ltr'>est.</span> 
     </span>
    </p>

    <p class='ocr_par' dir='ltr' id='par_1_3' title="bbox 256 1778 1443 2440">
     <span class='ocr_line' id='line_1_16' title="bbox 333 1778 1443 1872; baseline 0.002 -24"><span class='ocrx_word' id='word_1_118' title='bbox 333 1779 482 1866; x_wconf 83' lang='lat' dir='ltr'>Cumque</span> <span class='ocrx_word' id='word_1_119' title='bbox 508 1780 660 1848; x_wconf 90' lang='lat' dir='ltr'>venisset</span> <span class='ocrx_word' id='word_1_120' title='bbox 677 1778 887 1848; x_wconf 78' lang='lat' dir='ltr'>cantuariam</span> <span class='ocrx_word' id='word_1_121' title='bbox 907 1783 1085 1866; x_wconf 87' lang='lat' dir='ltr'>antequam</span> <span class='ocrx_word' id='word_1_122' title='bbox 1102 1779 1306 1872; x_wconf 87' lang='lat' dir='ltr'>pranderet,</span> <span class='ocrx_word' id='word_1_123' title='bbox 1330 1799 1386 1850; x_wconf 93' lang='lat' dir='ltr'>co-</span> <span class='ocrx_word' id='word_1_124' title='bbox 1442 1793 1443 1820; x_wconf 85' lang='lat'>³</span> 
     </span>
     <span class='ocr_line' id='line_1_17' title="bbox 257 1876 1443 1966; baseline 0 -18"><span class='ocrx_word' id='word_1_125' title='bbox 257 1897 326 1948; x_wconf 92' lang='lat' dir='ltr'>ram</span> <span class='ocrx_word' id='word_1_126' title='bbox 351 1897 432 1966; x_wconf 82' lang='lat' dir='ltr'>rege</span> <span class='ocrx_word' id='word_1_127' title='bbox 460 1883 494 1947; x_wconf 90' lang='lat' dir='ltr'>et</span> <span class='ocrx_word' id='word_1_128' title='bbox 516 1878 612 1964; x_wconf 83' lang='lat' dir='ltr'>regni</span> <span class='ocrx_word' id='word_1_129' title='bbox 638 1876 850 1964; x_wconf 84' lang='lat' dir='ltr'>magnatibus</span> <span class='ocrx_word' id='word_1_130' title='bbox 868 1877 925 1965; x_wconf 79' lang='lat' dir='ltr'>uni</span> <span class='ocrx_word' id='word_1_131' title='bbox 942 1894 1029 1965; x_wconf 92' lang='lat' dir='ltr'>pene</span> <span class='ocrx_word' id='word_1_132' title='bbox 1047 1895 1165 1946; x_wconf 88' lang='lat' dir='ltr'>omnes</span> <span class='ocrx_word' id='word_1_133' title='bbox 1184 1878 1248 1947; x_wconf 91' lang='lat' dir='ltr'>sibi</span> <span class='ocrx_word' id='word_1_134' title='bbox 1268 1897 1386 1948; x_wconf 87' lang='lat' dir='ltr'>occur·</span> <span class='ocrx_word' id='word_1_135' title='bbox 1433 1911 1443 1965; x_wconf 63' lang='lat' dir='ltr'>p</span> 
     </span>
     <span class='ocr_line' id='line_1_18' title="bbox 257 1972 1443 2069; baseline 0.002 -24"><span class='ocrx_word' id='word_1_136' title='bbox 257 1983 385 2069; x_wconf 88' lang='lat' dir='ltr'>rorant,</span> <span class='ocrx_word' id='word_1_137' title='bbox 412 1981 655 2046; x_wconf 88' lang='lat' dir='ltr'>sacramentum</span> <span class='ocrx_word' id='word_1_138' title='bbox 677 1977 786 2064; x_wconf 87' lang='lat' dir='ltr'>ipsum</span> <span class='ocrx_word' id='word_1_139' title='bbox 808 1975 942 2063; x_wconf 90' lang='lat' dir='ltr'>publice</span> <span class='ocrx_word' id='word_1_140' title='bbox 966 1980 1000 2044; x_wconf 91' lang='lat' dir='ltr'>et</span> <span class='ocrx_word' id='word_1_141' title='bbox 1031 1972 1260 2066; x_wconf 82' lang='lat' dir='ltr'>sollempniter</span> <span class='ocrx_word' id='word_1_142' title='bbox 1287 1977 1386 2047; x_wconf 85' lang='lat' dir='ltr'>adim·</span> <span class='ocrx_word' id='word_1_143' title='bbox 1432 1972 1443 2059; x_wconf 70' lang='lat' dir='ltr'>l</span> 
     </span>
     <span class='ocr_line' id='line_1_19' title="bbox 256 2071 1443 2166; baseline 0.001 -22"><span class='ocrx_word' id='word_1_144' title='bbox 256 2075 370 2164; x_wconf 92' lang='lat' dir='ltr'>plevit.</span> <span class='ocrx_word' id='word_1_145' title='bbox 396 2073 519 2156; x_wconf 85' lang='lat' dir='ltr'>Quinto</span> <span class='ocrx_word' id='word_1_146' title='bbox 536 2074 602 2143; x_wconf 83' lang='lat' dir='ltr'>kal.</span> <span class='ocrx_word' id='word_1_147' title='bbox 619 2073 774 2142; x_wconf 86' lang='lat' dir='ltr'>iebmarii</span> <span class='ocrx_word' id='word_1_148' title='bbox 793 2071 875 2164; x_wconf 91' lang='lat' dir='ltr'>[ian.</span> <span class='ocrx_word' id='word_1_149' title='bbox 893 2071 959 2165; x_wconf 83' lang='lat'>29]</span> <span class='ocrx_word' id='word_1_150' title='bbox 979 2075 1147 2166; x_wconf 89' lang='lat' dir='ltr'>applicuit,</span> <span class='ocrx_word' id='word_1_151' title='bbox 1166 2081 1201 2144; x_wconf 91' lang='lat' dir='ltr'>et</span> <span class='ocrx_word' id='word_1_152' title='bbox 1216 2077 1327 2164; x_wconf 91' lang='lat' dir='ltr'>primo</span> <span class='ocrx_word' id='word_1_153' title='bbox 1341 2077 1388 2145; x_wconf 91' lang='lat' dir='ltr'>die</span> <span class='ocrx_word' id='word_1_154' title='bbox 1433 2075 1443 2133; x_wconf 81' lang='lat' dir='ltr'>l</span> 
     </span>
     <span class='ocr_line' id='line_1_20' title="bbox 258 2172 1443 2262; baseline 0.003 -20"><span class='ocrx_word' id='word_1_155' title='bbox 258 2174 414 2244; x_wconf 81' lang='lat' dir='ltr'>februarii</span> <span class='ocrx_word' id='word_1_156' title='bbox 428 2174 556 2243; x_wconf 91' lang='lat' dir='ltr'>scilicet</span> <span class='ocrx_word' id='word_1_157' title='bbox 572 2174 608 2242; x_wconf 94' lang='lat' dir='ltr'>in</span> <span class='ocrx_word' id='word_1_158' title='bbox 623 2174 739 2259; x_wconf 88' lang='lat' dir='ltr'>vigilia</span> <span class='ocrx_word' id='word_1_159' title='bbox 751 2172 991 2262; x_wconf 86' lang='lat' dir='ltr'>purificationis</span> <span class='ocrx_word' id='word_1_160' title='bbox 1008 2175 1140 2242; x_wconf 91' lang='lat' dir='ltr'>intravit</span> <span class='ocrx_word' id='word_1_161' title='bbox 1153 2173 1305 2244; x_wconf 88' lang='lat' dir='ltr'>London</span> <span class='ocrx_word' id='word_1_162' title='bbox 1322 2193 1387 2244; x_wconf 86' lang='lat' dir='ltr'>cum</span> <span class='ocrx_word' id='word_1_163' title='bbox 1442 2181 1443 2210; x_wconf 56' lang='lat' dir='ltr'>l</span> 
     </span>
     <span class='ocr_line' id='line_1_21' title="bbox 258 2271 1443 2362; baseline -0.003 -21"><span class='ocrx_word' id='word_1_164' title='bbox 258 2271 384 2360; x_wconf 81' lang='lat' dir='ltr'>gaudio</span> <span class='ocrx_word' id='word_1_165' title='bbox 402 2290 536 2362; x_wconf 83' lang='lat' dir='ltr'>magno,</span> <span class='ocrx_word' id='word_1_166' title='bbox 555 2273 688 2340; x_wconf 86' lang='lat' dir='ltr'>civitate</span> <span class='ocrx_word' id='word_1_167' title='bbox 706 2273 782 2361; x_wconf 88' lang='lat' dir='ltr'>ipsa</span> <span class='ocrx_word' id='word_1_168' title='bbox 799 2271 1128 2362; x_wconf 88' lang='lat' dir='ltr'>propter&#39;adventum</span> <span class='ocrx_word' id='word_1_169' title='bbox 1145 2274 1253 2362; x_wconf 91' lang='lat' dir='ltr'>ipsius</span> <span class='ocrx_word' id='word_1_170' title='bbox 1273 2275 1387 2344; x_wconf 90' lang='lat' dir='ltr'>inesti-</span> <span class='ocrx_word' id='word_1_171' title='bbox 1442 2272 1443 2338; x_wconf 75' lang='lat' dir='ltr'>t</span> 
     </span>
     <span class='ocr_line' id='line_1_22' title="bbox 258 2370 609 2440; baseline -0.003 0"><span class='ocrx_word' id='word_1_172' title='bbox 258 2370 421 2440; x_wconf 86' lang='lat' dir='ltr'>mobiliter</span> <span class='ocrx_word' id='word_1_173' title='bbox 438 2371 609 2440; x_wconf 89' lang='lat' dir='ltr'>adornata.</span> 
     </span>
    </p>

    <p class='ocr_par' dir='ltr' id='par_1_4' title="bbox 257 2466 1387 2758">
     <span class='ocr_line' id='line_1_23' title="bbox 335 2466 1387 2561; baseline -0.001 -24"><span class='ocrx_word' id='word_1_174' title='bbox 335 2466 512 2561; x_wconf 77' lang='lat' dir='ltr'>[Meclm]</span> <span class='ocrx_word' id='word_1_175' title='bbox 528 2468 599 2538; x_wconf 87' lang='lat' dir='ltr'>Rex</span> <span class='ocrx_word' id='word_1_176' title='bbox 613 2468 810 2538; x_wconf 83' lang='lat' dir='ltr'>Alemannie</span> <span class='ocrx_word' id='word_1_177' title='bbox 824 2487 1019 2538; x_wconf 92' lang='lat' dir='ltr'>reversurus</span> <span class='ocrx_word' id='word_1_178' title='bbox 1034 2471 1068 2538; x_wconf 91' lang='lat' dir='ltr'>in</span> <span class='ocrx_word' id='word_1_179' title='bbox 1080 2467 1316 2539; x_wconf 71' lang='lat' dir='ltr'>allemanniam</span> <span class='ocrx_word' id='word_1_180' title='bbox 1327 2472 1387 2538; x_wconf 88' lang='lat' dir='ltr'>xiiii</span> 
     </span>
     <span class='ocr_line' id='line_1_24' title="bbox 258 2565 1386 2659; baseline 0.001 -21"><span class='ocrx_word' id='word_1_181' title='bbox 258 2568 323 2638; x_wconf 88' lang='lat' dir='ltr'>kal.</span> <span class='ocrx_word' id='word_1_182' title='bbox 341 2569 410 2636; x_wconf 92' lang='lat' dir='ltr'>iulii</span> <span class='ocrx_word' id='word_1_183' title='bbox 429 2565 515 2659; x_wconf 91' lang='lat' dir='ltr'>[iuni</span> <span class='ocrx_word' id='word_1_184' title='bbox 536 2565 599 2659; x_wconf 86' lang='grc'>18]</span> <span class='ocrx_word' id='word_1_185' title='bbox 628 2567 860 2636; x_wconf 82' lang='lat' dir='ltr'>transfretavit.</span> <span class='ocrx_word' id='word_1_186' title='bbox 884 2568 925 2635; x_wconf 85' lang='lat' dir='ltr'>Et</span> <span class='ocrx_word' id='word_1_187' title='bbox 949 2585 1055 2654; x_wconf 82' lang='lat' dir='ltr'>regno</span> <span class='ocrx_word' id='word_1_188' title='bbox 1080 2587 1142 2637; x_wconf 89' lang='lat' dir='ltr'>suo</span> <span class='ocrx_word' id='word_1_189' title='bbox 1168 2571 1309 2638; x_wconf 91' lang='lat' dir='ltr'>visitato</span> <span class='ocrx_word' id='word_1_190' title='bbox 1326 2573 1386 2639; x_wconf 86' lang='lat' dir='ltr'>ite-</span> 
     </span>
     <span class='ocr_line' id='line_1_25' title="bbox 257 2663 1329 2758; baseline 0.001 -23"><span class='ocrx_word' id='word_1_191' title='bbox 257 2686 327 2736; x_wconf 89' lang='lat' dir='ltr'>rum</span> <span class='ocrx_word' id='word_1_192' title='bbox 345 2685 436 2737; x_wconf 92' lang='lat' dir='ltr'>nono</span> <span class='ocrx_word' id='word_1_193' title='bbox 454 2668 518 2735; x_wconf 86' lang='lat' dir='ltr'>kal.</span> <span class='ocrx_word' id='word_1_194' title='bbox 539 2667 728 2736; x_wconf 86' lang='lat' dir='ltr'>novembris</span> <span class='ocrx_word' id='word_1_195' title='bbox 748 2663 830 2758; x_wconf 91' lang='lat' dir='ltr'>[oct.</span> <span class='ocrx_word' id='word_1_196' title='bbox 845 2663 911 2758; x_wconf 82' lang='lat' dir='ltr'>2t]</span> <span class='ocrx_word' id='word_1_197' title='bbox 932 2667 1090 2755; x_wconf 88' lang='lat' dir='ltr'>applicuit</span> <span class='ocrx_word' id='word_1_198' title='bbox 1108 2669 1143 2734; x_wconf 96' lang='lat' dir='ltr'>in</span> <span class='ocrx_word' id='word_1_199' title='bbox 1159 2665 1329 2754; x_wconf 85' lang='lat' dir='ltr'>Angliam.</span> 
     </span>
    </p>

    <p class='ocr_par' dir='ltr' id='par_1_5' title="bbox 257 2758 1439 2955">
     <span class='ocr_line' id='line_1_26' title="bbox 331 2758 1439 2854; baseline 0.001 -19"><span class='ocrx_word' id='word_1_200' title='bbox 331 2766 495 2836; x_wconf 79' lang='lat' dir='ltr'>Moalxi.</span> <span class='ocrx_word' id='word_1_201' title='bbox 522 2763 612 2834; x_wconf 90' lang='lat' dir='ltr'>Obiit</span> <span class='ocrx_word' id='word_1_202' title='bbox 631 2767 765 2835; x_wconf 88' lang='lat' dir='ltr'>domina</span> <span class='ocrx_word' id='word_1_203' title='bbox 785 2765 928 2834; x_wconf 91' lang='lat' dir='ltr'>Senchia</span> <span class='ocrx_word' id='word_1_204' title='bbox 949 2764 1170 2834; x_wconf 86' lang='lat' dir='ltr'>Romanorum</span> <span class='ocrx_word' id='word_1_205' title='bbox 1189 2767 1313 2854; x_wconf 87' lang='lat' dir='ltr'>regina</span> <span class='ocrx_word' id='word_1_206' title='bbox 1336 2783 1385 2836; x_wconf 91' lang='lat' dir='ltr'>sc·</span> <span class='ocrx_word' id='word_1_207' title='bbox 1434 2758 1439 2767; x_wconf 85' lang='lat'>&#39;</span> 
     </span>
     <span class='ocr_line' id='line_1_27' title="bbox 257 2861 1055 2955; baseline 0 -24"><span class='ocrx_word' id='word_1_208' title='bbox 257 2866 434 2934; x_wconf 91' lang='lat' dir='ltr'>renissima</span> <span class='ocrx_word' id='word_1_209' title='bbox 451 2866 567 2953; x_wconf 88' lang='lat' dir='ltr'>quinto</span> <span class='ocrx_word' id='word_1_210' title='bbox 585 2864 660 2934; x_wconf 89' lang='lat' dir='ltr'>idus</span> <span class='ocrx_word' id='word_1_211' title='bbox 678 2864 868 2933; x_wconf 92' lang='lat' dir='ltr'>novembris</span> <span class='ocrx_word' id='word_1_212' title='bbox 888 2861 984 2955; x_wconf 88' lang='lat' dir='ltr'>[nov.</span> <span class='ocrx_word' id='word_1_213' title='bbox 1003 2861 1055 2955; x_wconf 84' lang='grc'>9].</span> 
     </span>
    </p>

    <p class='ocr_par' dir='ltr' id='par_1_6' title="bbox 256 2959 1385 3248">
     <span class='ocr_line' id='line_1_28' title="bbox 330 2959 1384 3055; baseline -0.003 -23"><span class='ocrx_word' id='word_1_214' title='bbox 330 2964 504 3032; x_wconf 78' lang='lat' dir='ltr'>Meclxii.</span> <span class='ocrx_word' id='word_1_215' title='bbox 528 2963 655 3033; x_wconf 86' lang='lat' dir='ltr'>Eodem</span> <span class='ocrx_word' id='word_1_216' title='bbox 676 2981 765 3032; x_wconf 88' lang='lat' dir='ltr'>anno</span> <span class='ocrx_word' id='word_1_217' title='bbox 788 2965 823 3031; x_wconf 88' lang='lat' dir='ltr'>xi</span> <span class='ocrx_word' id='word_1_218' title='bbox 845 2963 910 3031; x_wconf 85' lang='lat' dir='ltr'>kal.</span> <span class='ocrx_word' id='word_1_219' title='bbox 937 2963 1006 3032; x_wconf 91' lang='lat' dir='ltr'>iulii</span> <span class='ocrx_word' id='word_1_220' title='bbox 1035 2959 1120 3052; x_wconf 91' lang='lat' dir='ltr'>[iuni</span> <span class='ocrx_word' id='word_1_221' title='bbox 1145 2961 1212 3055; x_wconf 86' lang='lat'>21]</span> <span class='ocrx_word' id='word_1_222' title='bbox 1236 2961 1384 3032; x_wconf 88' lang='lat' dir='ltr'>dominns</span> 
     </span>
     <span class='ocr_line' id='line_1_29' title="bbox 257 3060 1385 3132; baseline -0.002 -3"><span class='ocrx_word' id='word_1_223' title='bbox 257 3079 315 3130; x_wconf 86' lang='lat' dir='ltr'>rex</span> <span class='ocrx_word' id='word_1_224' title='bbox 335 3061 530 3131; x_wconf 83' lang='lat' dir='ltr'>Alemannic</span> <span class='ocrx_word' id='word_1_225' title='bbox 547 3063 690 3132; x_wconf 88' lang='lat' dir='ltr'>recessit</span> <span class='ocrx_word' id='word_1_226' title='bbox 711 3061 754 3130; x_wconf 90' lang='lat' dir='ltr'>de</span> <span class='ocrx_word' id='word_1_227' title='bbox 768 3061 912 3130; x_wconf 90' lang='lat' dir='ltr'>London</span> <span class='ocrx_word' id='word_1_228' title='bbox 926 3061 969 3130; x_wconf 89' lang='lat' dir='ltr'>ad</span> <span class='ocrx_word' id='word_1_229' title='bbox 985 3060 1265 3130; x_wconf 81' lang='lat' dir='ltr'>transfretandum</span> <span class='ocrx_word' id='word_1_230' title='bbox 1295 3063 1385 3130; x_wconf 89' lang='lat' dir='ltr'>tercia</span> 
     </span>
     <span class='ocr_line' id='line_1_30' title="bbox 256 3157 1343 3248; baseline 0 -21"><span class='ocrx_word' id='word_1_231' title='bbox 256 3161 330 3228; x_wconf 92' lang='lat' dir='ltr'>vice</span> <span class='ocrx_word' id='word_1_232' title='bbox 348 3161 382 3227; x_wconf 96' lang='lat' dir='ltr'>in</span> <span class='ocrx_word' id='word_1_233' title='bbox 402 3157 640 3229; x_wconf 89' lang='lat' dir='ltr'>Alemanniam.</span> <span class='ocrx_word' id='word_1_234' title='bbox 666 3160 707 3228; x_wconf 86' lang='lat' dir='ltr'>Et</span> <span class='ocrx_word' id='word_1_235' title='bbox 728 3163 831 3228; x_wconf 89' lang='lat' dir='ltr'>tercia</span> <span class='ocrx_word' id='word_1_236' title='bbox 849 3160 903 3228; x_wconf 88' lang='lat' dir='ltr'>die</span> <span class='ocrx_word' id='word_1_237' title='bbox 922 3165 1086 3248; x_wconf 85' lang='lat' dir='ltr'>sequente</span> <span class='ocrx_word' id='word_1_238' title='bbox 1103 3160 1343 3230; x_wconf 78' lang='lat' dir='ltr'>transfretavit.</span> 
     </span>
    </p>

    <p class='ocr_par' dir='ltr' id='par_1_7' title="bbox 256 3254 1384 3449">
     <span class='ocr_line' id='line_1_31' title="bbox 308 3254 1384 3350; baseline -0.002 -24"><span class='ocrx_word' id='word_1_239' title='bbox 308 3254 529 3350; x_wconf 86' lang='lat' dir='ltr'>[itl.cc.lx.iii.]</span> <span class='ocrx_word' id='word_1_240' title='bbox 548 3259 657 3328; x_wconf 87' lang='lat' dir='ltr'>Rediit</span> <span class='ocrx_word' id='word_1_241' title='bbox 673 3260 827 3328; x_wconf 92' lang='lat' dir='ltr'>dominus</span> <span class='ocrx_word' id='word_1_242' title='bbox 842 3256 1039 3328; x_wconf 86' lang='lat' dir='ltr'>Alemannie</span> <span class='ocrx_word' id='word_1_243' title='bbox 1059 3261 1160 3327; x_wconf 92' lang='lat' dir='ltr'>tercio</span> <span class='ocrx_word' id='word_1_244' title='bbox 1176 3260 1210 3327; x_wconf 96' lang='lat' dir='ltr'>in</span> <span class='ocrx_word' id='word_1_245' title='bbox 1224 3257 1384 3348; x_wconf 86' lang='lat' dir='ltr'>Angliam.</span> 
     </span>
     <span class='ocr_line' id='line_1_32' title="bbox 256 3354 1249 3449; baseline 0.001 -24"><span class='ocrx_word' id='word_1_246' title='bbox 256 3356 297 3425; x_wconf 87' lang='lat' dir='ltr'>Et</span> <span class='ocrx_word' id='word_1_247' title='bbox 315 3356 475 3446; x_wconf 87' lang='lat' dir='ltr'>applicuit</span> <span class='ocrx_word' id='word_1_248' title='bbox 489 3359 523 3425; x_wconf 96' lang='lat' dir='ltr'>in</span> <span class='ocrx_word' id='word_1_249' title='bbox 541 3356 697 3446; x_wconf 82' lang='lat' dir='ltr'>Angliam</span> <span class='ocrx_word' id='word_1_250' title='bbox 720 3359 775 3426; x_wconf 91' lang='lat' dir='ltr'>iiii.</span> <span class='ocrx_word' id='word_1_251' title='bbox 797 3357 873 3426; x_wconf 86' lang='lat' dir='ltr'>idus</span> <span class='ocrx_word' id='word_1_252' title='bbox 893 3356 1046 3426; x_wconf 85' lang='lat' dir='ltr'>februarii</span> <span class='ocrx_word' id='word_1_253' title='bbox 1066 3354 1149 3448; x_wconf 87' lang='lat' dir='ltr'>[leb.</span> <span class='ocrx_word' id='word_1_254' title='bbox 1170 3355 1249 3449; x_wconf 84' lang='grc'><strong>10].</strong></span> 
     </span>
    </p>

    <p class='ocr_par' dir='ltr' id='par_1_8' title="bbox 255 3455 1384 4139">
     <span class='ocr_line' id='line_1_33' title="bbox 330 3455 1384 3546; baseline -0.002 -22"><span class='ocrx_word' id='word_1_255' title='bbox 330 3455 539 3526; x_wconf 81' lang='lat' dir='ltr'>Moolxviii.</span> <span class='ocrx_word' id='word_1_256' title='bbox 568 3455 788 3526; x_wconf 89' lang='lat' dir='ltr'>Romanorum</span> <span class='ocrx_word' id='word_1_257' title='bbox 815 3473 950 3544; x_wconf 83' lang='lat' dir='ltr'>quoque</span> <span class='ocrx_word' id='word_1_258' title='bbox 983 3475 1041 3524; x_wconf 87' lang='lat' dir='ltr'>rex</span> <span class='ocrx_word' id='word_1_259' title='bbox 1065 3457 1221 3546; x_wconf 77' lang='lat' dir='ltr'>illustriS,</span> <span class='ocrx_word' id='word_1_260' title='bbox 1258 3456 1384 3526; x_wconf 88' lang='lat' dir='ltr'>deterso</span> 
     </span>
     <span class='ocr_line' id='line_1_34' title="bbox 255 3554 1384 3645; baseline 0.001 -25"><span class='ocrx_word' id='word_1_261' title='bbox 255 3555 320 3622; x_wconf 90' lang='lat' dir='ltr'>iam</span> <span class='ocrx_word' id='word_1_262' title='bbox 345 3555 546 3643; x_wconf 85' lang='lat' dir='ltr'>captivitatis</span> <span class='ocrx_word' id='word_1_263' title='bbox 572 3557 773 3645; x_wconf 84' lang='lat' dir='ltr'>ignominia,</span> <span class='ocrx_word' id='word_1_264' title='bbox 800 3555 953 3641; x_wconf 83' lang='lat' dir='ltr'>tlagrunti</span> <span class='ocrx_word' id='word_1_265' title='bbox 977 3554 1145 3624; x_wconf 89' lang='lat' dir='ltr'>desiderio</span> <span class='ocrx_word' id='word_1_266' title='bbox 1167 3557 1324 3642; x_wconf 77' lang='lat' dir='ltr'>gestiens</span> <span class='ocrx_word' id='word_1_267' title='bbox 1339 3555 1384 3623; x_wconf 93' lang='lat' dir='ltr'>vi-</span> 
     </span>
     <span class='ocr_line' id='line_1_35' title="bbox 257 3651 1382 3744; baseline 0 -24"><span class='ocrx_word' id='word_1_268' title='bbox 257 3651 335 3722; x_wconf 88' lang='lat' dir='ltr'>dere</span> <span class='ocrx_word' id='word_1_269' title='bbox 354 3655 558 3722; x_wconf 84' lang='lat' dir='ltr'>Teutonicos</span> <span class='ocrx_word' id='word_1_270' title='bbox 583 3661 616 3722; x_wconf 94' lang='lat' dir='ltr'>et</span> <span class='ocrx_word' id='word_1_271' title='bbox 638 3657 733 3742; x_wconf 80' lang='lat' dir='ltr'>regni</span> <span class='ocrx_word' id='word_1_272' title='bbox 752 3655 804 3722; x_wconf 91' lang='lat' dir='ltr'>sui</span> <span class='ocrx_word' id='word_1_273' title='bbox 828 3655 981 3744; x_wconf 75' lang='lat' dir='ltr'>negotia,</span> <span class='ocrx_word' id='word_1_274' title='bbox 1012 3672 1078 3740; x_wconf 89' lang='lat' dir='ltr'>que</span> <span class='ocrx_word' id='word_1_275' title='bbox 1104 3653 1257 3722; x_wconf 87' lang='lat' dir='ltr'>diuscule</span> <span class='ocrx_word' id='word_1_276' title='bbox 1282 3654 1382 3742; x_wconf 88' lang='lat' dir='ltr'>capti-</span> 
     </span>
     <span class='ocr_line' id='line_1_36' title="bbox 256 3751 1381 3844; baseline -0.002 -26"><span class='ocrx_word' id='word_1_277' title='bbox 256 3757 334 3820; x_wconf 91' lang='lat' dir='ltr'>vato</span> <span class='ocrx_word' id='word_1_278' title='bbox 352 3753 504 3840; x_wconf 90' lang='lat' dir='ltr'>principe</span> <span class='ocrx_word' id='word_1_279' title='bbox 523 3752 668 3844; x_wconf 83' lang='lat' dir='ltr'>pendula</span> <span class='ocrx_word' id='word_1_280' title='bbox 694 3753 952 3843; x_wconf 78' lang='lat' dir='ltr'>vacillaverunt,</span> <span class='ocrx_word' id='word_1_281' title='bbox 977 3751 1143 3820; x_wconf 89' lang='lat' dir='ltr'>salubrius</span> <span class='ocrx_word' id='word_1_282' title='bbox 1174 3752 1343 3841; x_wconf 88' lang='lat' dir='ltr'>ordinare,</span> <span class='ocrx_word' id='word_1_283' title='bbox 1364 3751 1381 3816; x_wconf 92' lang='lat' dir='ltr'>ii</span> 
     </span>
     <span class='ocr_line' id='line_1_37' title="bbox 256 3847 1380 3942; baseline 0.002 -26"><span class='ocrx_word' id='word_1_284' title='bbox 256 3866 365 3918; x_wconf 93' lang='lat' dir='ltr'>nonas</span> <span class='ocrx_word' id='word_1_285' title='bbox 391 3855 527 3936; x_wconf 83' lang='lat' dir='ltr'>augusti</span> <span class='ocrx_word' id='word_1_286' title='bbox 556 3847 650 3941; x_wconf 87' lang='lat' dir='ltr'>[aug.</span> <span class='ocrx_word' id='word_1_287' title='bbox 668 3849 710 3942; x_wconf 84' lang='lat' dir='ltr'>lt]</span> <span class='ocrx_word' id='word_1_288' title='bbox 734 3849 858 3937; x_wconf 82' lang='lat' dir='ltr'>Anglia</span> <span class='ocrx_word' id='word_1_289' title='bbox 880 3869 940 3940; x_wconf 94' lang='lat' dir='ltr'>pro</span> <span class='ocrx_word' id='word_1_290' title='bbox 966 3856 1114 3939; x_wconf 92' lang='lat' dir='ltr'>tempore</span> <span class='ocrx_word' id='word_1_291' title='bbox 1141 3850 1302 3920; x_wconf 88' lang='lat' dir='ltr'>derelicta</span> <span class='ocrx_word' id='word_1_292' title='bbox 1325 3853 1380 3918; x_wconf 88' lang='lat' dir='ltr'>iam</span> 
     </span>
     <span class='ocr_line' id='line_1_38' title="bbox 257 3947 1379 4037; baseline 0.001 -24"><span class='ocrx_word' id='word_1_293' title='bbox 257 3953 373 4034; x_wconf 90' lang='lat' dir='ltr'>quarta</span> <span class='ocrx_word' id='word_1_294' title='bbox 400 3949 476 4016; x_wconf 92' lang='lat' dir='ltr'>vice</span> <span class='ocrx_word' id='word_1_295' title='bbox 502 3957 580 4037; x_wconf 93' lang='lat' dir='ltr'>post</span> <span class='ocrx_word' id='word_1_296' title='bbox 612 3952 808 4020; x_wconf 89' lang='lat' dir='ltr'>electionem</span> <span class='ocrx_word' id='word_1_297' title='bbox 839 3950 881 4036; x_wconf 84' lang='lat' dir='ltr'>de</span> <span class='ocrx_word' id='word_1_298' title='bbox 913 3948 955 4019; x_wconf 87' lang='lat' dir='ltr'>eo</span> <span class='ocrx_word' id='word_1_299' title='bbox 982 3949 1102 4017; x_wconf 89' lang='lat' dir='ltr'>laetam</span> <span class='ocrx_word' id='word_1_300' title='bbox 1124 3951 1159 4018; x_wconf 93' lang='lat' dir='ltr'>in</span> <span class='ocrx_word' id='word_1_301' title='bbox 1183 3947 1379 4018; x_wconf 86' lang='lat' dir='ltr'>Alemanium</span> 
     </span>
     <span class='ocr_line' id='line_1_39' title="bbox 256 4045 1379 4139; baseline 0.003 -28"><span class='ocrx_word' id='word_1_302' title='bbox 256 4045 498 4136; x_wconf 87' lang='lat' dir='ltr'>transiretavit,</span> <span class='ocrx_word' id='word_1_303' title='bbox 528 4049 629 4118; x_wconf 90' lang='lat' dir='ltr'>rebus</span> <span class='ocrx_word' id='word_1_304' title='bbox 663 4068 723 4139; x_wconf 93' lang='lat' dir='ltr'>pro</span> <span class='ocrx_word' id='word_1_305' title='bbox 757 4055 839 4118; x_wconf 94' lang='lat' dir='ltr'>voto</span> <span class='ocrx_word' id='word_1_306' title='bbox 880 4048 1052 4138; x_wconf 91' lang='lat' dir='ltr'>dispositis</span> <span class='ocrx_word' id='word_1_307' title='bbox 1083 4049 1117 4116; x_wconf 94' lang='lat' dir='ltr'>in</span> <span class='ocrx_word' id='word_1_308' title='bbox 1140 4047 1297 4136; x_wconf 83' lang='lat' dir='ltr'>Angliam</span> <span class='ocrx_word' id='word_1_309' title='bbox 1330 4064 1379 4114; x_wconf 92' lang='lat' dir='ltr'>re-</span> 
     </span>
    </p>
   </div>
   <div class='ocr_carea' id='block_1_3' title="bbox 256 4161 662 4316">
    <p class='ocr_par' dir='ltr' id='par_1_9' title="bbox 256 4161 662 4316">
     <span class='ocr_line' id='line_1_40' title="bbox 256 4161 426 4212; baseline 0 -2"><span class='ocrx_word' id='word_1_310' title='bbox 256 4161 426 4212; x_wconf 79' lang='lat' dir='ltr'>versurus.</span> 
     </span>
     <span class='ocr_line' id='line_1_41' title="bbox 292 4249 662 4316; baseline 0.005 -11"><span class='ocrx_word' id='word_1_311' title='bbox 292 4252 323 4316; x_wconf 89' lang='lat' dir='ltr'>l)</span> <span class='ocrx_word' id='word_1_312' title='bbox 341 4249 422 4305; x_wconf 88' lang='lat' dir='ltr'>huius</span> <span class='ocrx_word' id='word_1_313' title='bbox 439 4251 486 4306; x_wconf 81' lang='lat' dir='ltr'>hat</span> <span class='ocrx_word' id='word_1_314' title='bbox 503 4252 552 4306; x_wconf 82' lang='lat' dir='ltr'>tier</span> <span class='ocrx_word' id='word_1_315' title='bbox 570 4252 662 4307; x_wconf 84' lang='lat' dir='ltr'>druolr.</span> 
     </span>
    </p>
   </div>
   <div class='ocr_carea' id='block_1_4' title="bbox 0 0 1448 4824">
    <p class='ocr_par' dir='ltr' id='par_1_10' title="bbox 0 0 1448 4824">
     <span class='ocr_line' id='line_1_42' title="bbox 0 0 1448 4824; baseline 0 0"><span class='ocrx_word' id='word_1_316' title='bbox 0 0 1448 4824; x_wconf 95' lang='lat' dir='ltr'> </span> 
     </span>
    </p>
   </div>
  </div>
 </body>
</html>
