2878 4834
262 167 334 240 228
607 194 775 243 urrunnun
796 192 1034 242 unnnrmrsra

258 333 421 404 tllimania
437 335 587 424 partibus
604 334 739 422 Ligurie
764 331 903 402 ieliciter
926 331 1108 420 adeuntes,
1138 337 1218 400 vota
1242 329 1368 402 bdelium

258 440 447 503 nostrorum
464 435 499 502 in
516 435 763 524 amplexatione
780 434 886 502 nostri
902 431 1038 501 dominii
1054 432 1240 498 invenimus
1257 432 1302 500 sie
1317 431 1371 500 de-

259 533 342 624 lixa,
371 538 408 600 ut
425 551 560 624 ornnes,
585 540 742 622 tanquam
767 537 871 600 mater
888 549 989 620 super
1012 532 1113 599 unico
1132 529 1198 599 [iiio
1216 549 1236 598 a
1252 533 1371 600 mortuis
1422 577 1423 608 2

259 634 441 721 suscitato,
469 632 661 702 riderentur
683 634 717 700 in
743 633 868 700 nostris
886 630 1079 720 aspectibus
1096 630 1263 716 gratulari.
1299 629 1372 700 Nam

259 730 302 800 ad
320 730 562 800 ostendendam
582 731 679 801 tidem
697 738 731 800 et
748 731 976 799 constanciam
996 747 1095 816 quam
1108 730 1199 798 intus
1214 727 1373 816 gerebant,

259 830 340 900 loris
368 830 470 899 verbo
495 838 529 899 et
553 849 656 920 opere
682 832 717 898 in
742 828 936 918 recipienda
965 845 1111 916 persona
1133 834 1247 897 nostra
1272 845 1325 896 cor
1344 836 1373 897 et
1423 868 1424 912 ,

229 965 232 970 ,
258 931 678 999 animamnostrisnutibus
694 934 914 1019 exponentes,
933 929 1089 997 extractis
1111 926 1290 996 carrocbiis
1304 929 1375 1015 suis,
1423 919 1424 938 ³

258 1034 325 1104 tam
348 1029 489 1098 maiores
512 1048 611 1118 qnam
633 1030 777 1097 minores
803 1047 877 1096 cum
898 1027 1118 1095 inennarabili
1143 1026 1375 1115 sollempnitate

259 1127 303 1196 ad
320 1126 443 1218 pedum
456 1135 644 1198 nostrornm
657 1127 774 1196 oscula
791 1128 1008 1196 communiter
1023 1126 1221 1215 veniebant,
1240 1125 1376 1194 oderen-
1424 1174 1425 1212 ,

257 1233 310 1296 tes
333 1245 371 1295 se
386 1233 418 1294 et
435 1245 497 1296 sua
514 1229 692 1297 cumomni
716 1227 935 1300 subiectionis
961 1227 1154 1294 reverencia
1178 1226 1300 1294 nostris
1317 1225 1375 1292 be·
1424 1225 1425 1278 l

258 1326 433 1416 neplacitis
453 1334 487 1396 et
503 1326 677 1395 mandatis.
710 1327 753 1394 Et
777 1343 974 1413 quamquam
1000 1343 1051 1394 ex.
1065 1325 1244 1414 presencia
1270 1326 1377 1392 summi

258 1425 426 1514 pontilicis
436 1479 445 1516 ,
465 1427 521 1514 qui
539 1444 602 1494 nos
621 1425 876 1515 precesseratin
895 1423 1021 1492 eisdem
1038 1423 1188 1512 partibus
1195 1475 1205 1514 ,
1224 1423 1377 1509 gravioris

259 1524 488 1612 dispersionis
514 1526 681 1593 materiam
710 1526 919 1613 timeremnS,
945 1529 1061 1612 utpote
1084 1523 1262 1612 peronius
1285 1521 1379 1590 adiuti

259 1622 438 1692 adventum
468 1623 741 1693 Mediolanenses
766 1628 800 1692 et
829 1624 884 1691 alii
912 1622 1055 1691 rebelles
1081 1622 1205 1711 nostri,
1230 1622 1378 1690 extractis

259 1721 438 1791 carrucbiis
465 1724 554 1814 suis,
580 1722 697 1791 fideles
716 1728 851 1791 nostros
874 1723 953 1790 totis
972 1723 1042 1789 suis
1065 1720 1191 1789 viribus
1209 1721 1380 1810 impugna·

260 1821 360 1904 bant,
397 1820 531 1890 tandem
566 1821 776 1891 ordinatione
811 1820 923 1890 divina
957 1821 1108 1888 occulata
1143 1819 1209 1888 lide
1244 1823 1381 1908 perpen-

261 1920 382 2006 dimus,
401 1922 510 2010 ipsum
527 1921 695 1990 dominnm
713 1939 833 2009 papam
852 1938 872 1988 a
889 1919 1047 2010 predictis
1065 1920 1191 1988 nostris
1209 1919 1316 1988 taliter
1331 1936 1381 1986 re-

259 2019 425 2110 cessisse,
446 2021 536 2108 quod
554 2022 628 2089 eius
646 2019 811 2088 adventus
829 2018 996 2107 adportes
1015 2017 1152 2088 easdem
1168 2019 1272 2105 longe
1289 2017 1380 2086 nobis

259 2117 320 2187 luit
336 2119 447 2187 utilior
465 2139 563 2207 qnam
581 2121 610 2187 si
627 2120 733 2188 eciam
750 2136 819 2187 non
836 2120 997 2187 venisset.
1035 2117 1118 2186 Nam
1137 2135 1179 2186 ex
1195 2117 1261 2187 hoc
1278 2116 1380 2186 devo-

259 2224 367 2286 torum
391 2225 578 2288 nostrorum
604 2217 737 2287 fervens
768 2219 872 2286 crevit
895 2217 1058 2306 devocio,
1094 2223 1127 2286 et
1154 2216 1379 2285 nichilominus
1427 2257 1428 2278 r

259 2316 377 2385 hostes
391 2318 497 2385 nostri
513 2318 744 2386 indevocionis
763 2334 887 2386 cornua
906 2313 1057 2410 [contra]
1084 2333 1147 2384 uos
1174 2317 1303 2402 erigere
1320 2314 1381 2383 lor-

259 2415 448 2505 midabanl,
473 2418 521 2485 sic
539 2416 630 2505 qnod
649 2421 808 2504 tanquam
826 2417 952 2504 experti
970 2434 1079 2484 rerum
1095 2415 1205 2484 Ytalie
1223 2413 1313 2503 quod
1329 2432 1381 2482 as-

260 2520 393 2604 sumpta
409 2517 548 2604 preclari
566 2517 661 2603 regni
686 2516 793 2583 nostri
817 2515 945 2584 scilicet
962 2513 1143 2583 hereditate
1161 2519 1318 2602 paterna,
1342 2511 1381 2580 ad

259 2632 357 2702 quam
375 2632 435 2703 per
451 2617 595 2684 maiores
612 2617 719 2704 ipsius
737 2615 833 2700 regni
858 2619 1031 2702 magnates
1059 2620 1092 2682 et
1117 2614 1306 2703 specialiter
1327 2629 1380 2700 per

261 2711 296 2781 ll.
315 2714 536 2783 marchionem
554 2713 597 2783 de
615 2713 813 2804 Honburob,
832 2712 986 2782 dilectum
1005 2719 1153 2782 nostrum
1181 2712 1382 2798 consangui-

263 2830 382 2903 neum,
412 2815 562 2904 evocati,
598 2815 752 2902 quicum
783 2813 894 2881 multis
921 2813 1030 2900 galeis
1061 2811 1151 2901 apud
1183 2812 1295 2880 Polam
1327 2827 1380 2898 pro

258 2917 375 2980 nostro
412 2914 552 2980 transitu
584 2917 804 2981 accesserunt
834 2912 1076 2988 communitatis
1108 2910 1207 2980 dietis
1235 2908 1380 2997 magnii-

258 3011 375 3078 cenoie
392 3029 616 3099 properamus.
649 3010 787 3079 Modum
809 3010 968 3080 babemus
988 3009 1192 3100 etlormam,
1220 3026 1379 3098 perquam

258 3107 404 3176 bostium
438 3117 623 3178 nostrorum
656 3116 791 3178 caterva
824 3108 866 3178 de
901 3109 1049 3198 partibus
1082 3109 1190 3177 Ytalie
1223 3111 1257 3176 in
1290 3125 1379 3175 manu

258 3213 445 3275 nostrarum
472 3211 587 3277 virium
612 3209 846 3300 conculcetur,
874 3227 916 3276 ne
939 3208 1053 3278 forsan
1079 3209 1112 3276 in
1139 3207 1281 3276 emenda
1305 3223 1378 3275 con-

259 3305 361 3393 digna
380 3313 411 3375 et
436 3307 605 3376 sufficiens
634 3326 653 3375 a
678 3307 922 3396 prosequendis
947 3309 1042 3376 avitis
1069 3313 1101 3376 et
1124 3309 1237 3396 patriis
1263 3306 1378 3376 iniuriis

258 3413 292 3474 et
308 3407 403 3494 pacis
424 3413 457 3475 et
475 3406 653 3476 concordie
679 3406 923 3475 adiectionibus
948 3424 1012 3474 nos
1036 3405 1193 3475 relleetat.
1227 3405 1328 3492 Igitur
1344 3402 1378 3470 de

257 3506 399 3594 puritate
426 3513 538 3575 vestre
566 3504 643 3574 fidei
665 3505 797 3594 plenam
822 3505 974 3574 fiduciam
995 3506 1204 3595 optinentes,
1231 3520 1377 3591 rogamus

258 3609 293 3672 et
310 3622 481 3674 monemus
501 3609 644 3694 attente,
672 3606 826 3692 quatinus
855 3605 942 3674 circa
966 3604 1186 3673 devocionem
1203 3604 1306 3672 nostri
1323 3619 1377 3670 no-

257 3704 354 3770 minis
374 3711 407 3772 ct
432 3705 587 3794 bononie,
609 3704 694 3772 siout
712 3702 931 3793 confidimus,
957 3721 1020 3772 vos
1039 3709 1234 3793 servantes,
1260 3701 1377 3770 felicem

257 3800 398 3868 reditum
415 3810 563 3874 nostrum
591 3800 632 3870 ad
658 3809 768 3891 partes
786 3799 967 3891 Alimanie,
1001 3804 1057 3889 qui
1085 3804 1145 3870 erit
1169 3804 1204 3869 in
1227 3802 1375 3890 proximu,

257 3900 392 3967 viriliter
410 3904 604 3992 expectetis,
623 3907 661 3969 ut
679 3900 721 3969 ad
739 3903 943 3970 incrementa
959 3903 1065 3970 nostri
1081 3901 1212 3969 eomodi
1231 3909 1264 3968 et
1280 3900 1376 3968 bono-

257 3999 302 4065 ris
321 4000 434 4084 gracie
461 4007 576 4071 nostre
602 3999 794 4069 liberalibus
822 3999 995 4069 benefieiis
1023 4007 1195 4070 teneamur
1211 3999 1376 4086 benignius

257 4091 442 4186 aspirare¹

292 4206 323 4272 l)
342 4219 391 4260 aus
409 4205 468 4260 eod.
487 4205 582 4276 philol.
604 4211 654 4262 lob
671 4209 699 4262 in
717 4208 800 4262 Wien
818 4207 885 4263 blau
902 4209 943 4262 tr.
