2916 4834
207 204 210 210 ’
293 176 340 244 24
483 263 484 270 ¹
670 207 805 254 aurnuns
826 205 1058 252 ccuunarnnsns.

211 349 277 404 teet
298 349 331 411 el
359 342 425 412 duo
452 349 633 414 marcarum
667 346 800 416 solvere
831 350 998 434 poterunt.
1048 343 1233 431 Episcopus
1263 341 1400 412 blotensis

294 460 412 512 omnes
429 461 516 531 pene
540 443 646 514 Rheni
665 446 848 534 episcopos
868 451 902 512 et
919 460 1036 512 omnes
1055 441 1209 510 dominos
1226 457 1305 528 quos
1321 450 1401 530 pote-

294 547 345 610 rat
370 543 485 631 precio
510 543 734 635 conducebat,
766 551 799 612 et
812 543 1038 631 congregavit
1063 542 1241 610 exercitum
1262 559 1400 630 magnum,

295 641 425 710 scilicet
446 650 589 729 quatuor
618 645 718 712 millia
747 643 884 711 militum
922 659 995 709 cum
1035 642 1130 728 equis
1165 639 1350 729 phaleratis
1379 651 1403 708 et

295 741 383 808 omni
413 739 466 808 die
486 743 726 830 quinquaginta
745 760 826 811 vasa
848 743 917 810 vini
935 746 968 808 et
986 741 1220 828 septingentas
1237 737 1331 806 libras
1350 756 1404 806 me-

295 840 403 906 tensis
421 847 552 908 monete
580 841 803 930 stipendiariis
826 841 1043 928 ministravit,
1062 839 1173 924 coegit
1192 840 1336 908 comitem
1350 839 1404 906 Ba-

296 955 427 1006 rensenr
464 941 535 1008 eius
567 941 824 1010 misericordiam
847 940 1039 1029 suppliciter
1058 940 1225 1008 inuocare.
1269 936 1406 1006 Consules

295 1034 564 1123 Argentincnses
588 1042 678 1109 cives
703 1059 784 1110 suos
815 1057 922 1128 equos
948 1037 1071 1106 babere
1095 1037 1161 1107 duo
1189 1037 1290 1105 millia
1307 1054 1407 1125 prece-

295 1153 388 1226 pere.
414 1133 505 1206 Obiit
519 1138 714 1209 Cnonradns
733 1139 775 1208 de
797 1139 983 1207 Wirciburc
1000 1141 1034 1205 in
1054 1137 1239 1206 Teutonico
1260 1136 1407 1204 multorum

294 1237 458 1305 bonorum
483 1237 694 1308 dictaminum
719 1239 923 1327 compilator.
964 1237 1044 1305 item
1065 1244 1230 1305 venerunt
1251 1236 1293 1304 ad
1317 1253 1407 1320 regen

294 1333 471 1402 liudolium
499 1335 649 1406 lossorcs
679 1340 829 1427 argenti,
868 1339 923 1425 qui
954 1344 1061 1404 turres
1082 1337 1164 1404 sitas
1188 1337 1223 1402 in
1249 1335 1411 1403 durissimis

295 1435 398 1522 petris
417 1434 626 1504 suiloderunt
649 1444 682 1505 et
707 1455 766 1506 eas
793 1437 904 1506 subito
932 1435 1134 1506 deiecerunt.
1160 1433 1340 1503 Abbatissa
1361 1433 1410 1500 Se-

297 1534 455 1601 conensis
471 1551 535 1620 quc
554 1540 587 1603 et
600 1538 807 1623 procuratrix
823 1537 958 1604 claustri
974 1535 1072 1604 vallis
1091 1533 1244 1604 Mascnis
1268 1536 1302 1601 in
1322 1532 1413 1601 domi-

188 1689 193 1697 .
296 1649 373 1699 nam
399 1632 532 1700 claustri
555 1633 870 1705 Montis-Romarici
897 1635 1099 1705 sublimatur.
1126 1635 1317 1724 Episcopus
1335 1633 1413 1700 Basi·

296 1730 413 1800 liensls
428 1738 545 1800 terram
561 1736 688 1803 comitis
705 1733 1022 1821 Montis-Bilgardis
1036 1741 1190 1823 potenter
1204 1733 1340 1800 intravit
1352 1731 1415 1819 plu-

299 1847 420 1917 resque
438 1832 532 1901 villas
544 1832 729 1902 devastavit
736 1857 744 1922 3
757 1853 869 1904 comes
879 1851 959 1903 vero
970 1833 1012 1902 de
1023 1833 1178 1902 militibus
1193 1833 1344 1921 episcopi
1356 1831 1415 1918 plus

298 1923 417 2016 ιιιιιιιιι1
434 1933 674 2047 quinquaginta
698 1932 740 2001 de
760 1933 980 2002 nobilioribus
995 1951 1035 2001 ac
1051 1932 1226 2001 ditioribus
1246 1931 1419 2020 captivavit

371 2028 417 2099 Μ.
420 2047 465 2097 cc
467 2030 557 2099 lxxx
558 2051 625 2101 vm
650 2033 785 2121 Expulit
806 2033 959 2101 dominus
987 2032 1091 2100 abbas
1107 2030 1341 2100 Morbacensis
1358 2047 1416 2096 on·
1434 2049 1435 2104 l

297 2145 358 2196 nes
373 2129 504 2198 nobiles
521 2129 563 2198 dc
578 2131 716 2199 castello
735 2131 899 2200 Gebwilre
920 2149 1038 2220 proco
1057 2129 1148 2219 quod
1170 2149 1208 2198 so
1227 2137 1341 2198 mutuo
1356 2127 1436 2196 unl

297 2235 497 2296 moraverunt
532 2227 767 2300 fraudulenter
818 2229 920 2317 Regis
951 2229 1081 2299 Rudolll
1112 2229 1200 2297 irlius
1224 2218 1438 2344 lantgravio

297 2318 448 2393 Alsatie²
469 2345 541 2395 cum
562 2334 692 2396 centum
712 2331 807 2417 equis
832 2331 972 2399 incuria
991 2347 1141 2399 sororum
1164 2328 1206 2397 de
1225 2302 1439 2428 Columbaria

298 2423 361 2493 sub
372 2425 455 2494 Tilia
467 2444 604 2514 requreu
606 2429 638 2495 rt
666 2428 847 2498 Undecimo
865 2429 930 2498 lral
946 2427 1100 2511 februarii
1118 2428 1317 2496 multocies
1332 2442 1420 2516 prope

297 2523 468 2593 Montem-
471 2525 636 2613 Rilgardis
657 2537 905 2618 convenerunt,
932 2535 1047 2598 contra
1066 2534 1377 2616 sepugnaverunt‚
1399 2531 1423 2591 et

297 2621 373 2712 plus
391 2643 488 2712 qnam
509 2632 675 2716 trecento,
692 2634 730 2695 ut
745 2627 916 2696 dicebatur
939 2647 959 2695 a
984 2627 1152 2716 pluribus,
1174 2628 1364 2715 perierunt;
1386 2627 1424 2691 si·

297 2723 417 2792 militer
440 2732 472 2793 et
488 2727 581 2814 porci
606 2725 779 2795 domestici
798 2728 886 2794 eirca
906 2727 1047 2795 eundem
1069 2727 1178 2794 locum
1202 2727 1337 2813 plurimi
1352 2741 1424 2792 con·

298 2830 461 2892 uenerunt
487 2831 521 2891 et
545 2842 583 2892 sc
607 2829 728 2894 mutuis
749 2825 912 2894 morsibus
928 2825 1130 2894 occidemnt.
1156 2824 1256 2893 iudei
1272 2823 1427 2893 dederunt

298 2923 370 3007 regi
387 2919 531 2990 Rudollo
550 2924 667 3009 viginti
683 2925 784 2992 millia
805 2943 986 2994 marcarum
1009 2932 1046 2992 ut
1068 2925 1116 2992 cis
1133 2923 1175 2992 de
1195 2924 1260 2992 illis
1283 2923 1328 2992 de
1350 2922 1427 2988 We-

300 3019 363 3086 sila
379 3025 412 3087 et
434 3020 476 3089 de
493 3020 656 3109 Popardia
673 3023 843 3092 indicaret.
870 3025 964 3092 Circa
981 3023 1222 3113 purificationis
1242 3023 1338 3091 venit
1353 3038 1427 3089 ven-

299 3124 353 3192 tus
377 3119 432 3206 qui
452 3137 605 3206 magnam
633 3122 749 3189 silvam
777 3123 838 3192 sub
857 3123 1033 3192 Holrinnac
1057 3121 1216 3190 radicitus
1237 3121 1428 3190 devastavit.

299 3215 390 3284 Idem
410 3224 529 3286 ventus
546 3219 730 3288 Flandriam
747 3239 878 3290 occano
896 3222 1068 3291 inundavit
1087 3221 1130 3290 ad
1153 3224 1217 3289 tria
1231 3239 1357 3308 magna
1372 3219 1429 3286 mi-

298 3315 393 3384 liaria
417 3323 451 3384 et
475 3316 663 3406 plusquam
688 3322 930 3409 qninquaginta
955 3322 1055 3390 millia
1071 3322 1239 3391 hominum
1260 3318 1431 3388 interiecit.

298 3413 370 3484 Rex
386 3413 547 3485 liudolfus
571 3421 791 3505 congregavit
822 3422 997 3489 exercitum
1025 3425 1063 3488 ut
1090 3421 1268 3489 obsessum
1292 3424 1430 3487 castrum

299 3514 551 3602 Magantinonsi
578 3517 713 3586 domino
739 3518 990 3608 archiepiscopo
1012 3519 1176 3587 liberaret.
1217 3516 1310 3586 Obiit
1338 3517 1432 3586 irater

300 3613 476 3729 lleinricus
500 3614 627 3684 ordinis
646 3615 782 3746 iratrum
791 3616 960 3731 lilinorum
985 3617 1138 3732 dominus
1161 3617 1432 3705 archiepiscopus

302 3811 482 3926 episcopus
503 3767 761 3900 Argentioensis
786 3821 820 3884 et
841 3767 933 3884 cives
959 3812 1225 3929 Argentinenses
1252 3821 1286 3882 et
1312 3813 1433 3883 domini

302 3917 389 3978 terre
417 3913 449 3979 in
475 3912 683 3982 Columbaria
705 3915 797 4001 pacis
820 3913 934 3983 federa
957 3916 1168 4002 iuraverunt;
1193 3915 1330 4003 insuper
1354 3915 1435 3981 inter

302 4008 420 4078 iratres
438 4010 670 4099 Prodicatores
698 4018 730 4080 et
747 4013 838 4080 cives
857 4009 1122 4100 Argentinensos
1150 4030 1354 4101 componere
1375 4029 1434 4078 vo·

300 4107 442 4176 luissent
498 4107 622 4196 Regem
647 4109 823 4180 lindolium
851 4112 984 4198 legatus
1008 4113 1146 4182 Francia
1168 4113 1326 4182 visitavit
1369 4109 1436 4178 Rex

334 4213 367 4278 t)
386 4229 464 4283 quam
484 4214 519 4267 iat
538 4230 592 4268 von
610 4214 661 4270 mir
679 4220 796 4283 argium.
834 4217 866 4283 2)
884 4216 938 4272 dux
957 4217 1071 4272 Bavaric
1090 4217 1136 4272 bat
1154 4217 1213 4272 bier
1229 4215 1299 4272 noch
1315 4215 1362 4270 die
1382 4215 1420 4269 bs.
