2950 4836
278 237 348 304 ΜΟ
642 261 1046 308 mmmmmmffi

197 413 263 467 1290
281 399 501 487 assignando.
526 399 625 469 Anno
642 400 764 470 domini
783 417 864 467 mcc
867 452 974 467 .....
994 398 1147 466 dominus
1165 399 1333 467 Latiniaus
1351 419 1407 466 rex

276 501 421 586 Ungarie
451 501 522 567 sine
559 499 738 568 heredibus
767 500 919 589 moritur,
950 505 984 566 ct
1010 499 1148 566 comites
1176 515 1239 566 seu
1265 498 1405 566 barones

277 599 427 667 eiusdem
450 601 544 684 regni
565 597 643 689 as-]
1000 625 1002 628 ·

350 698 500 765 Moeso.
518 697 597 765 Cum
612 697 768 766 hibertus
787 696 853 765 dux
865 694 999 764 Austrie
1018 715 1091 764 cum
1111 695 1292 764 Chunrado
1316 695 1407 763 Sain-

276 797 436 883 burgensi
451 797 705 885 archiepiscopo
721 795 946 883 discordaret,
966 801 999 862 et
1017 814 1059 864 ex
1074 800 1216 882 utraque
1230 801 1328 882 parte
1349 795 1407 862 sibi

277 897 420 984 dampna
434 897 548 978 gravia
570 897 767 984 intulissent,
783 895 870 963 idem
892 894 1162 982 archiepiscopus
1181 893 1408 962 consederant

278 996 341 1063 sibi
364 992 518 1063 ottonem
545 995 662 1062 ducem
694 996 865 1082 Bawarie,
897 999 930 1060 et
956 1011 1023 1060 una
1050 1011 1124 1061 cum
1148 993 1305 1081 predicto
1328 992 1407 1060 duce

277 1094 480 1162 Kariathiam
499 1100 551 1161 est
567 1096 762 1182 ingressus,
784 1092 958 1160 fiduciatus
978 1093 1019 1160 ab
1042 1093 1161 1160 incolis
1185 1091 1280 1178 quod
1298 1099 1409 1179 posset

277 1201 393 1260 terram
413 1193 522 1280 Styrie
541 1193 699 1261 obtinere.
734 1191 802 1260 Sed
819 1192 951 1259 tandem
976 1209 1037 1259 cos
1060 1190 1165 1259 redire
1189 1191 1319 1259 iniecto
1348 1209 1408 1258 ne-

277 1294 377 1378 gocio
400 1292 551 1360 densitas
568 1294 690 1359 uirium
706 1291 936 1379 compellebat.
969 1290 1129 1378 Sequenti
1155 1309 1236 1358 nero
1264 1295 1409 1377 tempore

276 1391 445 1479 predictus
462 1391 734 1479 archiepiscopus
751 1392 840 1478 cepit
861 1390 958 1457 hlium
978 1389 1072 1456 ducis
1089 1388 1260 1456 Karinthie
1274 1382 1298 1478 ¹,
1323 1391 1410 1456 cuius

276 1489 428 1558 liberatio
446 1509 567 1576 magna
585 1491 721 1558 occasio
738 1489 799 1557 suit
822 1489 911 1576 quod
928 1507 994 1576 pax
1011 1491 1096 1554 inter
1111 1489 1206 1576 ipsos
1225 1489 1338 1556 extitit
1360 1507 1410 1555 re·

277 1590 424 1656 iormata.
460 1589 657 1676 Superque
687 1587 922 1656 reformatione
949 1587 1126 1654 Heinricus
1151 1585 1410 1674 Ratisponensis

279 1689 536 1775 opiscopusuna
554 1687 800 1756 cumLudwico
817 1687 901 1754 duce
913 1687 1063 1754 Bawarie
1075 1685 1217 1754 sollicite
1235 1686 1412 1754 laboravit.

277 1785 351 1867 Qua
370 1786 548 1854 concordia
567 1786 704 1854 durante
719 1788 774 1853 vix
787 1786 829 1853 ad
844 1793 912 1854 tres
928 1803 1035 1853 anuos
1049 1785 1101 1852 vel
1120 1786 1219 1873 paulo
1237 1787 1330 1874 plus,
1347 1785 1413 1852 dux

276 1886 411 1954 Austrie
429 1885 561 1953 obsedit
575 1885 709 1974 opidum
726 1885 843 1953 Rastat
856 1885 899 1953 ad
913 1885 999 1952 duos
1018 1901 1152 1950 menses
1174 1885 1229 1952 vel
1243 1883 1413 1953 modicum

157 2029 167 2040 -
277 1986 427 2073 amplius.
460 1983 490 2052 A
514 2003 580 2072 qua
601 1984 778 2052 obsidione
802 1985 935 2052 tandem
960 1989 1095 2071 propter
1118 1985 1265 2070 inopiam
1282 1985 1415 2051 victua-

276 2086 372 2173 lium,
398 2101 462 2170 que
482 2101 542 2170 per
559 2091 704 2170 angusta
720 2085 878 2151 montium
897 2082 1016 2150 adduci
1034 2081 1239 2150 sufficienter
1256 2101 1329 2150 non
1347 2099 1415 2170 po-

277 2189 400 2271 teraut,
428 2182 545 2250 dicitur
568 2185 773 2271 recessisse,
802 2185 879 2269 quia
905 2188 938 2249 et
962 2181 1030 2248 dux
1057 2177 1134 2248 Otto
1160 2199 1234 2248 cum
1263 2184 1415 2250 exercitu

276 2281 1185 2369 mfflmfflmmmmmwmfflmmm

349 2379 518 2448 Mccxei.
546 2373 691 2448 Civitas²
707 2379 854 2473 Aharon,
875 2397 972 2467 quam
999 2379 1105 2447 solam
1122 2378 1293 2446 habebant
1313 2377 1414 2445 Chri-

277 2479 375 2547 stiani
393 2480 426 2546 in
444 2483 532 2546 terra
550 2486 677 2567 saneta,
698 2480 842 2547 obsessa
861 2485 912 2546 est
929 2496 990 2566 per
1009 2477 1189 2546 Scldanum
1207 2477 1412 2565 Babylonia,

277 2584 311 2646 ei-
327 2596 386 2666 per
404 2577 624 2665 quadraginta
642 2577 715 2646 dies
734 2583 766 2646 ei
784 2583 901 2646 noctes
919 2579 992 2645 sine
1010 2578 1257 2644 intermissione
1275 2578 1415 2664 impug-

276 2684 356 2744 nata
374 2682 471 2765 capta
489 2683 558 2767 est,
579 2677 749 2745 ebibidem
768 2677 870 2745 muita
883 2676 1140 2744 Christianorum
1158 2677 1247 2742 milia
1266 2682 1300 2744 et
1315 2681 1415 2763 capta

278 2782 355 2843 sunt
373 2782 406 2843 et
424 2777 556 2866 occisa,
576 2777 678 2863 aliqui
697 2781 806 2844 autem
823 2794 881 2864 per
898 2777 1066 2861 navigium
1085 2773 1249 2861 sugerunt.
1275 2775 1318 2842 Et
1335 2777 1414 2861 quia

277 2875 451 2944 multorum
470 2881 539 2943 erat
557 2877 680 2964 opinio,
700 2874 839 2962 quodsi
859 2874 977 2942 iratres
997 2873 1169 2942 domorum
1187 2871 1324 2962 ibidem,
1346 2875 1414 2940 sci-

276 2973 355 3041 licet
380 2974 511 3062 Hospit.
537 2975 661 3062 Templ.
680 2979 713 3042 et
731 2975 872 3042 Teuton.
892 2978 925 3040 et
942 2972 1088 3060 reliquus
1107 2971 1255 3060 populus
1275 2975 1413 3040 omnino

277 3073 533 3160 concordasset,
549 3075 669 3166 ciuitas
689 3079 786 3161 capta
804 3090 872 3141 non
891 3071 1028 3155 fuisset,
1048 3071 1217 3139 mandavit
1234 3091 1326 3160 papa
1355 3069 1414 3138 Ni-

277 3171 394 3237 colaus
420 3171 572 3238 omnibus
598 3172 793 3258 patriarchis
813 3168 1265 3260 archiepiscopis'episcopis
1285 3175 1321 3238 et
1339 3171 1413 3237 aliis

276 3269 430 3357 prelatis,
455 3275 492 3336 ut
510 3271 651 3338 concilia
668 3271 1115 3359 provincialiacelebrarent,
1136 3276 1169 3336 et
1187 3269 1414 3338 deliberarent

278 3387 344 3456 qua
370 3387 434 3456 ope
460 3369 515 3436 vel
541 3371 682 3437 consilio
710 3370 817 3438 cidem
841 3375 925 3437 terre
951 3370 1061 3457 possit
1085 3369 1266 3436 subveniri.
1294 3369 1340 3435 Et
1356 3387 1414 3456 par

277 3469 453 3536 concilium
477 3467 622 3536 habitum
649 3469 845 3556 Saltzpurge
871 3469 1065 3556 rescriptum
1092 3466 1153 3534 iuit
1170 3467 1308 3535 dominc
1326 3485 1413 3555 pape

278 3571 311 3633 et
328 3568 535 3654 consultum,
553 3574 589 3634 ut
611 3567 751 3655 predicti
776 3574 843 3634 tres
867 3567 1000 3634 ordines
1020 3567 1232 3635 counirentur
1249 3566 1294 3634 ad
1311 3585 1412 3634 uuum

278 3665 444 3754 ordinem,
471 3667 662 3734 melioribus
687 3685 798 3735 eornm
825 3666 1047 3734 observantiis
1070 3667 1104 3732 in
1130 3683 1230 3732 unum
1251 3665 1408 3752 redactis,

278 3769 311 3830 et
330 3764 419 3850 quod
436 3765 478 3832 ad
494 3782 687 3833 succursum
704 3764 853 3834 eiusdem
872 3771 958 3832 terre
980 3770 1096 3832 sancte
1113 3782 1172 3832 rex
1187 3763 1410 3832 Romanorum

278 3879 351 3928 cum
375 3864 579 3952 principibus
603 3871 788 3932 vocaretur.
815 3861 878 3944 Qui
901 3865 1013 3930 nuncii
1037 3869 1215 3950 antequam
1235 3865 1410 3931 venissem

277 3959 320 4058 ad
343 3963 463 4028 curiam
483 3981 570 4050 papa
589 3969 735 4030 mortuus
758 3968 819 4030 est.
845 3961 888 4030 Et
905 3965 954 4030 sic
972 3962 1037 4030 hoc
1054 3963 1234 4048 negocium
1254 3965 1410 4030 remansit

276 4057 442 4126 mmm

313 4205 340 4266 i]
359 4201 483 4255 Bawarie
501 4203 580 4255 stand
599 4211 653 4256 ersi
671 4206 697 4256 in
717 4204 765 4258 dar
782 4204 822 4258 bs.
859 4207 890 4270 2)
910 4204 1000 4258 dieser
1018 4203 1109 4257 absatz
1127 4203 1272 4258 Civitas-
1285 4203 1408 4258 iniectum

161 4307 165 4314 κ
278 4267 344 4323 sebit
361 4272 389 4323 in
407 4269 457 4323 der
473 4270 512 4324 hs.
532 4270 602 4323 steht
621 4271 685 4325 aber
703 4272 773 4326 auch
792 4275 827 4326 im
846 4272 943 4327 Obrorr.
964 4271 1054 4326 Saizb.
