2962 4834
423 255 585 302 ennarraon
606 257 835 307 rurrrosnransr,
1120 231 1193 300 tto

61 396 251 484 sumptuosi
282 399 396 463 contra
427 397 551 481 regiam
583 395 692 464 villam
718 395 920 464 hluhlhuscn
946 399 1190 486 conspirantes,
1212 413 1277 469 tusa

64 493 230 583 quosdam
255 500 398 563 armatos
425 495 572 562 curribus
590 496 765 582 impositos
784 495 914 563 occulte
933 497 1020 564 circa
1037 498 1119 566 solis
1138 514 1195 565 or·

63 601 133 662 tum
153 592 261 661 eidem
279 593 356 661 ville
383 592 594 662 inducendos
612 600 890 683 procuraverunt,
910 613 1076 663 annonam
1096 613 1196 685 super

63 712 103 760 sc
121 694 265 780 positam
280 691 517 780 ostendentes,
537 693 655 779 quibus
667 694 831 779 ingressis
846 693 937 781 ipsas
956 696 1097 762 civitatis
1114 713 1195 784 por-

63 799 117 860 tas
135 790 258 858 tamdiu
271 791 459 859 nitebantur
475 809 649 881 occupare,
666 792 774 860 donec
788 793 936 880 ipsorum
946 794 1126 882 complices
1140 795 1194 860 in-

61 894 234 958 troissent.
261 887 358 968 Quod
375 895 411 956 ut
429 891 520 958 cives
547 898 703 978 percaute
723 897 975 981 cognoverunt,
995 892 1193 960 sonantibus

62 989 235 1076 campanis
254 987 296 1056 ad
320 1006 408 1055 arma
426 990 694 1078 conclamabant,
714 997 746 1057 ct
763 990 897 1057 viriliter
914 1007 952 1058 se
970 990 1193 1059 defendentes

62 1087 222 1155 tredecim
250 1105 291 1154 cx
315 1087 512 1155 adversariis
536 1089 762 1176 trucidabant,
789 1086 927 1156 cosdem
953 1091 987 1156 in
1007 1107 1075 1156 una
1097 1089 1193 1158 lossa

62 1186 160 1254 simul
188 1185 414 1253 subterrantcs
440 1187 619 1274 pluresque
646 1205 688 1254 ex
706 1187 779 1254 aliis
796 1189 828 1254 in
846 1185 926 1272 luga
944 1188 1168 1256 vulnerantes.

137 1283 212 1352 Hoc
233 1302 321 1352 anno
339 1283 422 1352 inira
445 1288 690 1371 sexagesimam
716 1282 798 1375 [leb.
819 1283 857 1376 3]
882 1303 976 1353 soror
989 1285 1192 1376 Margarcta,

60 1384 153 1469 regis
190 1381 335 1450 Heinrici
376 1383 433 1450 hlii
471 1385 625 1452 Friderici
659 1386 866 1473 imperatoris
904 1385 1036 1475 relicta,
1076 1385 1191 1454 relicto

60 1497 191 1549 summo
219 1500 345 1570 sponso
375 1499 437 1550 suc
461 1483 545 1550 lesu
572 1484 722 1573 Christo,
749 1501 847 1571 quern
876 1485 910 1550 in
936 1483 1021 1552 lacie
1046 1483 1191 1552 ecclesie

58 1580 193 1669 publico
216 1586 294 1649 voto
320 1583 444 1650 emisso
470 1583 650 1670 habituque
673 1584 845 1669 religionis
864 1590 1036 1672 assumpto
1052 1583 1193 1650 fideliter

60 1681 228 1767 elegerat,
248 1678 315 1746 lrlio
332 1682 424 1766 regis
444 1681 579 1748 Bocmie
600 1677 653 1749 F.¹
673 1682 749 1750 duci
767 1682 924 1750 videlicet
941 1681 1075 1750 Austric
1100 1700 1192 1770 nup·-

63 1780 123 1868 sit,
148 1797 221 1846 cum
236 1785 344 1846 tamen
360 1779 519 1847 affinitate
537 1780 644 1849 lorcnt
659 1783 836 1848 coniuncti.

135 1878 208 1944 lloc
225 1880 329 1945 eciam
345 1897 433 1946 anno
451 1881 595 1947 marchio
613 1879 800 1964 hlisnerrsis
817 1879 1030 1964 Thuringiam
1048 1880 1193 1946 veniens

58 1979 104 2044 rii
131 1977 196 2044 hal.
222 1977 418 2064 septembris
442 1979 475 2044 in
493 1978 707 2046 hlittclhusen
726 1977 920 2066 prouinciali
938 1977 1086 2064 presedit
1102 1976 1191 2045 iudi-

58 2078 132 2163 cio,
151 2073 335 2164 pacemque
355 2093 427 2143 cum
447 2082 530 2143 terre
549 2076 729 2145 baronibus
747 2075 961 2143 confirmarit.
984 2076 1071 2143 Dein
1088 2076 1190 2144 tercia

56 2175 111 2242 die
132 2226 139 2239 .
158 2225 166 2239 .
185 2227 191 2239 .
211 2227 218 2240 .
237 2180 381 2241 castrum
400 2174 534 2242 obsedit
551 2193 591 2242 ac
609 2177 642 2242 in
661 2174 863 2242 deditionem
882 2175 1046 2265 suscepit,
1064 2175 1190 2263 ipsius-

56 2290 123 2361 que
142 2275 243 2340 castri
261 2272 426 2340 dominum
445 2275 608 2361 captivum
629 2273 810 2341 abducens

133 2369 209 2438 Hoc
231 2389 319 2439 anno
347 2373 380 2438 in
408 2389 491 2440 cena
517 2373 640 2440 domini
669 2379 746 2440 sunt
769 2375 903 2440 invente
935 2372 1072 2459 reliquie
1099 2371 1190 2440 beati

56 2470 231 2537 Wicbcrti.
245 2470 391 2559 abbatis,
416 2489 456 2538 ac
473 2478 594 2558 postea
619 2473 652 2538 in
670 2473 794 2557 vigiliis
812 2472 900 2539 beati
919 2470 1082 2538 lobannis
1101 2470 1190 2559 bap-

54 2571 134 2636 tiste
154 2571 349 2636 auctoritate
368 2569 492 2636 domini
514 2571 617 2655 legati
637 2578 736 2657 atque
755 2569 944 2655 hlaguntini
963 2568 1025 2635 sub
1043 2569 1189 2636 transla-

53 2669 159 2734 tionis
178 2661 308 2754 titulo²;
328 2667 445 2736 eadem
464 2669 635 2736 translatio
654 2669 780 2756 populo
800 2669 1028 2755 sollempniter
1045 2673 1097 2734 est
1114 2685 1190 2734 ma-

52 2765 223 2834 nifestata.
249 2767 375 2834 Eodem
400 2784 488 2834 anno
514 2769 569 2834 iiii.
596 2768 660 2835 hal.
688 2766 835 2835 octobris
854 2766 935 2834 obiit
952 2765 1052 2833 irater
1068 2763 1189 2834 Helvi-

52 2883 116 2932 ous
134 2865 240 2958 lector
256 2865 421 2933 hlinorum
440 2865 580 2934 fratrum.

131 2962 231 3034 Anno
250 2963 373 3032 domini
386 2967 541 3032 mechilt.
557 2965 634 3033 dum
648 2963 859 3052 supradictus
877 2962 1008 3048 legatus
1027 2978 1086 3050 pro
1102 2978 1189 3049 quo-

54 3063 134 3131 dam
158 3062 315 3130 theloneo
342 3062 411 3130 sere
435 3063 1003 3150 perannumexcommunicationis
1023 3061 1189 3129 sententia

53 3162 293 3246 hlcguntinum
318 3160 531 3251 innodasset,
557 3180 598 3230 ac
624 3163 712 3229 illius
739 3163 936 3230 sententiam
958 3166 1074 3228 contra
1101 3177 1188 3226 mar-

52 3261 209 3328 chionem
227 3259 418 3326 Heinricum
437 3261 536 3328 latam
555 3252 757 3351 cassasset,³
774 3263 863 3330 circa
875 3259 1002 3348 pascha
1023 3254 1109 3348 [apr.
1121 3255 1185 3348 to]

51 3360 262 3426 reconciliati
281 3365 367 3426 sunt.

130 3456 205 3525 Hoc
231 3460 334 3524 eciam
361 3475 449 3526 anno
476 3475 554 3525 non.
573 3458 686 3545 aprilis
706 3453 790 3547 [apr.
811 3455 850 3548 5]
871 3456 952 3524 obiit
968 3453 1188 3523 Wildcbran-

54 3556 120 3623 dus
141 3555 448 3642 hlagdeburgcnsis
469 3557 751 3644 archiepiscopus.
777 3555 850 3622 Hoc
870 3557 975 3622 eciam
1000 3571 1089 3621 anno
1116 3551 1188 3620 Cri-

53 3661 173 3722 stanus
198 3655 420 3740 hloguntinus
446 3655 720 3743 archiepiscopus
748 3654 997 3741 hospitaliorum
1023 3651 1128 3720 ordini
1150 3669 1188 3719 se

53 3753 199 3822 tradidit.
239 3752 312 3820 Hoc
334 3754 437 3820 eclam
466 3773 554 3822 anno
578 3754 797 3841 Moguntinus
821 3751 951 3819 cuidam
978 3750 1188 3819 Theoderico

53 3856 216 3940 episcopo
236 3851 277 3918 dc
295 3852 463 3919 hlinorum
482 3851 614 3919 iratrum
640 3853 756 3920 ordine
774 3853 865 3919 vices
886 3867 966 3918 suas
990 3852 1023 3917 in
1047 3850 1189 3917 Thurin-

52 3955 111 4038 gia
134 3952 307 4018 commisit.
335 3949 399 4030 Qui
415 3950 601 4038 llrphordie
620 3953 803 4039 septimana
821 3957 1038 4040 pentecostes
1053 3947 1188 4017 ordines

85 4126 118 4192 i]
138 4123 170 4178 0.
191 4122 255 4176 oder
273 4123 318 4189 tt,
338 4123 454 4176 nimllch
481 4122 632 4178 Otacharus
659 4123 725 4176 oder
753 4124 878 4188 Prenrizl,
897 4139 954 4178 was
972 4121 1118 4175 donselben
1142 4120 1188 4174 ba-

51 4191 189 4255 zeichnet‚
207 4190 286 4244 sollte
304 4208 334 4244 es
353 4191 469 4246 hclssen.
506 4193 536 4258 2)
555 4192 673 4262 reposita
692 4191 764 4245 odcr'
776 4199 858 4246 etwas
875 4191 1014 4245 unrrtiches
1031 4189 1135 4244 scheint
1153 4205 1188 4242 zu

49 4259 150 4315 sehlcu.
186 4261 217 4327 3)
235 4259 319 4328 vergl.
340 4260 392 4315 den
411 4258 485 4314 brial
499 4260 546 4314 des
564 4259 670 4328 legaten
690 4259 732 4314 bei
750 4259 845 4315 Gudcn
864 4259 929 4314 (lod.
948 4259 1013 4330 dipl.
1034 4261 1119 4326 1,636.
