2878 4834
413 213 535 260 urrounr
557 215 622 262 cnr.
643 215 707 262 nur.
728 213 829 262 conos.
1117 173 1188 254 '283

56 351 196 421 relicum
221 352 330 421 nullus
354 350 550 420 Coloniensi
574 351 718 422 ecclesie
742 350 907 442 prefuisse
924 349 1106 440 invenitur,
1133 350 1189 438 qui

57 451 193 538 quidem
215 453 248 520 in
275 452 431 538 catalogo
457 451 649 540 pontificum
675 451 924 520 Coloniensium
949 467 1018 518 non
1044 450 1189 540 ponitur,

57 552 134 638 quia
151 551 289 619 heresin
305 549 477 619 Arrianam
495 549 647 640 fovebat,
671 555 805 638 propter
822 565 921 637 quam
938 549 1036 615 ctiam
1053 550 1088 615 in
1105 565 1190 616 con-

56 650 132 717 cilio
161 648 399 738 Agrippinensi
425 665 514 716 anno
532 648 656 718 domini
674 647 856 716 d.cc.xl.vii.
876 647 938 715 sub
957 645 1046 715 lulio
1064 663 1153 736 papa
1170 665 1191 715 a

55 747 208 837 pluribus
228 749 332 816 Gallie
351 754 383 816 et
403 747 577 816 Germania
595 749 765 836 episcopis
785 752 837 815 est
855 745 1040 833 depositus.

129 846 291 916 Secundo
324 863 406 933 ergo
439 854 576 916 sanctus
604 847 783 914 severinus
809 845 1009 913 substitutus
1040 847 1217 931 repertus„
1247 885 1261 920 q·
1282 893 1310 914 ‚,

57 946 251 1034 episcopus.
276 943 306 1012 A
325 950 444 1013 sancto
462 945 614 1013 Materno
638 951 748 1013 autem
765 943 808 1012 ad
827 949 977 1011 sanctum
995 941 1191 1012 Severinum

56 1049 289 1134 computantur
307 1045 384 1112 anni
403 1061 471 1112 ccc.
497 1043 607 1125 Quare
625 1049 735 1112 autem
757 1043 846 1111 idern
863 1043 1080 1130 episcopatus
1097 1046 1190 1109 tanto

54 1145 216 1231 temporis
247 1143 425 1212 interstitio
458 1145 644 1232 vacaverit,
676 1143 766 1210 varie
797 1141 960 1209 habentur
989 1141 1190 1233 coniectare.

55 1241 223 1310 Videlicet
247 1240 337 1331 cuod
360 1243 396 1309 in
418 1244 650 1330 paganismum
673 1257 759 1328 gens
783 1240 883 1308 luerit
907 1238 1058 1334 relapsa5
1083 1243 1140 1306 aut
1161 1238 1192 1306 si

57 1343 111 1428 qui
130 1340 254 1409 luerint
272 1341 441 1430 episcopi,
461 1341 503 1409 ob
520 1339 766 1432 persecutionis
785 1339 936 1430 sevitiam
952 1337 1096 1406 latenter
1114 1337 1192 1404 luc-

58 1441 140 1528 rint3
169 1433 231 1508 aut
250 1444 359 1530 certe,
387 1439 473 1508 siout
489 1439 607 1508 beatus
624 1439 797 1508 Maternus
816 1442 850 1506 et
867 1451 1086 1504 successores
1105 1436 1192 1504 Fre-

57 1555 253 1628 vcrensem‚
278 1539 327 1606 sic
344 1535 579 1606 Coloniensem
608 1538 786 1606 ecclesiam
803 1535 976 1630 regebant
1002 1534 1053 1602 De
1072 1534 1191 1622 rpribus

60 1637 292 1726 opinionibus,
319 1637 397 1723 auia
420 1637 499 1704 nihil
525 1642 614 1706 certo
631 1637 815 1726 invenitur,
841 1633 989 1724 prudens
1007 1633 1112 1703 lector
1130 1631 1192 1702 ac-

57 1741 165 1804 uertat
182 1735 262 1823 quid
280 1741 412 1823 reputet
429 1735 676 1804 admittendum.

133 1836 245 1903 Tertio
270 1834 348 1903 loco
374 1837 540 1904 successit
564 1835 684 1904 beatus
709 1833 891 1922 FrigistuS,
916 1830 1024 1898 sancti
1039 1829 1193 1898 ¹Severini

61 1932 261 2024 discipulus,
287 1934 342 2020 qui
359 1935 393 2001 in
417 1935 558 2002 transitu
576 1931 780 2002 sanctissimi
796 1930 937 1998 Matemi
955 1929 1112 2016 hymnum
1130 1947 1193 1997 au-

61 2033 203 2118 gelicum
232 2049 306 2100 curu
329 2033 405 2120 ipso
423 2033 583 2119 magistro
602 2033 737 2100 audivit.
772 2027 834 2097 llic
851 2035 971 2118 postca
987 2026 1078 2119 apud
1095 2027 1192 2096 Fun-

63 2149 164 2222 gren‚
183 2149 248 2218 quc
269 2136 301 2199 et
319 2127 458 2198 Octavia
476 2131 611 2222 dicitur,
627 2131 860 2218 ‘martyrizatus
884 2132 946 2197 est.

133 2227 260 2310 Quarto
278 2230 355 2300 loco
374 2231 541 2299 successit
559 2229 715 2300 solatius.

132 2326 255 2409 Quinto
273 2328 350 2396 loco
369 2327 547 2398 Sinoneus.

133 2426 238 2495 Sexto
256 2427 331 2495 loco
348 2427 559 2496 Remedinus.

134 2525 283 2614 Septimo
310 2532 447 2595 sanctus
473 2525 687 2616 Cunibertus‚
715 2526 772 2614 qui
803 2521 891 2593 sedit
919 2521 1016 2591 annis
1043 2521 1192 2609 quadra·

63 2624 162 2708 ginta.
188 2623 252 2692 Hic
277 2623 337 2692 luit
361 2617 565 2714 temporibus
591 2623 735 2694 Heraclii
761 2623 967 2712 imperaturis
994 2621 1118 2688 eteius
1137 2619 1193 2687 ilii

65 2719 285 2814 Constantini,
313 2721 376 2792 sub
402 2723 600 2792 Francorum
631 2739 713 2810 rege
743 2720 938 2810 Daguberto
966 2719 1098 2787 eteius
1125 2718 1193 2787 filio

65 2818 247 2906 sigeberto.

134 2917 281 2988 Octavus
301 2917 360 2988 luit
376 2919 545 2989 Bocaidus
565 2919 627 2989 sub
646 2917 835 3008 sigeberto.
1248 2957 1251 2969 ,

133 3017 251 3087 Nonus
267 3017 456 3108 Stephanus
467 3018 530 3087 sub
542 3019 751 3089 Theoderico
769 3037 850 3106 rege
866 3015 1063 3088 Francorum
1078 3015 1207 3105 primu

134 3115 364 3186 aldowinus
384 3117 447 3185 sub
466 3118 594 3187 eudem.
1234 3100 1282 3140 ⁷⁹¹

133 3216 176 3284 xi.
195 3216 276 3284 Giso
296 3216 359 3285 sub
378 3215 642 3304 Clodoveorege
658 3218 757 3286 tertio
769 3221 802 3284 et
818 3213 1014 3286 Hildeberto
1033 3215 1213 3285 secundom
1230 3245 1251 3267 ·-
1269 3249 1295 3277 a

134 3315 188 3381 xii.
206 3313 306 3384 Anno
326 3313 388 3383 sub
404 3313 605 3384 Francorum
630 3333 711 3402 rege
730 3313 924 3402 Dagobcrtc
944 3314 1105 3384 secundo.
1131 3314 1194 3382 llic
1270 3349 1310 3382 ῳ,

68 3413 213 3499 sepultus
233 3421 285 3482 est
303 3413 391 3502 apud
410 3421 561 3482 sanctum
582 3413 776 3483 Severinum
795 3413 946 3482 Colonia.

135 3512 200 3579 xiii.
218 3511 444 3580 Faramundus
464 3514 525 3582 sub
544 3514 672 3582 eodem.

135 3611 211 3678 xiiii.
238 3611 381 3680 Sanctus
407 3608 562 3698 Agiollus
596 3612 658 3681 sub
685 3613 882 3682 Francomm
909 3627 990 3698 rege
1017 3609 1194 3680 Hilderioo.

69 3702 156 3776 Hunc
180 3709 270 3777 misit
296 3708 435 3778 Carolus
464 3711 583 3800 maior,
605 3729 688 3780 avus
716 3710 823 3778 Caroli
847 3711 975 3800 magni,
1000 3714 1114 3778 contra
1130 3711 1194 3777 irn-

69 3813 267 3892 pugnatores
286 3809 380 3895 regni
390 3859 399 3896 ‚
419 3825 520 3878 causa
537 3811 632 3898 pacis
639 3815 689 3900 ,a
707 3810 826 3898 quibus
845 3808 1021 3878 crudeliter
1038 3827 1194 3898 peremp-

70 3907 136 3991 tus,
154 3907 313 3994 martyrio
332 3911 529 3995 cononatus,
549 3907 660 3977 multis
679 3909 795 3978 claruit
812 3908 988 3977 miraculis.

134 4020 186 4074 xv.
210 4003 400 4074 lleinlridus
431 4007 493 4075 sub
522 4005 731 4077 Theoderico
762 4011 859 4076 sexto
884 4013 918 4076 et
943 4005 1111 4076 Hilderloo
1136 4021 1194 4075 sa·

71 4103 200 4272 cun{rori
216 4201 428 4291 Hildegerus.
456 4201 517 4272 Hic
536 4203 597 4272 sub
615 4201 732 4292 Pipinc
752 4217 851 4304 rege,
875 4203 983 4272 Caroli
1002 4203 1114 4290 magni
1131 4220 1194 4292 pa-
