2888 4824
275 167 347 235 [172
626 195 778 242 cunurous
800 193 1060 242 sruoeurrneuusrs

193 336 333 424 insequi
358 335 393 403 in
416 335 529 402 militia
552 335 687 402 eooisus
717 333 787 402 suit.
826 333 896 402 isto
923 349 1012 401 anno
1040 333 1129 400 venit
1154 331 1328 420 predietus
1355 351 1407 401 reu

273 435 473 522 Hagenoem
499 438 532 501 et
561 431 720 501 Aibertus
751 432 819 500 dux
848 429 981 500 Austrie
1013 450 1086 500 eum
1110 431 1213 500 multo
1241 431 1408 500 dominatu

273 539 353 624 post
369 527 619 622 Andree‘[nov.
640 529 715 624 30].
751 530 881 600 Deinde
907 533 1038 599 iverunt
1054 548 1174 599 versus
1195 527 1406 621 [Basileon]
1436 615 1437 626 ἵ

272 633 316 702 Et
331 633 377 700 ibi
395 634 487 700 stetit
503 649 563 720 per
579 630 687 699 festos
701 631 774 699 dies
788 632 969 699 nativitatis
988 628 1112 699 domini
1129 648 1190 698 rex
1207 647 1286 696 eum
1303 631 1406 697 multis
1436 637 1437 662 ³

274 731 465 801 baronibus.
499 729 597 799 Cives
615 749 646 798 x.
664 731 728 798 kal.
747 731 812 798 ian.
837 731 870 797 in
889 730 978 798 Wiie
997 731 1130 799 eivitate
1158 729 1328 797 vulnerati
1352 746 1408 796 oo-

275 833 336 901 oisi
356 831 444 918 eapti
462 830 595 898 inerunt
608 829 651 896 ad
669 829 856 897 mandatum
874 830 974 916 regis.

347 929 539 998 Meexeiii.
559 933 637 1016 post
656 927 799 1015 Agnetis
819 925 901 1018 [ian.
921 925 985 1020 21]
1005 929 1122 1014 regina
1139 929 1234 996 venit
1253 923 1408 995 Aehalne

275 1035 309 1097 et
336 1028 382 1096 ibi
409 1030 509 1096 stetit.
555 1026 625 1096 Rex
650 1030 743 1095 venit
767 1027 972 1114 Ennelingen
1001 1033 1080 1116 pust
1105 1026 1232 1095 Matbie
1269 1027 1408 1115 apostoli

276 1125 358 1219 [ieb.
378 1124 443 1218 2lt]
471 1133 503 1195 et
529 1128 726 1212 oongregeti
751 1125 883 1194 inerunt
908 1132 988 1195 tune
1013 1143 1128 1194 ornnes
1148 1127 1301 1194 barones
1320 1132 1409 1194 terre.

274 1228 317 1296 Et
330 1228 435 1296 eeiam
460 1232 538 1295 tuno
557 1243 673 1293 omnes
697 1243 814 1314 paoem
837 1227 1027 1294 iuraverunt
1053 1231 1163 1313 preter
1190 1226 1351 1294 eomitem
1374 1224 1409 1291 de
1437 1241 1438 1248 ¹

275 1325 509 1394 Wirtiuberob.
536 1324 666 1392 Deinde
684 1343 803 1394 versus
821 1323 918 1393 Helie
936 1332 971 1392 et
987 1323 1191 1394 Rothinbure
1210 1343 1290 1394 eum
1310 1324 1411 1391 multis

276 1425 438 1513 dominis,
477 1422 598 1492 deinde
629 1423 757 1511 Spiram
781 1425 873 1492 venit
903 1430 980 1492 ante
1007 1423 1177 1492 Gertrudis
1210 1420 1326 1514 [murz
1346 1421 1411 1512 11].

274 1523 323 1592 lbi
348 1523 405 1590 diu
431 1525 529 1590 stetit.
575 1522 705 1590 Deinde
737 1539 893 1591 reversus
924 1522 1083 1591 Aebulme
1113 1524 1148 1590 in
1176 1539 1267 1591 oeno
1295 1521 1410 1591 domini

277 1619 383 1714 [mim
402 1619 478 1712 26].
517 1620 646 1689 Deinde
664 1622 740 1690 Ura.
777 1619 906 1691 Deinde
924 1623 1104 1711 Erbipolin.
1143 1618 1243 1689 Anno
1264 1621 1410 1710 predioto

275 1739 389 1790 eomes
424 1720 636 1789 Gotbeiridus
655 1721 698 1789 de
716 1722 906 1808 Tuwingen
933 1723 1010 1789 emit
1035 1739 1055 1788 a
1082 1722 1201 1789 eomite
1219 1720 1411 1789 Eberhardo

276 1820 318 1890 de
350 1821 537 1906 Tuwingen
565 1819 653 1887 Wiie
686 1819 828 1889 Alttorse
855 1826 888 1888 et
913 1821 987 1888 alia.
1034 1821 1103 1888 Isto
1130 1838 1219 1888 anno
1248 1817 1410 1887 Ambrosii
1438 1825 1439 1840 ¹

279 1917 365 2011 [apr.
383 1919 425 2006 lv]
445 1919 525 1986 obiit
541 1918 577 1987 R.
596 1920 778 2008 episeopus
797 1919 1072 1987 Constaneiensis
1091 1919 1249 2005 Thurego
1260 1971 1272 2008 ‚
1288 1919 1411 2007 sepui-

276 2025 331 2087 tus
351 2019 386 2086 in
404 2017 616 2086 Constanoia.
635 2019 705 2086 isto
721 2037 810 2086 anne
827 2016 970 2087 Adelius
989 2035 1078 2086 nune
1094 2035 1153 2086 rex
1171 2024 1204 2086 et
1224 2013 1409 2107 [imagine]

276 2119 393 2203 regine
410 2116 541 2185 fuerunt
558 2117 602 2185 ad
621 2119 753 2206 nuptias
772 2120 806 2186 in
824 2117 1028 2206 Winspe'reh
1049 2115 1201 2186 seeundo
1218 2135 1338 2185 nenas
1354 2117 1412 2184 iuti

279 2213 352 2307 [iuti
381 2213 433 2306 6]
474 2216 566 2284 Idem
596 2235 656 2284 rex
686 2217 729 2285 ud
751 2218 955 2285 nativitatem
983 2221 1100 2284 saneto
1132 2215 1238 2283 Murio
1279 2217 1412 2301 virginis

279 2312 383 2405 [sept.
402 2312 443 2406 8]
462 2333 535 2382 eum
551 2317 699 2384 exereitu
718 2318 810 2384 venit
827 2319 860 2383 et
882 2333 955 2383 oum
971 2315 1082 2382 multis
1099 2314 1289 2383 baronibus
1306 2313 1352 2382 ad
1369 2316 1412 2382 ei-

276 2415 411 2482 vitatem
437 2413 557 2481 dietam
579 2415 711 2482 Disinze
734 2410 993 2504 episeopatum¹
1025 2421 1059 2482 et
1080 2431 1198 2482 versus
1227 2412 1411 2481 Colmuran

277 2513 460 2602 civitatem,
478 2515 585 2601 ipsam
605 2513 793 2582 obsidendo
810 2520 843 2582 et
859 2519 960 2582 totum
974 2513 1143 2582 Alsaeium
1165 2513 1252 2580 eirea
1275 2520 1313 2580 et
1336 2515 1411 2580 eirea

277 2611 491 2680 destruendo.
519 2612 716 2700 Tempestas
733 2634 764 2681 v.
781 2613 846 2680 kei.
862 2614 995 2698 augusti
1010 2613 1148 2680 maximo
1168 2610 1230 2679 suit
1246 2613 1284 2678 in
1305 2611 1411 2679 diver-

278 2712 326 2780 sis
342 2711 427 2778 loeis
450 2729 523 2778 eum
549 2719 650 2778 vento
673 2718 706 2780 et
729 2711 892 2798 grandine
914 2713 1001 2779 eirea
1024 2710 1209 2778 Neoearum
1231 2709 1367 2778 Renum
1385 2715 1411 2777 et

276 2809 484 2900 Danubium,
502 2827 629 2878 noeens
651 2811 823 2879 arboribus
841 2812 1061 2898 pomeriorum
1085 2815 1116 2877 et
1135 2810 1327 2900 sylvarum,
1360 2829 1410 2877 un-
1440 2831 1441 2900 ζ

277 2927 367 2977 none
387 2914 420 2975 et
442 2908 604 2976 domibus.
640 2909 720 2977 item
745 2926 858 2978 eomes
876 2909 1006 2977 Uirieus
1028 2908 1069 2976 de
1087 2909 1316 2976 Wirtiuberob
1344 2915 1410 2976 ante

278 3007 362 3074 Galli
380 3003 463 3096 [oet.
489 3006 552 3098 16]
572 3027 728 3094 magnum
750 3008 871 3077 testum
889 3008 1001 3076 habuit
1024 3009 1057 3073 in
1076 3007 1305 3093 Webelingen
1332 3009 1410 3075 eivi-
1440 3017 1441 3032 ³

278 3111 356 3172 tete.
382 3105 464 3172 Item
482 3106 547 3174 iste
579 3105 705 3198 [auno]
730 3125 842 3176 eomes
867 3106 908 3175 de
931 3106 1155 3174 Wirtiuberob
1182 3113 1261 3173 ante
1294 3106 1409 3174 iestun

279 3205 387 3272 saneti
401 3203 534 3272 Martini
558 3223 630 3272 eum
652 3208 762 3274 multis
779 3208 912 3274 armatis
929 3213 1030 3274 totam
1048 3211 1165 3272 terram
1190 3207 1327 3273 eomitis
1346 3206 1369 3273 F
1373 3207 1411 3272 ri-

278 3303 380 3371 deriei
396 3302 437 3368 de
452 3303 571 3370 Zeiere
587 3303 784 3373 devastavit.
1440 3309 1441 3332 ¹

352 3401 557 3470 Meexoiiii.
572 3403 633 3470 Per
648 3401 732 3472 festa
748 3404 928 3472 nativitatis
946 3402 1069 3471 domini
1084 3403 1202 3488 regina
1218 3401 1409 3471 iuitAebol-

278 3518 330 3568 me
351 3500 519 3568 veniendo
546 3501 588 3569 do
610 3499 740 3570 Alsetia
764 3501 860 3570 etde
883 3499 1081 3568 Ortinbereb
1102 3503 1135 3568 in
1153 3501 1268 3586 vigilia
1292 3501 1409 3570 domini

204 3626 207 3630 ·
280 3596 394 3688 [1293
427 3599 499 3666 dee.
525 3597 600 3690 2lt].
634 3601 756 3669 Postea
779 3603 811 3668 in
837 3601 1086 3668 eireumeisione
1109 3599 1234 3667 domini
1266 3596 1353 3689 [ian.
1375 3596 1406 3688 1]

278 3697 339 3764 suit
352 3700 467 3784 regina
483 3699 637 3766 Stuehart
652 3705 710 3765 out
725 3699 948 3767 Wirtiuberob
962 3698 1004 3766 od
1023 3698 1246 3786 baptisionem
1264 3699 1333 3766 [iiie
1354 3716 1407 3765 eo·

277 3796 365 3863 mitis
389 3797 497 3866 Ulriei.
543 3797 612 3866 isto
641 3816 729 3866 anno
758 3804 837 3886 post
867 3798 1076 3886 epiphaniam
1098 3795 1223 3865 domini
1254 3794 1341 3886 [ian.
1372 3793 1403 3885 6]

279 3911 391 3962 eomes
410 3901 442 3963 et
463 3898 633 3964 eomitissa
650 3895 691 3964 de
710 3897 935 3964 Wirtiuberob
952 3895 1019 3964 dux
1039 3899 1072 3964 et
1093 3895 1185 3964 muiti
1206 3895 1355 3964 barenes
1372 3892 1406 3962 ud

278 4009 392 4080 regern
410 3991 565 4063 Adolium
582 3993 755 4085 Oppinaue
767 3988 779 4030 ²
792 4001 956 4064 venerunt
972 3995 1084 4082 ibique
1099 3999 1273 4062 steterunt.

312 4138 343 4196 11
361 4136 445 4203 vergi.
464 4151 558 4203 wegen
575 4137 675 4190 diesem
693 4137 871 4205 engebiieben
890 4154 943 4206 zug
962 4135 1031 4190 neeir
1056 4135 1157 4190 Binanz
1175 4135 1221 4190 die
1239 4136 1313 4191 Anu.
1334 4136 1408 4192 Goin,

277 4221 311 4256 zu
332 4208 398 4257 1292
415 4203 485 4256 oben
503 4204 570 4256 saite
588 4208 630 4256 30.
667 4207 698 4272 2)
717 4205 894 4276 Oppenbeirn.
