2878 4834
308 221 502 274 cnarsrttrus
522 222 714 274 accuramus.
1105 194 1177 266 259

14 315 16 348 l

14 351 16 442 l
62 371 117 455 ter,
142 371 302 452 tanquam
325 381 399 435 oum
426 364 482 450 cui
505 379 573 434 ocu
596 368 716 450 posset
741 379 820 434 esse
841 363 1010 435 immemor
1025 361 1181 434 beneficii

14 467 16 548 ἶ
61 471 116 534 am
131 465 266 535 noviter
283 464 474 552 consecuti,
493 468 527 532 et
543 467 721 550 propterea
738 461 845 532 eidem
860 461 924 530 ianr
939 463 1182 549 preposituram

14 559 16 648 ξ
62 565 156 634 sancti
185 563 272 636 Petri
299 563 395 634 etiam
418 561 619 649 contulerat,
645 562 783 649 iusuper
802 565 835 630 et
860 562 1075 630 camerarium
1094 579 1182 630 con-

15 661 16 672 '
63 663 155 732 stituit
188 663 331 733 civitatis
356 661 637 747 Magantiucasis.
667 661 745 732 Erat
768 665 878 730 autem
902 659 989 730 idem
1013 656 1183 730 Arncldus

63 761 122 830 uniri
137 762 268 846 ingenii
286 767 320 830 ot
336 759 511 849 facundie,
529 765 630 846 atque
649 765 832 846 congestat
848 760 993 847 pecunie
1008 758 1145 828 intinite.

124 859 158 927 ls
178 861 293 946 itaque
310 861 451 927 veniens
469 858 513 927 ad
531 859 655 926 curiam
672 857 869 947 Romanam,
888 857 1183 946 partitionumque

65 957 205 1031 ambiens
218 959 524 1046 Magantinensem,
543 959 681 1046 primum
696 958 761 1028 sibi
777 956 965 1029 cardinales
975 958 1119 1045 pecunia
1130 957 1183 1024 ta-

64 1058 222 1130 rcrabiles
236 1056 425 1146 aecmsiviu
441 1055 562 1127 deinde
578 1055 666 1126 duos
676 1058 866 1144 specialiter
878 1057 1024 1145 pecunia
1037 1074 1184 1126 eorrum-

63 1175 154 1246 pens,
174 1156 316 1244 qualiter
334 1155 377 1226 dc
394 1174 456 1229 sua
471 1157 605 1244 propria
620 1157 829 1244 promotione
852 1162 968 1241 egerat
983 1160 1016 1226 et
1032 1161 1185 1243 postmo-

66 1255 132 1325 dum
146 1261 400 1345 consummaret,
411 1273 483 1327 oum
499 1256 565 1326 illis
579 1254 771 1326 familiarius
788 1254 1020 1343 pertractabat.
1036 1253 1186 1324 Tandem

66 1355 100 1422 ab
110 1355 174 1425 illis
186 1355 369 1424 instructus
384 1359 418 1424 el
428 1353 470 1422 de
485 1371 523 1422 se
541 1352 752 1443 certificatus
767 1355 895 1442 cepitin
908 1371 1003 1424 suum
1017 1353 1186 1424 domiuum

15 1537 16 1541 Ἴ
66 1455 282 1526 accusationis
304 1453 413 1526 taeda
432 1453 595 1542 dirigere,
620 1471 717 1542 quern
741 1459 876 1522 venerat
902 1470 1074 1522 excusare.
1101 1452 1186 1520 Bre-

66 1554 140 1624 viter
153 1557 280 1624 tautum
295 1554 329 1622 in
346 1570 407 1622 suc
425 1553 591 1640 processit
605 1551 756 1641 audacia,
772 1559 805 1622 et
819 1552 976 1622 elloaitut
988 1551 1074 1620 duos
1088 1551 1187 1636 lega-

68 1657 112 1720 tos
129 1650 288 1724 destinari
300 1657 430 1739 peteret
446 1651 543 1724 huius
557 1653 605 1722 rei
617 1652 810 1736 cognitores
822 1657 855 1720 et
868 1650 1008 1740 iudices,
1023 1649 1187 1720 obtinuit-

69 1768 125 1837 pue
146 1749 283 1822 eosdem
302 1749 389 1820 duos
412 1767 498 1837 quos
521 1758 718 1838 corruperat.
743 1750 891 1821 Tandem
905 1751 1011 1820 tractu
1030 1749 1187 1837 temporis

68 1850 158 1920 multa
170 1850 421 1919 intervenerunt
435 1847 534 1938 sacta,
549 1867 614 1936 que
628 1850 715 1918 sicut
724 1848 945 1920 scribentibus
956 1856 1049 1918 esset
1063 1865 1187 1916 onero-

70 1967 144 2038 sum,
161 1949 207 2018 ilc
219 1947 411 2033 legentibus
430 1947 614 2019 tediosum..
632 1947 779 2020 Veniunt
803 1965 884 2034 ergo
901 1948 1006 2032 legati
1028 1946 1188 2016 Worma-

70 2049 154 2136 ciam,
168 2047 344 2118 Heinricus
360 2049 542 2134 episcopus
561 2049 679 2118 citatus
695 2055 874 2136 comparet,
893 2046 972 2116 nibil
990 2045 1188 2134 pretendere

70 2152 190 2233 poterat
204 2164 266 2234 pro
284 2163 322 2214 se
339 2145 429 2232 quod
446 2145 618 2218 admittere
632 2147 758 2216 vellent
773 2147 903 2216 iudices
916 2147 989 2216 sive
1003 2146 1106 2230 legati
1125 2162 1189 2212 su-

14 2309 16 2320 t
71 2243 206 2332 predicti.
232 2243 445 2314 Presidentes
471 2251 580 2314 autem
605 2245 746 2335 iudicio,
773 2247 807 2317 in
830 2246 907 2316 loco
931 2245 987 2331 qui
1006 2243 1191 2314 Neubusen

14 2413 15 2418 ,
72 2351 215 2433 uocatur,
242 2343 432 2416 Heinricuua
457 2343 659 2414 laudabilem
684 2347 787 2414 virum
812 2343 854 2414 ab
877 2344 1075 2432 episcopatu
1092 2359 1191 2412 amo·

14 2489 16 2544 p
73 2448 143 2510 vent
158 2443 430 2533 maguntinensi,
448 2440 631 2514 Arnoldum
650 2443 863 2515 substituunt.
888 2441 1065 2512 Dicebatur
1082 2449 1190 2512 autem

14 2553 16 2634 j
75 2541 153 2627 quod
169 2541 354 2614 Friderioua
372 2543 550 2630 imperator
565 2543 642 2612 huic
659 2543 804 2628 negocio
822 2559 1000 2610 assensum
1017 2541 1192 2629 prebuerit,

75 2639 127 2708 sed
143 2642 318 2713 occultum.
344 2639 554 2712 Venerabilis
572 2643 622 2710 uir
638 2639 814 2710 Heinricus
835 2647 900 2710 tam
919 2639 1094 2709 manifesta
1110 2657 1193 2727 per-

14 2741 16 2832 p
74 2741 218 2808 versitate
245 2739 413 2830 turbatus,
440 2741 534 2827 ipsos
560 2758 737 2827 perversas
762 2741 941 2827 alloquitur
957 2740 990 2808 in
1010 2739 1098 2808 bunc
1116 2755 1193 2808 mon

14 2843 15 2870 ³
77 2835 159 2908 dura:
185 2839 221 2910 Si
237 2839 286 2905 ud
304 2839 413 2909 sedent
439 2839 657 2924 apostolicum
684 2839 891 2924 appellarent
912 2843 1031 2906 contra
1050 2841 1195 2908 castrum

76 2933 206 3021 luipuurn
215 2955 421 3026 processum,
431 2955 527 3022 popu
539 2937 742 3024 scrauntpse
757 2936 840 3008 atta
852 2937 993 3023 amplius
1006 2940 1194 3025 attentaret,

78 3039 105 3100 ct
128 3035 207 3104 nibil
225 3035 302 3106 mibi
322 3041 529 3106 accresceret
549 3039 614 3106 uisi
628 3035 724 3106 taam
739 3038 908 3122 corporis,
926 3039 1060 3106 amissio
1074 3053 1196 3116 rerum,

78 3138 106 3200 at
116 3135 248 3218 afflictio
268 3137 414 3221 spiritua,
431 3139 463 3204 et
476 3137 674 3207 coacerutto
689 3139 823 3218 nantas,
840 3140 873 3204 et
888 3137 1062 3204 anomalia
1077 3136 1196 3222 arulis.

78 3231 203 3319 Appulia
218 3252 299 3322 erpo
316 3234 364 3300 ad
381 3233 546 3305 domiuum
567 3235 680 3305 desum
696 3233 862 3306 Christum
875 3237 1043 3319 tamquam
1059 3234 1197 3302 iudicem

78 3332 285 3402 mosomum.
318 3333 378 3400 Vos
392 3335 457 3402 cito
472 3333 520 3400 ud
532 3335 603 3402 etus
614 3332 773 3413 tribuual,
791 3333 836 3402 ibt
852 3331 929 3402 midi
943 3351 1058 3402 coram
1071 3349 1197 3400 curuato

79 3431 173 3500 iudica
196 3426 447 3518 responsuras¹.
472 3431 548 3503 Nou
570 3434 656 3500 entra
684 3434 783 3516 tuate,
806 3449 867 3500 aaa
887 3431 1065 3500 sewardum
1086 3431 1198 3513 deum,

78 3529 131 3596 aad
148 3531 296 3602 mercede
315 3531 481 3617 corrupti,
497 3533 585 3598 sicut
602 3531 941 3616 procumbebamus.
966 3528 1011 3598 At
1028 3529 1090 3600 illi:
1118 3531 1200 3598 Cum

80 3630 111 3692 tu
128 3631 343 3713 processeris,
360 3648 421 3700 aaa
435 3647 619 3714 aequamur.
645 3628 716 3700 Heo
743 3637 852 3700 autem
875 3628 1022 3698 ridentes
1048 3635 1082 3696 et
1106 3627 1199 3698 deri-

82 3724 188 3800 dentes
207 3729 369 3800 dixerunl.
395 3727 479 3799 Acta
498 3735 576 3810 sunt
593 3727 657 3800 heo
675 3747 763 3801 unna
782 3729 890 3815 gratie
912 3720 1073 3798 m.e.l.iii.²

146 3827 307 3902 Dominus
332 3827 506 3900 Heinricus
531 3827 612 3898 abiit
637 3827 679 3898 ud
699 3827 866 3916 quoddam
885 3828 1062 3898 claustrum
1080 3828 1201 3896 cister-

85 3923 194 3996 ciensis
213 3927 356 4016 ordinis,
375 3943 443 3998 nau
461 3927 645 4000 monachus
663 3925 819 4017 eductus,
838 3925 900 3998 sed
915 3928 948 3996 in
960 3932 1125 3998 consueto
1140 3925 1201 3996 ba·

103 4034 140 4108 ¹t)
157 4049 185 4088 aa
203 4034 271 4088 nach
289 4033 417 4090 Trefllers
435 4033 491 4099 hs,
516 4033 564 4088 der
582 4033 668 4088 druclr
686 4034 745 4090 hat:
767 4035 857 4090 iudice
882 4051 924 4088 uae
943 4051 1133 4106 responsurum
1152 4049 1202 4088 ea-

87 4096 163 4176 bibeu.
197 4104 227 4170 2)
245 4120 276 4160 so
295 4119 352 4158 war
371 4101 415 4160 dte
434 4101 567 4158 iahrszahl
586 4119 676 4158 rn.e.v.
695 4103 743 4158 des
762 4104 862 4158 druclrs
880 4121 914 4158 au
933 4103 1056 4170 bassarn3
1075 4103 1203 4170 r'rbrigena

86 4173 115 4218 rst
130 4167 198 4228 dieue
216 4170 381 4239 darstelluug
409 4187 462 4224 uon
481 4171 623 4226 Heinrich·
646 4171 795 4237 abactuung
816 4170 942 4226 aiemlich
962 4172 1093 4238 vertehlt3
1117 4169 1202 4238 sergi.

87 4232 183 4292 desbalb
200 4239 329 4295 Blaterim
348 4238 445 4296 desen
465 4238 515 4298 ter
532 4238 681 4298 deutschen
699 4239 840 4296 Ocrtciliau
858 4244 928 4307 tau.

949 4326 1006 4378 17*
