2878 4834
293 205 363 274 292
651 235 776 282 nrvounr
799 235 862 282 etr.
885 235 947 282 rar.
970 235 1069 282 conor.

294 373 448 442 ornnibus
458 372 666 444 adiutoribus
682 377 753 444 suis
770 377 988 465 proscriptae,
1008 375 1173 442 civitaten
1189 389 1354 459 egressus
1368 381 1417 442 est.

291 472 363 541 llec
379 480 413 541 et
426 473 489 540 ulia
504 473 606 542 multa
623 473 712 543 dicto
729 475 981 564 archiepiscopo
998 471 1190 561 presidente
1209 473 1319 540 relatu
1329 471 1418 558 digne

292 572 434 662 fiebant,
461 591 526 660 que
550 580 660 641 temen
683 574 726 643 ob
749 575 854 662 ipsius
881 575 1013 642 nimiam
1041 572 1287 661 simplicitatem
1313 571 1416 658 probi-

292 674 351 740 tati
370 673 442 739 eius
458 673 590 740 minime
609 673 879 742 attribuebantur.

365 771 386 837 l.
404 771 539 838 Electus
554 778 607 839 cst
622 771 795 840 Comedus
815 771 856 841 de
878 770 1085 860 Hobstaden,
1101 775 1219 838 sancte
1238 768 1347 837 llario
1361 771 1416 838 vir-

292 871 381 955 ginis
401 869 443 938 ad
460 869 583 956 gradus
599 873 808 961 prepositus,
829 873 878 939 vir
900 870 1115 958 magnilicm,
1141 870 1198 957 qui
1217 868 1261 936 ab
1282 869 1416 938 ecclesia

291 969 440 1038 Romana
452 971 661 1057 privilegium
679 971 838 1060 obtinuit,
858 970 948 1058 quod
968 971 1158 1058 quicunque
1178 967 1221 1036 ab
1240 969 1415 1056 archiepis-

292 1085 378 1157 copo
395 1069 590 1138 Coloniensi
607 1069 641 1137 in
657 1087 772 1156 regern
789 1069 1007 1138 Romanorum
1031 1068 1180 1157 eligitur,
1200 1073 1236 1134 et
1253 1066 1297 1134 ab
1312 1068 1415 1135 codcn

291 1169 461 1254 inungitur
477 1174 510 1236 ct
526 1176 741 1237 consecratur
757 1168 977 1258 llqnisgrani,
997 1168 1072 1236 talis
1090 1184 1169 1234 esse
1185 1165 1293 1234 debet
1303 1168 1337 1233 in
1346 1185 1414 1256 pos-

292 1269 464 1357 sessione,
484 1267 593 1335 donco
605 1269 679 1356 ipse
693 1287 752 1356 per
769 1271 890 1337 iustarn
909 1268 1109 1337 sententiam
1132 1265 1335 1354 deponatur.
1359 1267 1414 1334 lsle

291 1365 484 1456 Conradus,
508 1365 673 1436 Friderico
697 1370 895 1456 imperatore
921 1374 954 1436 et
978 1363 1132 1435 Conrado
1153 1382 1237 1451 rege
1258 1364 1329 1432 lilio
1356 1367 1414 1433 eius

292 1467 333 1533 ab
358 1466 555 1548 Innocentio
581 1473 699 1554 quarto
720 1467 761 1535 ab
779 1468 921 1556 imperio
938 1473 970 1535 et
990 1483 1097 1552 regno
1116 1464 1310 1554 depositis,
1330 1465 1415 1550 elegit

290 1567 324 1632 in
341 1583 454 1650 regem
467 1564 698 1651 landgravium
710 1567 902 1657 thuringie,
921 1566 1192 1652 cognominatum
1207 1561 1339 1652 Ruspe.
1356 1563 1415 1644 Quo

292 1662 452 1732 defuncto
477 1665 581 1750 elegit
603 1666 717 1756 aliunr,
744 1665 958 1734 Wilhelmum
984 1663 1161 1732 Hollandie
1193 1665 1368 1752 comitem,
1391 1669 1415 1730 et

291 1779 366 1831 curn
390 1763 585 1831 solemniter
601 1767 820 1833 consecravit.
849 1763 922 1846 Quo
941 1781 1021 1850 rege
1042 1781 1062 1830 a
1083 1763 1308 1832 Phrisonibus
1328 1764 1414 1830 nisc-

291 1863 437 1931 rabilitor
460 1861 654 1954 interiecto,
680 1865 768 1932 idem
788 1865 902 1953 presul
926 1863 1020 1950 eligit
1044 1879 1156 1949 regern
1181 1863 1336 1950 tertiurn,
1366 1861 1414 1928 lli-

291 1961 446 2030 chardunr
463 1964 616 2031 comitem
633 1962 808 2054 Cornnbic,
828 1963 958 2032 tratrem
976 1963 1064 2048 regis
1081 1959 1203 2046 Anglio
1212 2015 1222 2052 ,
1243 1963 1352 2028 virum
1369 1979 1413 2048 prr

292 2062 444 2129 omnibus
469 2063 700 2150 pecuniosum.
726 2063 807 2131 ltem
829 2064 892 2132 iste
918 2061 1033 2151 presul
1052 2061 1247 2130 comitatum
1269 2059 1314 2128 de
1335 2060 1414 2127 Hol-

291 2161 412 2229 staden
428 2179 502 2229 cum
521 2160 673 2230 omnibus
690 2165 809 2230 castris
826 2168 859 2230 et
877 2163 970 2253 terris
994 2159 1058 2228 sibi
1079 2159 1320 2244 attinentibus,
1340 2156 1414 2247 quod

292 2259 398 2328 eidem
408 2261 478 2328 iure
487 2260 687 2329 hereditario
697 2261 916 2351 competebat,
927 2261 1026 2330 beato
1037 2259 1134 2328 Petro
1144 2259 1346 2328 Coloniensi
1359 2265 1414 2324 tra-

291 2358 385 2447 didit,
405 2365 437 2426 et
451 2361 639 2428 comitatum
655 2360 696 2428 de
710 2360 818 2429 che
837 2359 945 2430 eidem
959 2358 1102 2429 ecclesie
1118 2356 1321 2427 Coloniensi
1332 2375 1414 2425 con-

291 2459 428 2547 paravit.
456 2458 620 2528 Scabinos
639 2460 861 2529 Colonienses
875 2478 991 2528 omncs
1006 2463 1140 2548 propter
1156 2458 1283 2526 multos
1302 2473 1414 2525 exces-

291 2576 349 2626 sus
359 2610 368 2647 ‚
388 2557 551 2645 quosdam
567 2559 729 2645 relegavit
743 2560 853 2647 exilio,
873 2557 1034 2647 quosdam
1051 2558 1108 2626 diu
1125 2556 1222 2626 iuxta
1238 2559 1276 2625 in
1292 2558 1412 2624 civitate

290 2658 403 2725 tonuit.
423 2655 503 2724 Cunr
513 2657 812 2744 limburgensibus
827 2660 860 2725 in
873 2677 958 2747 pace
969 2656 1114 2726 ecclesia
1127 2655 1322 2744 reionnata,
1337 2671 1411 2724 anuo

290 2757 568 2844 vicesimoquinto
589 2759 852 2826 consecrationis
870 2776 930 2826 sue
947 2755 1146 2825 obdormivit
1160 2757 1196 2824 in
1216 2755 1372 2844 Domino,
1386 2757 1410 2820 et
1437 2825 1438 2828 ,

290 2856 441 2944 sepultus
461 2863 513 2924 est
532 2857 567 2924 in
585 2857 728 2925 ecclesie
749 2858 881 2925 maioris
902 2873 992 2924 nova
1015 2853 1133 2947 domo,
1153 2853 1277 2925 codem
1294 2857 1328 2921 in
1347 2855 1409 2920 loro
1437 2933 1438 2944 χ

289 2954 345 3022 ubi
363 2957 476 3044 presul
494 2953 643 3024 eiusdem
666 2958 777 3044 operis
793 2957 931 3045 primunr
951 2960 1114 3043 posuerat
1135 2953 1392 3023 fundumentum.
1437 2949 1438 2966 *

364 3055 396 3121 li.
414 3055 554 3141 Eligitur
575 3055 799 3142 lingelbertus
824 3054 866 3124 de
880 3055 1155 3141 Valckenborob,
1175 3055 1283 3124 maior
1300 3069 1409 3141 prepo-

290 3153 392 3243 situs,
416 3156 466 3220 vir
489 3155 604 3242 utique
624 3154 824 3242 pontilicalis
847 3173 907 3243 per
934 3156 1055 3222 omnia.
1089 3153 1154 3235 Qui
1175 3171 1245 3222 una
1273 3152 1327 3221 dio
1348 3167 1409 3219 curn
1436 3223 1437 3248 ἶ

290 3253 438 3319 exercitu
456 3255 595 3341 copioso
613 3253 806 3340 ingrediens
819 3255 1001 3342 civitatem,
1020 3270 1089 3321 non
1113 3254 1205 3321 bono
1225 3269 1309 3320 usus
1334 3268 1407 3318 oon·

289 3351 381 3441 silio,
408 3352 565 3421 scabinos
585 3369 671 3440 quos
690 3369 773 3421 suus
791 3352 1012 3441 predecessor
1034 3353 1240 3440 instituerat,
1260 3349 1406 3434 destituit,

290 3457 322 3518 et
340 3451 503 3539 quosdam
523 3469 565 3520 cx
580 3452 647 3519 illis
666 3454 854 3541 captivavit.
873 3449 998 3520 Onnes
1016 3460 1129 3540 portas
1149 3452 1296 3520 civitatis
1314 3448 1405 3517 borri-

290 3550 388 3620 nibus
413 3553 567 3639 munivit,
593 3549 635 3619 de
662 3553 832 3640 superiore
859 3558 891 3619 et
911 3549 1066 3619 inleriorc
1089 3557 1187 3640 portu
1210 3550 1279 3618 duo
1305 3547 1404 3617 tortis-

291 3651 375 3717 sima
393 3658 502 3718 castra
520 3647 630 3718 lacere
649 3649 824 3738 disposuit.
852 3649 920 3718 Sed
946 3651 1164 3718 communitas
1190 3649 1307 3738 populi
1333 3663 1404 3714 scn-

290 3751 411 3820 ticntes
430 3769 472 3817 ex
488 3750 553 3818 boc
567 3749 721 3817 servilem
737 3750 806 3818 lrcri
827 3751 1011 3837 civitatem,
1029 3767 1097 3818 una
1121 3748 1175 3816 die
1199 3765 1318 3818 omncs
1340 3763 1405 3834 por-

290 3853 343 3914 tas
368 3851 592 3938 recuperavit,
613 3855 646 3916 et
671 3851 827 3936 antiquos
850 3847 1024 3936 scabinos,
1051 3866 1137 3935 quos
1162 3846 1334 3916 Conradus
1355 3861 1405 3910 on·
1435 3839 1436 3898 l

289 3946 420 4033 pulcrat
437 3954 470 4014 et
488 3949 722 4036 captivaverat,
742 3950 921 4016 revocavit.
949 3945 1012 4028 Qui
1034 3947 1162 4014 scabini
1180 3947 1322 4016 eundem
1338 3959 1403 4031 pro-

290 4044 396 4139 sulem
415 4052 537 4132 postea
560 4049 594 4114 in
621 4048 746 4134 palatio
770 4065 832 4114 suo
858 4045 1084 4136 presidentem
1112 4045 1237 4114 iudicio
1267 4044 1404 4132 captiva-

289 4150 372 4210 runt.
400 4143 476 4230 lpse
493 4145 650 4213 liberatus
669 4165 689 4214 a
708 4147 898 4234 captivitate
916 4146 1046 4234 civium,
1064 4163 1137 4213 cunr
1160 4145 1334 4212 Wilbelrno
1352 4157 1403 4206 co-

289 4243 365 4310 rnito
392 4241 593 4332 iuliacensl,
625 4245 680 4330 qui
705 4245 832 4314 civitati
859 4243 992 4313 adhesit
1017 4246 1051 4312 in
1077 4245 1273 4335 premissis,
1296 4240 1403 4309 bellun
