2884 4834
391 254 521 302 aurnuns
542 253 779 302 woaurruusrs.
1079 225 1142 295 tot
1206 335 1209 344 ,

26 393 185 462 dnnsunr
210 395 262 461 est
288 409 332 462 err
354 397 493 482 utraque
515 395 610 482 parte
632 391 666 460 iu
688 389 831 462 arbitros
853 393 944 463 viros
968 392 1145 484 uisendos,

27 490 180 580 quosdam
196 488 239 561 de
255 491 402 581 eapitulo
416 491 550 562 maioris
567 489 713 560 eulesio
728 497 763 560 et
776 491 941 579 quosdam
951 491 994 562 de
1007 491 1146 562 oivibus.

26 589 80 672 Qui
102 584 285 660 owadonta
306 608 479 662 consensu
496 590 620 660 domini
637 586 785 660 Heinriei
806 592 895 678 regis
913 589 1147 682 Romanorum,

28 692 91 758 sine
109 706 177 778 quo
190 688 254 759 beo
268 689 337 760 ieri
356 707 424 760 non
438 695 641 780 poterant...
655 689 730 778 ipse
747 690 835 759 enirn
855 689 990 760 multum
1012 689 1146 761 oonior-

27 790 99 858 tavit
123 789 236 878 eires,
259 790 340 877 prtia
362 787 498 860 favebat
520 789 570 856 eis
593 790 626 862 iu
649 788 816 858 omuibus.
841 787 911 858 Sed
931 789 1067 860 tandem
1085 790 1147 859 beo

26 887 121 956 torna
138 892 192 958 est
205 888 341 957 inventa
356 895 390 958 et
406 888 518 976 sigillo
533 888 624 975 regis
640 887 834 958 oontirrnata
850 894 885 959 et
900 907 921 957 a
936 888 1066 958 eivibus
1083 887 1147 960 ob·

27 987 142 1055 seruari
160 989 195 1056 in
209 994 407 1077 perpetuum
421 993 474 1058 est
493 989 642 1056 iuratum.
668 987 710 1056 Et
733 985 811 1056 duta
826 987 972 1076 desuper
984 989 1079 1058 litera
1095 989 1147 1057 oi·

26 1087 104 1154 rium
127 1103 244 1156 eorurn
267 1087 378 1173 sigillo
398 1086 572 1177 roborata,
594 1090 628 1155 et
650 1093 786 1176 recepta
805 1104 826 1155 a
848 1085 978 1156 oivibus
1001 1086 1149 1176 desuper

26 1185 109 1254 itera
136 1185 288 1275 episeopi
313 1192 348 1256 et
373 1187 508 1275 capituli
533 1185 815 1271 wormaciensis,
834 1185 898 1256 sub
916 1186 973 1255 tali
991 1183 1095 1256 iorma
1111 1193 1149 1256 ut

26 1285 167 1372 sequitur
189 1283 275 1354 inira
301 1286 449 1374 scripta:
475 1284 651 1354 Hennae
675 1284 729 1352 der·
749 1285 868 1374 propio
900 1285 1150 1355 Wormoor'ensis

26 1385 190 1470 episeopus
214 1384 376 1454 emersu
397 1383 460 1454 boo
481 1385 642 1469 seriptum
657 1383 862 1453 cernentibus
877 1383 1020 1454 satutem
1035 1387 1070 1454 in
1087 1402 1148 1454 oo-

26 1487 89 1549 tore
109 1483 233 1552 solutis
256 1487 316 1552 eto.
342 1488 378 1553 ut
399 1482 503 1571 inira,
528 1483 576 1553 itu
592 1483 789 1574 insipiente:
807 1483 880 1552 Heo
894 1487 947 1552 est
958 1483 1073 1569 formo
1088 1488 1148 1554 ete.

28 1577 132 1670 [1233
153 1580 282 1652 sebbi
307 1635 315 1651 .

87 1679 193 1750 Erant
210 1579 303 1751 eninr]
314 1683 348 1752 in
366 1682 500 1752 diritate
520 1681 764 1752 Wornaoiensi
782 1680 1006 1771 quadraginta
1024 1699 1149 1753 eonsu-

26 1779 67 1847 les
84 1781 141 1867 qui
160 1798 220 1869 per
236 1797 275 1850 se
293 1781 367 1850 sine
384 1782 545 1871 episeopo
570 1787 703 1850 eentum
720 1783 817 1851 annis
835 1781 977 1852 oonsilio
995 1779 1149 1870 preside-

27 1883 105 1970 runt,
130 1878 321 1950 iudicantes
346 1899 462 1970 paoenr
485 1887 519 1950 et
537 1879 732 1950 ordinantes
749 1881 821 1949 iura
838 1881 982 1950 civitatis
1001 1885 1034 1948 et
1052 1897 1148 1950 oom-

28 1978 113 2047 nodu
132 1977 318 2048 seeundum
334 1979 508 2069 privilegiu
525 1979 567 2048 ab
584 1978 837 2070 imperatoribus
856 1985 890 2048 et
911 1978 1048 2066 regibus
1065 1979 1150 2068 ipsis

27 2076 142 2145 tradita.
177 2078 220 2148 Et
242 2077 321 2147 dieti
342 2080 502 2150 eonsules
527 2097 605 2148 uno·
620 2084 751 2150 rnortuo
775 2078 875 2148 aliurn
898 2077 1150 2147 substituerunt.

26 2174 175 2245 inerunt
192 2179 297 2245 eoinnr
314 2177 393 2247 dioti
411 2179 570 2248 eonsules
589 2177 721 2247 domurn
739 2176 904 2267 lapideam
926 2178 1099 2246 maximam
1117 2183 1151 2246 at

27 2272 133 2345 tortern
160 2276 196 2344 in
222 2277 298 2345 vieo
316 2276 513 2364 Haganonis
531 2277 662 2368 militis,
680 2276 802 2346 dietam
822 2275 865 2346 ad
883 2275 1149 2368 Tbeloneariun,

28 2375 109 2443 euius
137 2391 218 2446 areo
240 2375 401 2446 tendebat
425 2395 534 2466 usque
558 2393 664 2466 prope
694 2375 856 2466 oapellom
879 2376 986 2445 saneti
1010 2375 1151 2444 Nazarii.

26 2471 187 2544 utstatim
204 2475 402 2564 inceperunt
419 2476 552 2546 domum
576 2476 665 2545 illurn
683 2475 858 2545 decentius
876 2479 909 2544 et
934 2475 1052 2544 melius
1070 2473 1148 2544 edi-

28 2569 124 2643 ieore.
152 2573 195 2642 Et
212 2573 313 2645 trehet
329 2575 547 2663 pulcherrima
565 2575 684 2644 donus
702 2576 809 2644 tooius
829 2579 930 2664 terre,
954 2579 988 2642 ot
1004 2575 1151 2647 constitit

6 2677 8 2688 '
6 2670 90 2758 ptus
109 2691 211 2762 quarn
229 2673 297 2744 duo
314 2674 414 2744 rniltie
431 2692 621 2744 marearum.
639 2673 727 2744 Etru
740 2672 796 2742 illa
808 2671 908 2742 donro
923 2689 1055 2760 semper
1069 2688 1149 2740 non·

7 2781 9 2862 t
28 2770 90 2838 sitio
107 2772 321 2862 presiderunt
337 2779 371 2842 et
387 2775 582 2863 episeopum
600 2791 697 2843 suum
716 2771 813 2862 quusi
829 2788 891 2861 pro
909 2769 1031 2840 nichilo
1049 2787 1149 2861 repu-

7 2874 177 2941 taverunt.

88 2968 223 3039 neeidit
245 2975 355 3040 autern
381 2989 455 3041 ourn
479 2971 567 3041 idern
585 2971 739 3042 doninus
764 2969 941 3042 Heinrious
959 2969 1151 3059 episeopus,

30 3067 137 3138 rolens
162 3070 307 3159 arripere
333 3070 396 3140 iter
418 3070 462 3140 ad
486 3071 609 3140 ouriarn
627 3069 751 3141 domini
768 3069 977 3161 inperatoris
995 3067 1152 3138 Frideriei

31 3182 135 3237 versus
152 3166 355 3261 Ravennam,
376 3175 505 3260 peteret
523 3168 746 3240 subsidione
765 3169 893 3239 civibus
911 3173 947 3236 ut
964 3183 1006 3238 eo
1017 3167 1153 3237 bones-

32 3263 84 3332 tius
108 3285 185 3336 ounr
212 3267 287 3337 otiis
309 3267 445 3358 praiotis
469 3265 642 3340 Alemunie
667 3275 787 3358 posset
804 3267 976 3340 decedere.
1002 3265 1071 3336 Sed
1089 3267 1153 3355 ipsi

34 3363 107 3433 rives
135 3365 200 3434 sibi
224 3367 257 3436 in
283 3367 353 3438 suis
377 3367 532 3457 precibus
559 3367 605 3437 nil
623 3372 888 3456 consenserunt,
908 3383 971 3434 noe
989 3365 1023 3434 in
1040 3365 1152 3453 atiquo

34 3461 83 3530 sibi
99 3483 295 3536 suoourrera
313 3466 506 3557 voluerunt,
525 3467 604 3536 lieet
617 3467 690 3556 ipse
705 3465 858 3537 dominus
875 3467 1056 3554 episeopus
1069 3463 1152 3551 ipsis

33 3560 90 3630 iuro
107 3565 252 3634 civitatis
277 3565 468 3656 meliorare,
494 3572 528 3634 at
545 3566 641 3654 quast
658 3566 805 3655 ipsorum
822 3565 956 3634 nuntius
975 3579 1054 3632 esso
1070 3577 1152 3651 pro-

35 3659 176 3732 mittebat.
211 3663 370 3734 Seniores
397 3682 477 3734 vero
504 3671 538 3734 et
562 3663 793 3754 prudentiores
818 3663 960 3732 civitatis
986 3659 1085 3730 valde
1110 3657 1152 3730 de

36 3755 85 3826 biis
108 3761 305 3854 doluerunt,
328 3769 487 3851 rogantes
514 3764 604 3853 quod
630 3765 747 3832 soltern
775 3763 838 3832 sibi
857 3760 1035 3848 sexaginta
1051 3759 1152 3828 libros

36 3854 144 3928 dorent.
172 3858 270 3942 Quod
287 3863 426 3932 iuvenes
445 3862 589 3931 totaliter
606 3868 854 3932 recusaverunt.
881 3861 922 3929 Et
937 3860 1098 3928 miserunt
1110 3857 1153 3927 nd

37 3957 142 4028 eurtum
170 3977 252 4030 suos
278 3961 431 4053 nuntios,
458 3962 513 4051 qui
539 3979 599 4032 eos
623 3963 698 4052 plus
724 3979 822 4050 quum
842 3965 1007 4030 trecentas
1026 3975 1152 4026 mareas

36 4059 250 4129 eonstiterunt.
277 4061 318 4129 Et
335 4061 384 4130 sio
402 4061 555 4130 donnus
575 4062 756 4150 episeopus
782 4059 945 4129 recedens
963 4056 1153 4147 proeuruvit

37 4158 129 4226 onnia
147 4159 233 4228 malo
252 4159 375 4229 oivr'tati
397 4159 639 4230 Worrnatiensi.

96 4255 172 4325 Cum
191 4259 304 4346 itaque
323 4258 477 4328 dorninus
496 4260 677 4348 episeopus
696 4255 869 4327 Heinrieus
891 4275 950 4346 per
968 4254 1099 4323 rnodunr
1119 4258 1154 4319 ut

59 4373 187 4422 uoruunu
205 4380 325 4424 ronnas.
345 4379 368 4425 a.
922 4366 949 4416 tt
