2950 4836
291 239 359 307 5o2
655 265 846 311 rurunnnuus
867 264 1056 310 aurnnrusrs

208 416 276 469 1294
294 409 409 496 citum,
433 403 525 492 quod
548 406 582 472 in
607 421 649 472 eo
673 410 783 494 pretor
804 403 1004 472 christianos
1025 403 1205 471 bellatores
1228 400 1422 470 dicebantur

288 509 364 595 plus
392 523 490 593 quam
515 505 648 591 triginta
671 504 760 572 milia
785 501 967 572 ludeorum
987 520 1084 592 esso,
1103 519 1189 590 quos
1209 503 1309 570 ctiam
1328 503 1420 590 primi

288 606 367 674 belli
385 605 544 693 auspiciis
563 621 732 691 exponere
751 601 954 688 cogitabant.

361 701 460 772 Anno
487 703 610 771 domini
637 707 700 770 etc.
726 707 877 769 mortuus
896 708 949 768 est
965 699 1147 768 Ludwicus
1166 717 1282 769 comos
1300 701 1422 789 palati-

289 823 352 872 nus
362 803 444 871 lieni
464 801 531 870 dux
544 802 696 870 Bawurie
710 802 744 868 in
758 798 907 889 partibus
921 799 1003 868 llcni
1021 799 1109 888 apud
1123 798 1351 868 Haidelbercln
1362 801 1422 867 lral.

289 895 460 972 lobruarii¹
486 903 520 969 in
548 920 588 970 ea
607 919 738 969 camera
757 906 793 967 ul
812 899 929 967 dicitur
945 899 1001 966 ubi
1019 907 1118 966 natus
1137 899 1207 966 init.
1233 899 1277 968 Et
1294 900 1424 986 reliquit

290 1003 375 1071 duos
394 1001 491 1090 lilios,
510 1015 648 1088 quorum
662 999 902 1088 primogenitus
916 999 1073 1067 videlicet
1088 997 1244 1066 dominus
1261 997 1422 1066 Rudollus

290 1101 383 1170 duait
399 1102 432 1167 in
450 1117 586 1168 uxorem
605 1098 702 1166 filium
720 1095 830 1165 Adoln
847 1095 1068 1166 Romanorum
1083 1099 1175 1182 regis
1189 1089 1343 1166 nomine²
1349 1149 1422 1163 .....

290 1299 444 1368 edificare
470 1297 688 1365 antemuralia
711 1297 855 1364 civitatis
880 1312 959 1385 sue,
988 1313 1073 1383 opus
1101 1295 1261 1364 decorum
1290 1301 1326 1362 et
1342 1295 1422 1362 lortc

290 1399 534 1466 munimentum.
560 1397 602 1464 llt
618 1415 637 1464 a
656 1397 746 1464 clero
766 1395 908 1463 civitatis
928 1395 1077 1464 eiusdem
1100 1413 1162 1484 pro
1181 1395 1304 1463 ecdem
1323 1412 1422 1482 opere

290 1497 573 1567 contribuoionem
591 1513 664 1562 oum
682 1495 782 1564 multa
799 1495 958 1563 instantia
976 1493 1166 1580 exigebant.
1192 1493 1262 1562 Sed
1280 1491 1422 1562 Adollus

289 1615 349 1666 rex
377 1595 599 1665 Romanorum
626 1593 745 1662 eodem
770 1599 919 1682 tompore
945 1593 1102 1663 videlicet
1126 1593 1211 1662 inira
1236 1593 1369 1681 pascha
1393 1599 1424 1660 et

289 1700 511 1786 pentecosten
537 1689 652 1784 [1295
677 1690 777 1784 april]
804 1694 947 1761 veniens
972 1691 1204 1783 Ratisponam‚
1233 1697 1269 1760 et
1295 1709 1423 1780 propo-

290 1800 390 1864 nente
409 1793 472 1861 sibi
489 1791 645 1861 Heinrlcc
662 1790 899 1880 Ratisponensi
918 1793 1090 1882 episcopo,
1107 1791 1193 1859 hanc
1212 1793 1422 1860 exactionem

290 1909 525 1982 cognoscens,
544 1890 683 1960 eosdem
699 1893 794 1960 cives
812 1909 872 1979 per
890 1908 928 1959 se
944 1894 1054 1980 ipsum
1065 1896 1100 1958 et
1111 1891 1329 1959 consiliarios
1344 1907 1423 1957 snos

291 1994 487 2062 exhortatus
518 1996 628 2060 estet
656 1992 798 2080 monuit,
823 1997 859 2059 ut
885 1990 986 2058 nichil
1008 2009 1028 2058 a
1055 1991 1144 2058 clero
1171 1991 1301 2058 ratione
1327 1989 1424 2057 huius

291 2094 402 2181 operis
425 2092 620 2179 exigerent,
648 2089 709 2158 sed
735 2107 810 2158 eum
836 2096 1000 2158 consucta
1020 2095 1054 2158 et
1075 2105 1280 2159 concessae
1301 2087 1369 2158 deo
1392 2093 1424 2156 et

289 2189 447 2260 Romanis
470 2188 674 2279 principibus
699 2187 846 2276 gaudere
873 2190 1100 2278 permitterent
1122 2187 1283 2256 libertate.
1310 2187 1423 2256 Reno-

290 2294 427 2359 vauerat
444 2288 608 2376 siquidem
630 2287 740 2356 eidem
761 2289 852 2357 clero
873 2287 1124 2377 adpetitionem
1146 2286 1299 2355 eiusdem
1320 2285 1424 2354 Hein-

290 2391 348 2457 rici
370 2387 628 2476 Ratisponensis
659 2388 809 2476 episcopi
834 2405 941 2476 nuper
956 2393 1047 2462 ,ante
1074 2385 1161 2474 apud
1185 2385 1426 2454 dranchenlurt

292 2486 458 2577 quoddam
475 2485 680 2575 priuilegium
696 2487 773 2554 olim
789 2485 944 2554 lriderici
959 2483 1180 2554 Romanorum
1200 2486 1425 2573 imperatoris

292 2586 382 2676 quod
405 2587 533 2674 incipit:
557 2586 611 2653 Ad
622 2586 723 2652 meus
739 2589 772 2652 ct
788 2585 938 2653 decorem
960 2591 993 2653 et
1010 2584 1078 2653 lero
1096 2584 1138 2653 de
1157 2583 1262 2652 verbo
1280 2583 1327 2652 ad
1344 2601 1424 2652 ver-

291 2687 367 2755 bum
386 2687 420 2754 in
437 2685 519 2754 libro
537 2702 620 2754 usus
638 2683 811 2754 leudorum
830 2691 883 2752 est
900 2702 1107 2774 expressum,
1127 2682 1218 2772 quod
1237 2681 1376 2750 multam
1394 2689 1425 2750 et

291 2786 465 2854 maximam
482 2785 666 2853 libertatem
683 2784 761 2852 oleri
779 2785 935 2874 eontinet,
956 2801 1131 2874 penusque
1148 2781 1270 2868 inlligit
1288 2783 1424 2868 gravis-

292 2885 393 2953 simas
417 2884 480 2953 hiis
505 2885 562 2972 qui
585 2884 784 2951 contrarium
810 2882 918 2958 cidem
942 2883 1118 2972 privilegio
1137 2883 1211 2950 ausi
1229 2879 1360 2949 luerint
1375 2889 1422 2948 at·

292 2989 462 3072 temptare.
489 2982 586 3064 Quod
604 2983 816 3071 privilegium
834 2983 869 3049 in
890 2982 1061 3070 presentia
1077 2999 1137 3050 suu
1160 2998 1219 3068 per
1234 2981 1423 3048 Heinricum

291 3083 497 3149 Briniensem
520 3083 714 3170 episcopum
735 3080 863 3150 eisdem
888 3083 1015 3151 civibus
1038 3082 1107 3167 legi
1122 3079 1212 3148 fecit.
1238 3079 1342 3149 Unde
1363 3081 1421 3168 ipsi

294 3182 385 3248 cives
402 3181 444 3248 ab
460 3179 577 3248 eadem
592 3181 767 3249 exactione
778 3186 1008 3270 cessaverunt,
1028 3186 1062 3249 et
1075 3180 1304 3269 permiserunt
1319 3197 1422 3267 usquc

293 3279 404 3348 adhuc
425 3279 546 3347 clerum
569 3278 717 3363 gaudere
734 3279 845 3347 dehita
863 3277 1025 3348 libertate.

366 3375 464 3447 Anno
483 3377 607 3447 domini
632 3379 821 3448 moerori,
846 3379 986 3466 septimo
1005 3378 1223 3463 kalsaugusti
1245 3376 1422 3446 Heinricus

292 3476 547 3566 Ratisponensis
565 3478 744 3566 episcopus
765 3477 851 3546 lulius
871 3469 1017 3546 comitis³
1039 3476 1081 3545 de
1106 3475 1309 3544 Rotenelrlre
1328 3477 1422 3543 mori-

293 3584 353 3644 tur.
379 3579 558 3664 Postquam
581 3578 717 3644 enimin
736 3575 790 3645 die
807 3576 896 3644 beati
910 3576 1029 3645 Jacobi
1048 3576 1204 3665 apostoli,
1223 3593 1329 3662 quem
1343 3593 1422 3662 spe-

294 3677 370 3744 ciali
388 3678 565 3744 consuevit
585 3677 737 3743 venerari
755 3675 899 3766 nonore,
918 3693 991 3744 oum
1012 3677 1112 3743 multu
1130 3675 1324 3743 devocione
1343 3675 1421 3740 mis-

294 3793 405 3843 sarum
430 3776 628 3864 sollempnia
645 3775 866 3863 personaliter
884 3775 1107 3863 celebrasset,
1127 3779 1251 3842 etcum
1274 3774 1366 3840 clero
1392 3778 1420 3838 et

294 3875 419 3960 populo
438 3893 475 3942 se
496 3877 529 3942 in
552 3891 667 3942 mensa
683 3873 877 3963 reiecisset,
895 3875 976 3942 hora
992 3891 1209 3961 vesperarum
1224 3873 1353 3960 incepit
1366 3889 1419 3938 su-

295 3971 364 4039 bito
389 3974 512 4041 uiribus
537 3974 686 4061 corporis
711 3973 863 4062 destitui,
883 3978 917 4040 et
934 3973 984 4040 sic
1003 3975 1037 4040 in
1055 3971 1109 4039 dic
1129 3973 1231 4040 altera
1252 3971 1418 4058 expiravit

330 4147 360 4210 l)
380 4144 510 4198 februarii
537 4145 603 4199 fehlt
627 4147 653 4200 iu
678 4145 726 4200 der
749 4145 789 4201 hs.
813 4145 883 4200 doeh
906 4147 941 4200 ist
963 4144 1036 4217 platz
1057 4143 1135 4198 daliur
1156 4143 1289 4212 gelassen.
1326 4145 1358 4209 2)
1376 4159 1419 4196 no-

295 4213 367 4265 mine
385 4211 452 4266 fehlt
470 4211 514 4266 bei
532 4213 673 4280 canisius,
692 4215 718 4267 iu
743 4213 791 4267 der
809 4214 849 4268 hs.
867 4215 900 4268 ist
918 4213 961 4266 sair
979 4213 1032 4268 den
1050 4213 1195 4268 lehleuden
1214 4226 1313 4267 namen
1332 4210 1418 4267 liech-

295 4280 344 4333 tild
362 4279 434 4351 plata
452 4279 585 4348 gelassen.
621 4283 652 4347 3)
671 4283 814 4352 episeopus
831 4283 918 4338 dictus
936 4282 970 4336 do
988 4282 1029 4336 lus.
