2884 4834
273 192 343 262 202
648 219 1035 299 annaeus'woaunrrrnsrs.

191 370 255 426 tact
276 357 339 428 bus
358 356 455 428 ducis
475 356 510 427 in
528 355 751 428 Wolvesbcre
769 355 910 426 deducti.
936 357 978 428 m
1000 357 1050 428 sic
1066 357 1168 427 multa
1186 359 1272 428 mala
1290 377 1313 428 a
1333 359 1400 428 Ba-

272 459 361 528 varis
387 463 575 546 perpetrata
602 462 698 547 sunt,
725 463 759 526 et
783 457 925 525 maxime
948 455 1083 526 dondno
1111 456 1156 530 de
1175 457 1400 548 sualemberg,

272 558 330 645 qui
353 558 431 627 totis
453 556 578 625 viribus
602 573 640 625 se
664 556 748 644 ipsis
770 561 925 643 potenter
947 555 1141 644 opponebat
1165 561 1199 625 et
1224 557 1401 626 resistebat

271 655 426 745 viriliter,
455 662 489 724 et
507 655 586 724 ideo
606 655 709 722 multa
733 653 878 742 dampna
898 659 965 722 tam
990 656 1042 724 sui
1060 673 1160 743 quam
1178 656 1244 744 ipsi
1267 663 1401 745 propter

275 754 539 824 wormatienses
558 753 753 822 sustinebat.
771 753 840 822 Sed
855 753 989 823 tandem
1002 753 1065 824 bec
1079 770 1200 841 guerra
1215 756 1399 843 composita

273 858 344 941 est3
362 853 397 920 in
420 860 497 922 octo
522 870 642 941 nempe
665 870 831 942 personas
851 852 893 920 ab
913 859 1053 941 utraque
1072 858 1184 943 parte,
1202 861 1400 942 procurante

271 953 344 1021 viro
360 952 452 1022 bono
468 953 602 1021 nomine
617 951 803 1021 Wernbero
820 952 992 1039 Masungo
1012 950 1055 1020 de
1073 948 1220 1042 Attzeia,
1240 957 1295 1020 est
1310 969 1399 1022 com-

271 1051 488 1142 promissum,
513 1056 546 1120 et
568 1067 681 1120 eorum
702 1051 837 1120 arbitrio
862 1068 944 1140 pure
961 1055 996 1120 et
1018 1051 1164 1122 totaliter
1180 1051 1398 1121 commissum.

272 1147 419 1230 Quorum
434 1150 570 1218 nomina
586 1156 738 1238 exparte
757 1149 1052 1219 wormatiensium
1065 1149 1110 1218 hii
1125 1153 1218 1220 sunt:
1236 1147 1399 1238 Rupertus

271 1247 429 1318 Hirsutus
444 1265 575 1338 comes,
593 1247 694 1318 irater
715 1249 866 1338 episcopi
886 1248 1164 1338 Wormatiensis,
1179 1247 1399 1320 Bercbtoldus

272 1347 379 1416 dctus
401 1347 443 1416 de
464 1347 565 1416 Metis
581 1346 813 1416 vicedominus
832 1347 1108 1437 Wormatiensis,
1132 1345 1340 1418 Woliramus
1362 1347 1399 1416 de

272 1445 508 1535 Lewenstein,
531 1443 707 1516 Heinrious
726 1442 835 1514 dictus
853 1446 1058 1533 Nortgesser
1078 1445 1120 1514 de
1141 1445 1343 1534 Dirmstein;
1363 1465 1400 1515 ex

272 1551 367 1634 parte
381 1544 493 1614 ducis:
507 1544 676 1634 Philippus
691 1544 733 1614 de
748 1543 946 1636 Habentes,
964 1544 1118 1616 dominus
1136 1543 1179 1614 dc
1189 1545 1399 1635 Hornoheim,

273 1643 426 1714 dominus
453 1643 495 1714 de
519 1642 762 1734 Hegeneberg,
794 1644 947 1714 dominus
970 1643 1177 1714 Wernberus
1205 1643 1338 1733 dapifer
1361 1643 1398 1712 de

272 1743 400 1816 Aineia.
415 1740 478 1824 Qui
494 1760 610 1812 omnes
626 1744 765 1831 prestito
781 1745 963 1813 iuramento
980 1743 1015 1812 in
1031 1743 1177 1812 crastino
1195 1744 1397 1832 assumptio·

272 1844 325 1912 nis
339 1843 591 1929 Marievirginis
609 1837 703 1932 [aug.
715 1840 779 1934 16]
795 1842 947 1931 predicto
962 1860 1052 1912 anno
1062 1847 1283 1911 accesserunt
1297 1842 1396 1910 Gunt-

272 1941 369 2012 beim.
395 1940 459 2010 Ubi
474 1942 633 2010 instinctu
658 1939 767 2010 iratris
783 1942 944 2030 Mastingi
967 1946 1001 2010 et
1020 1940 1127 2009 iratns
1142 1940 1309 2010 Waltbcri
1328 1939 1398 2010 dicti

272 2040 316 2110 dc
335 2040 428 2110 Sultz
446 2039 571 2110 ordinis
588 2039 850 2110 iratmmdomus
865 2040 1086 2130 Tbeutonice,
1104 2041 1291 2129 episcopus
1303 2040 1398 2108 Wor-

272 2140 445 2208 matiensis
472 2145 506 2208 et
530 2139 599 2206 dux
622 2139 791 2226 palatinus
816 2157 898 2229 pure
916 2138 1010 2210 etde
1027 2139 1129 2227 plano
1147 2145 1228 2208 sunt
1244 2139 1398 2208 reconci-

270 2239 358 2326 liati3
376 2239 476 2306 itaut
493 2237 646 2306 dominus
665 2237 734 2306 dux
750 2239 914 2327 receperit
930 2237 1095 2308 adomino
1110 2238 1275 2327 episcopo
1297 2239 1398 2306 omnia

271 2334 375 2406 feuda
401 2354 465 2424 que
490 2335 532 2404 ab
558 2337 704 2406 ecclesia
727 2337 967 2408 Wormatiensi
993 2336 1178 2406 dinoscitur
1203 2336 1341 2406 bebere.
1363 2335 1398 2406 m

272 2436 432 2525 precipue
458 2435 569 2504 villam
588 2434 816 2506 Neckerawen
834 2454 908 2504 cum
925 2435 1125 2524 appenditiis
1144 2437 1215 2504 suis
1233 2437 1307 2506 iure
1327 2434 1396 2504 teu-

273 2534 340 2603 duti
364 2533 550 2602 dinoscitur
575 2535 718 2604 retinere
741 2535 784 2604 ab
808 2536 955 2604 ecclesia
978 2535 1227 2603 Wormatiensi.
1252 2535 1396 2622 Dampna

272 2639 383 2704 autem
405 2651 471 2720 que
495 2633 583 2702 idem
601 2632 754 2702 dominus
778 2633 846 2704 dux
863 2640 897 2704 et
914 2635 966 2702 sui
983 2639 1049 2702 tam
1066 2635 1101 2702 in
1117 2633 1235 2702 Rheno
1254 2652 1353 2722 quam
1368 2633 1395 2698 in

272 2734 384 2802 stratis
410 2732 561 2801 fecerant
585 2732 715 2802 civibus
739 2733 1043 2802 Wormatiensibus
1066 2732 1143 2800 huic
1168 2731 1394 2820 compositioni

272 2850 341 2901 non
371 2831 479 2900 fuerat
508 2832 726 2901 interclusum
751 2832 807 2902 vel
830 2851 851 2900 a
876 2831 1007 2900 civibus
1030 2832 1264 2900 renuntiatum.
1303 2831 1392 2900 Erant
1430 2899 1431 2910 ¹

272 2949 393 3017 nempe
411 2929 565 2998 dominus
584 2929 626 2999 de
642 2930 858 3018 Stralenberg
874 2936 909 3000 et
924 2931 971 2998 itti
985 2929 1214 3016 deHirtaberg
1232 2929 1392 2998 adiutores

273 3029 578 3119 wormatiensium,
594 3029 715 3117 quibus
725 3029 960 3117 dnxmalaque
975 3034 1106 3118 poterat
1118 3030 1153 3098 in
1163 3029 1319 3098 omnibus
1332 3046 1392 3096 ma-

274 3126 480 3209 chinabatur,
496 3125 549 3196 Ad
566 3128 750 3198 subsidium
765 3129 864 3198 buius
878 3147 998 3216 guerre
1017 3127 1181 3198 dederunt
1198 3129 1296 3196 cives
1312 3127 1391 3216 epis-

274 3243 361 3316 copo
387 3231 556 3294 trecentas
579 3227 682 3296 libras
702 3227 779 3296 hall.
797 3245 886 3296 anno
904 3227 1076 3296 mcclxii.
1094 3244 1210 3296 mense
1229 3225 1391 3296 februario.

346 3321 445 3394 Anno
475 3327 633 3395 mcclii.
661 3345 829 3414 suspensa
854 3331 933 3395 sunt
954 3326 1066 3396 divina
1083 3343 1143 3414 per
1160 3329 1265 3394 totam
1283 3325 1389 3395 civita·
1429 3333 1430 3391 t

272 3429 337 3492 tem
360 3428 494 3512 propter
519 3442 697 3494 excessum
720 3425 928 3512 quorundam
946 3443 989 3494 ex
1011 3425 1083 3492 istis
1103 3425 1245 3511 quitum
1264 3421 1387 3494 cenni-

274 3527 390 3594 serunt
405 3523 440 3591 in
457 3523 627 3592 Laurissa.
644 3524 686 3592 Et
703 3523 844 3592 durabat
860 3543 881 3593 a
898 3523 986 3592 testo
1006 3523 1151 3592 Simonis
1170 3522 1301 3592 etJude
1319 3517 1388 3611 [cot.

275 3619 345 3712 28]·
359 3639 468 3709 usquc
486 3622 528 3690 ad
547 3621 786 3710 septemdecim
804 3622 888 3693 dies.
905 3623 1029 3692 Postea
1046 3623 1176 3710 expulsi
1195 3627 1275 3690 sunt
1292 3620 1332 3690 de
1348 3619 1388 3686 ci·
1428 3663 1429 3725 p

274 3721 375 3788 vitate
402 3720 511 3789 donec
536 3721 779 3790 satisfacerent.
805 3722 847 3790 Et
871 3723 917 3790 illi
935 3720 1168 3790 malefactores
1187 3721 1321 3790 Emicbo
1339 3735 1386 3784 ca-

274 3819 452 3908 merarius,
472 3819 637 3889 Gerardus
656 3819 698 3888 de
717 3819 957 3890 Waehenheim
972 3825 1006 3887 et
1018 3820 1149 3888 Utricus
1167 3819 1255 3888 fitius
1267 3812 1385 3887 Gerardi

273 3917 447 3986 innatum
465 3919 584 3986 civium
604 3918 821 4006 resignabunt
838 3921 910 3988 iura
927 3936 990 3987 sua
1008 3919 1127 3988 civilia.

347 4012 447 4084 Anno
473 4018 632 4086 memini.
651 4035 766 4086 mense
784 4018 955 4088 novembri
974 4016 1138 4086 dederunt
1154 4015 1255 4086 Judei
1273 4012 1385 4084 civibus
1427 3975 1428 4059 i

273 4110 316 4180 ad
334 4110 549 4182 reiectionem
572 4116 653 4184 muri
676 4115 839 4186 ducentas
867 4123 900 4185 et
924 4117 1047 4203 triginti
1071 4116 1173 4184 libras
1191 4116 1269 4186 bati.
1286 4119 1316 4184 et
1331 4128 1385 4180 un-

274 4211 401 4298 gettum
419 4211 462 4280 de
480 4215 557 4282 vino
575 4212 739 4284 dedemnt
755 4216 874 4302 viginti
890 4215 993 4288 libras
1008 4215 1085 4284 hall.
