2950 4836
404 255 574 300 annuimus
597 256 781 300 xxrxnrnsrs.
1098 229 1167 297 503

27 394 156 478 integer
182 393 412 480 post-obitum
435 410 531 461 suum
554 400 648 461 esset
671 394 816 481 elapsus.
849 394 1036 462 Elebertus
1067 397 1164 484 epis·
1184 406 1250 462 tam

27 510 132 579 copus
160 491 459 578 Babenbergensis
486 511 560 560 eum
585 491 669 561 duce
688 491 857 560 llarinthie
875 493 999 561 bellum
1018 512 1168 585 movens

27 591 139 679 plures
167 593 202 658 ei
228 593 429 660 munitiones
455 590 616 660 destruxit
644 598 678 659 et
698 597 822 660 terram
841 611 900 680 pro
927 612 1049 679 magna
1075 599 1168 682 parte

27 691 183 758 vastavit.
222 691 382 759 Dominus
410 691 683 780 archiepiscopus
708 709 751 760 ex
774 691 909 759 licentia
936 692 1060 760 domini
1082 711 1168 782 pape

27 791 206 877 preposito
234 790 471 879 salzpurgensi
503 807 600 857 usum
632 791 727 876 virge
753 792 932 878 pastoralis
958 797 992 860 et
1017 793 1106 859 anuli
1137 799 1170 860 et

27 889 283 975 apothecarum
311 887 465 958 indulsit
499 887 678 958 Chunrado
704 889 812 958 eleeto
841 885 1015 958 Altahensi
1044 897 1167 981 amoto,

30 988 221 1056 llietmarus
241 989 277 1056 lit
294 989 408 1058 abbas,

96 1087 326 1156 llcexxxiii.
355 1087 499 1157 Sanetus
517 1087 675 1174 Virgilius
691 1107 715 1155 a
732 1087 867 1155 domino
893 1106 981 1178 papa
1006 1088 1167 1175 Gregorio
1228 1149 1230 1151 ,

31 1205 115 1254 nono
142 1189 368 1256 canonizatus
395 1193 448 1256 est
473 1189 518 1254 iiii
541 1187 617 1255 idus
639 1188 730 1254 iunii.
755 1186 930 1278 Rudgerus
949 1189 1073 1274 primus
1093 1187 1167 1276 Ky-

30 1287 152 1354 mensis
180 1288 363 1376 episeopus
385 1289 578 1356 auctoritate
597 1286 721 1354 domini
738 1303 824 1374 pape
844 1286 1032 1354 Pataviensi
1052 1288 1167 1356 eccle-

33 1387 75 1453 sie
94 1387 273 1474 prelrcitur.
299 1387 485 1474 Elysabeth
511 1386 577 1454 filia
601 1387 692 1472 regis
711 1385 855 1470 Ungarie
874 1383 975 1453 vidua
992 1387 1168 1472 lantgravii

32 1491 103 1572 post
127 1485 257 1552 obitum
284 1503 380 1553 suum
407 1487 517 1554 multis
543 1486 774 1554 miraculorum
793 1485 899 1570 signis
918 1485 1041 1553 claruit.
1067 1486 1167 1574 Epis-

35 1602 132 1671 copus
162 1585 353 1653 Elrlrbertus
379 1585 710 1671 Babenbergensisa
735 1585 949 1652 ministeriale
977 1583 1072 1652 ducis
1098 1585 1167 1653 lla-

35 1684 146 1750 rinthie
163 1701 227 1772 per
242 1691 344 1752 totam
365 1684 654 1772 quadragesimam
669 1685 703 1750 in
721 1685 910 1771 captivitate
928 1689 1068 1752 tenetur.
1088 1682 1166 1754 Otto

37 1781 97 1850 dux
114 1783 271 1851 Bawarie
298 1785 420 1852 curiam
443 1783 675 1852 celebrandam
700 1781 882 1870 Ratispone
906 1782 1038 1870 indixit,
1069 1794 1169 1870 quam¹

36 1888 165 1970 propter
182 1883 449 1969 indignationem
475 1884 566 1968 regis
585 1882 730 1950 Heinrioi
750 1888 783 1949 et
801 1883 938 1950 aliorum
958 1882 1166 1969 quorundam

38 1981 216 2070 principum
236 1983 382 2051 sibinen
405 1981 585 2051 faventium
607 1988 687 2070 aput
702 1981 868 2049 Lantshiit
885 1981 1077 2050 celebravit.
1096 1981 1166 2050 Sed
1270 2053 1274 2061 ,

37 2080 244 2166 postmodum
273 2101 332 2150 rex
356 2101 429 2150 oum
455 2083 566 2150 multis
590 2081 792 2170 principibus
820 2088 853 2148 et
875 2097 998 2166 magno
1018 2083 1167 2148 exercitu

40 2178 215 2248 Bavariam
234 2181 366 2250 intravit
384 2181 503 2250 ducem
522 2179 751 2250 destructurus
761 2232 770 2270 ,
791 2178 852 2247 sed
871 2177 1036 2247 mediante
1056 2179 1166 2248 arohi-

40 2280 194 2368 episcopo
215 2279 452 2369 Salzpurgensi
469 2284 503 2348 in
521 2282 667 2368 graciam
685 2296 759 2347 eum
777 2279 902 2366 recepit
920 2286 953 2346 et
971 2279 1071 2346 filium
1093 2281 1165 2348 eius

41 2380 202 2462 puerulum
229 2381 262 2447 in
291 2381 440 2448 obsidem
472 2381 545 2466 regi
571 2379 671 2448 dedit.
710 2377 752 2446 Et
778 2377 911 2445 tandem
939 2380 1060 2446 curiam
1094 2380 1166 2446 sol-

40 2474 193 2565 lempnem
216 2479 397 2569 llatispone
417 2479 484 2548 dux
500 2479 691 2566 celebravit,
711 2478 763 2545 oui
777 2477 1051 2566 archiepiscopus
1066 2478 1164 2546 Sala·
1238 2487 1240 2490 ’

44 2572 207 2662 burgensis
229 2583 261 2646 et
280 2597 396 2648 omnes
416 2581 566 2668 episcopi
584 2578 734 2646 Bawarie
753 2575 979 2644 interfuerunt.
1006 2577 1080 2644 Dux
1098 2577 1168 2644 Ba-

43 2677 132 2743 rvarie
150 2695 225 2745 cum
243 2697 365 2765 magno
385 2681 531 2746 exercitu
557 2678 641 2746 lines
661 2676 755 2744 ducis
773 2673 907 2743 Austrie
925 2675 1115 2744 devastavit
1133 2683 1166 2744 et

46 2772 210 2845 claustrum
233 2779 267 2845 in
294 2778 462 2846 lrambaoh
481 2779 619 2847 exussit.
647 2777 722 2843 Dux
740 2773 874 2842 Austrie
893 2792 1046 2860 magnum
1067 2792 1166 2842 exer-

47 2873 131 2940 citum
149 2883 267 2944 eontra
291 2896 403 2964 regem
427 2877 563 2946 Boemie
582 2879 685 2965 primo
705 2873 843 2960 collegit
861 2879 894 2941 et
913 2873 1092 2942 ltloraviam
1111 2875 1164 2941 in-

47 2974 147 3062 travit,
166 2983 200 3044 et
218 2976 367 3045 secundo
384 2978 482 3044 alium
502 2979 681 3044 exercitum
704 2973 866 3041 adversus
885 2991 1000 3059 regem
1018 2973 1164 3060 Ungarie

48 3071 176 3160 collegit.
195 3075 264 3144 Sed
279 3083 400 3165 postea
414 3076 525 3164 plures
541 3073 770 3143 ministeriales
786 3090 920 3140 suorum
938 3079 1002 3140 tam
1020 3073 1052 3139 in
1072 3071 1164 3141 llar-

49 3168 109 3236 olia
123 3191 219 3260 quam
234 3177 266 3242 in
282 3175 418 3244 Austria
438 3175 600 3243 adversus
618 3192 692 3242 eum
710 3173 912 3260 conspirant.

109 3269 334 3342 ltcexxxiiii.
354 3275 592 3342 DuxBawarie
612 3291 711 3360 super
729 3272 964 3339 monasterium
975 3269 1165 3336 Vormbach

51 3377 167 3453 repente
177 3374 318 3463 irruens,
329 3374 451 3442 multos
462 3375 669 3462 proscriptos
688 3373 742 3458 qui
758 3389 795 3438 se
809 3372 843 3437 in
858 3370 977 3437 eodem
991 3374 1164 3435 monaste-

51 3463 89 3532 rio
106 3471 215 3539 eiectis
234 3473 405 3542 monachis
424 3479 619 3560 receperant
639 3468 898 3558 comprehendit,
910 3483 1162 3554 quorumquos-

53 3561 113 3633 dam
128 3571 297 3662 suspendi,
319 3573 403 3640 alios
424 3573 533 3660 capite
551 3571 650 3660 plecti
673 3570 770 3636 iussit
788 3569 916 3635 circiter
932 3563 1163 3652 quadraginta.

91 3664 286 3739 ll.ce.xxx.v.
312 3669 429 3758 Agnes
456 3671 592 3738 ducissa
621 3669 772 3737 Bawarie
802 3668 858 3735 xiii
888 3665 951 3732 kal.
979 3663 1163 3730 decembris

55 3755 132 3847 [nov.
149 3767 210 3862 ta]
229 3773 357 3858 peperit
372 3771 473 3838 filium
490 3772 545 3857 qui
565 3775 706 3838 vocatus
725 3771 778 3834 est
794 3765 977 3833 Heinrious.
1004 3761 1162 3830 Albertus

56 3874 147 3932 comes
162 3868 200 3936 de
217 3871 331 3956 Pogen
352 3869 575 3936 transfretavit
593 3874 625 3935 et
642 3871 722 3956 aput
739 3865 899 3932 Venetias
922 3855 1138 3952 captivatur.1

116 3961 324 4036 ll.co.xxx.vi.
351 3967 536 4037 dridericus
561 3967 629 4035 dux
647 3963 780 4034 Austrie
804 3969 837 4032 et
864 3963 971 4050 Styrie
995 3959 1036 4030 ab
1056 3963 1163 4049 impe-

83 4134 106 4208 ll
122 4137 242 4195 Albertus
261 4171 291 4181 -
312 4144 460 4214 captivetur
487 4145 520 4195 ist
545 4140 613 4194 noch
644 4141 679 4191 irn
703 4137 879 4191 dreizelrnten
904 4135 990 4189 lahrh.
1015 4151 1056 4188 orn
1082 4133 1163 4186 rande

56 4193 167 4273 burgeffigp
183 4210 234 4263 arrd
259 4210 329 4264 daun
354 4213 389 4264 irn
416 4211 592 4264 vierzehnten
615 4213 705 4278 spiter
727 4213 881 4274 zugesetzt:
900 4206 946 4276 qni
967 4204 1018 4256 hnc
1036 4221 1105 4256 anno
1124 4211 1164 4254 at-

58 4267 103 4320 tulit
117 4287 223 4332 sanctam
242 4295 349 4332 erucem
368 4279 401 4332 ad
421 4280 610 4334 monasterium
629 4275 712 4329 Altlre
730 4277 861 4346 superior.
