2884 4834
189 354 256 408 1298

271 177 342 244 loc
620 204 784 252 cerenicus
805 205 842 249 nu
863 204 1034 251 uusurnern.

347 343 444 412 Anno
464 341 587 412 domini
606 349 641 409 ut
658 361 758 430 supra
776 341 864 411 lesto
885 343 1127 430 assumptionis
1143 342 1244 412 ¹berne
1261 343 1399 430 Virginis

270 443 350 512 hora
369 443 528 512 matutina
538 496 546 531 ,
567 460 640 509 cnm
659 445 723 508 iam
744 449 886 528 quatuor
902 442 1117 509 es'sentlecte
1130 443 1308 532 lectiones,
1320 445 1399 529 ignis
1429 453 1430 502 l

269 544 407 612 invaluit
423 544 515 610 iuxta
533 542 643 608 locum
662 543 718 628 qui
743 539 861 609 dicitur
879 541 933 608 die
961 540 1130 629 Schupple
1140 595 1149 631 ‚
1168 543 1202 608 in
1220 541 1325 610 domo
1343 561 1399 630 qne
1429 553 1430 598 t

271 643 391 711 dicitur
416 641 475 709 der
500 639 719 728 Stemliohus,
748 641 803 727 qni
827 641 1036 728 consumpsit
1053 646 1159 709 totum
1177 641 1270 710 illum
1290 643 1399 730 vicum,
1429 655 1430 700 t

270 743 380 809 vicum
406 747 553 809 sutorum
578 758 620 807 cn
647 745 786 826 utraque
811 745 914 828 parte.
942 739 992 806 Ex
1017 739 1063 807 ilo
1081 741 1162 826 igne
1182 742 1329 808 incensa
1347 739 1399 808 luit
1429 735 1430 800 l

271 840 394 909 nobilis
429 839 573 908 enclesis
598 836 856 924 Argentinensis
890 845 924 908 et
956 845 1154 927 consumpta
1184 839 1247 908 luit
1275 842 1400 928 penitus
1429 853 1430 900 t

271 957 382 1008 morsu
399 941 501 1025 ignis
521 939 576 1026 qui
596 955 664 1006 non
683 939 789 1006 solum
808 940 913 1027 ipsam
933 937 1122 1027 eeclesiam,
1142 938 1204 1006 sed
1224 957 1397 1027 onmpaoas

271 1056 400 1125 organa
419 1043 452 1106 et
469 1045 605 1105 ornatus
626 1037 769 1104 ecclesie
788 1036 974 1126 devoravit,
1003 1038 1069 1104 imo
1088 1039 1186 1105 etiam
1207 1045 1354 1106 remotas
1370 1041 1397 1105 in
1429 1055 1430 1100 l

271 1140 415 1206 cinerem
441 1136 572 1222 redegit
594 1135 762 1225 officinas,
788 1137 821 1204 in
841 1143 966 1205 tantum
984 1136 1074 1223 qnod
1091 1137 1241 1224 parietes
1274 1143 1309 1204 et
1338 1143 1399 1206 tes·
1429 1151 1430 1199 r

271 1237 404 1306 tudines
424 1253 586 1304 nnnrornm
605 1237 730 1303 ruinam
745 1235 962 1304 minabamur.
978 1235 1028 1303 Ex
1042 1236 1098 1303 illo
1115 1237 1212 1303 etiam
1227 1238 1311 1322 igne
1326 1253 1399 1304 con·
1429 1253 1430 1316 l

272 1340 394 1424 sumpti
412 1335 545 1403 inerunt
561 1336 626 1401 vici
644 1340 720 1402 ante
739 1336 975 1403 monasterinm
994 1351 1066 1401 eum
1092 1334 1274 1402 medietate
1293 1335 1399 1423 bospi-
1429 1327 1430 1400 l

271 1435 347 1504 talis
365 1453 472 1521 usqne
491 1433 533 1500 ad
552 1439 771 1522 mercatores,
790 1451 854 1502 nec
872 1451 939 1502 nou
958 1434 1052 1500 vicus
1072 1435 1127 1521 qui
1146 1434 1268 1502 dicitur
1286 1433 1399 1501 uidem

273 1533 402 1602 Graben
421 1532 659 1601 descendendo
677 1549 786 1619 usque
804 1533 846 1601 ad
865 1539 1047 1620 monetam,
1067 1538 1100 1600 el
1116 1533 1333 1620 postmodum
1349 1549 1398 1600 as·
1429 1563 1430 1578 r

273 1631 449 1701 cendendo
467 1633 576 1700 vicum
595 1631 823 1720 Sporergasse
841 1633 978 1700 trahens
997 1649 1110 1699 secum
1130 1634 1239 1699 vicum
1260 1650 1398 1699 rasorum
1429 1651 1430 1720 n

273 1738 349 1800 ante
376 1732 629 1819 monasterinm,
655 1747 809 1798 necnon
836 1730 967 1798 domum
993 1729 1172 1799 Hauwardi
1190 1739 1281 1800 reiro
1301 1733 1396 1798 vienn
1429 1721 1430 1798 l

274 1831 520 1920 Sporergasse‚
548 1838 582 1898 et
605 1829 732 1897 resedit
753 1831 786 1897 in
814 1829 913 1898 domo
931 1830 1077 1898 Kusonis
1096 1847 1137 1898 ex
1155 1830 1210 1897 illo
1229 1837 1325 1919 parte
1342 1833 1396 1896 vici
1429 1847 1430 1926 p

273 1938 306 2000 et
324 1949 365 1999 ex
382 1931 447 1998 ista
464 1935 556 2018 parte
574 1931 606 1995 in
626 1927 725 1996 domo
744 1928 821 1998 dicti
839 1929 934 1998 Priol.
1292 1971 1295 1976 -
1429 1951 1430 1998 l

346 2029 445 2098 Anno
471 2028 593 2096 domini
617 2035 652 2095 ut
672 2047 772 2116 supra
790 2047 809 2095 a
828 2028 914 2096 lesio
938 2028 1026 2095 beati
1044 2028 1162 2096 iacobi
1181 2027 1329 2116 apostoli
1347 2045 1396 2094 ns·
1429 2049 1430 2118 p

273 2146 338 2217 que
363 2127 405 2196 ad
430 2128 550 2195 lestum
577 2127 666 2194 beati
689 2127 814 2195 Mathei
839 2128 983 2216 apostoli
1011 2123 1084 2216 [iuli
1105 2129 1149 2194 25
1170 2165 1215 2174 -
1237 2133 1323 2214 sept.
1341 2123 1395 2214 ill
1429 2131 1430 2196 l

272 2229 463 2316 persecutio
490 2226 673 2294 iudeorum
700 2225 786 2294 lacta
817 2233 870 2294 est
895 2245 954 2314 per
985 2225 1159 2313 quemdam
1190 2226 1337 2294 nobilem
1362 2225 1396 2290 de
1429 2243 1430 2320 l

273 2326 476 2413 braulionis,
505 2327 559 2412 qui
586 2325 816 2393 nominabatur
837 2325 1041 2393 llintlleiscb.
1075 2323 1291 2417 Aggregmis,
1312 2325 1394 2412 copia
1429 2337 1430 2394 i

273 2425 440 2494 hominnm
468 2423 607 2512 occidit,
630 2431 666 2492 nt
692 2423 829 2512 dicitur,
856 2431 986 2492 centnm
1014 2425 1114 2492 millia
1132 2423 1335 2512 iudeorum,
1352 2425 1395 2488 vi·

273 2524 396 2592 delicet
418 2523 547 2591 ludens
573 2525 754 2592 existentes
778 2525 812 2590 in
832 2523 973 2612 Erbipoli
991 2523 1192 2616 Nyrenberg
1211 2531 1246 2591 et
1265 2541 1337 2590 oum
1353 2523 1394 2588 in-

274 2625 385 2711 quiras
411 2631 443 2691 ot
469 2625 620 2690 nomines
642 2623 740 2690 villas
759 2631 792 2690 et
809 2628 926 2690 castra.
954 2623 1063 2690 Causa
1081 2625 1229 2710 ipsorum
1246 2639 1395 2712 perseco-

273 2724 375 2790 tionis
395 2722 470 2810 init,
491 2721 580 2809 qnod
598 2727 634 2788 ut
652 2721 770 2790 dicitur
787 2723 819 2790 iu
840 2739 959 2810 corpus
978 2721 1108 2790 Domini
1131 2721 1343 2808 deliquerunt
1358 2721 1394 2786 ita

274 2823 438 2910 graviter,
458 2820 547 2908 quod
564 2823 728 2909 permissa
745 2819 806 2887 luit
823 2839 843 2888 a
860 2819 925 2888 deo
942 2823 1132 2908 persecutio
1152 2819 1352 2906 eorundem,
1369 2826 1393 2884 et

214 2922 219 2938 “
274 2919 365 3008 quod
384 2923 482 2988 etiam
499 2938 560 3008 per
576 2922 766 2988 universnm
784 2937 922 3006 regnum
943 2920 1085 2988 luissent
1099 2921 1279 3008 persecuti,
1300 2921 1326 2986 si
1340 2917 1392 2985 do-

167 3077 171 3084 .
274 3021 382 3086 minus
400 3016 556 3086 Albertus
571 3017 789 3086 Romanorum
808 3037 867 3086 rex
883 3021 917 3086 in
935 3023 1127 3088 reversione
1146 3018 1187 3086 ab
1201 3016 1393 3112 Aquisgmni

274 3119 540 3204 persecutionem
559 3135 627 3185 non
646 3116 811 3185 sedasset.

348 3216 559 3284 Eccemirum
567 3216 714 3284 mirabile
724 3217 892 3288 achonum
903 3216 1076 3302 iortunam,
1092 3211 1392 3303 qnodRudollusde

273 3313 474 3400 Habesburg
490 3313 710 3384 Romanorum
724 3333 782 3382 rex
795 3318 866 3402 rogi
876 3315 1261 3403 Boemieinimioabatur‚
1272 3319 1305 3381 et
1315 3309 1390 3399 qrrod

275 3432 348 3483 eum
372 3416 405 3482 in
430 3414 566 3482 Boemia
591 3415 625 3480 lu
646 3431 708 3482 sna
726 3416 867 3482 maxima
884 3417 1034 3502 potentia
1052 3432 1125 3482 oum
1143 3413 1286 3482 ducibus
1303 3411 1390 3478 boro-

235 3521 237 3525 ’
273 3513 371 3582 nibus
389 3515 543 3602 personis
562 3513 729 3581 nobilibus
747 3513 1039 3582 innumerabilibus
1064 3513 1243 3603 interiecit,
1262 3511 1389 3578 multos·

274 3631 339 3699 que
357 3612 461 3680 duces
479 3612 625 3680 barones
644 3617 677 3679 et
689 3611 773 3679 alios
789 3612 919 3680 nobiles
934 3614 1021 3700 cepit
1039 3619 1072 3680 et
1085 3614 1236 3699 captivos
1254 3609 1388 3692 detinuit,

274 3714 423 3800 exceptis
447 3711 628 3780 interiectis
654 3729 727 3777 cnm
754 3709 840 3778 dieto
865 3729 963 3801 rege,
983 3717 1016 3778 et
1033 3710 1123 3798 qnod
1142 3710 1183 3778 de
1201 3716 1295 3798 parte
1313 3707 1387 3792 regis

274 3809 497 3878 Romanorum
525 3810 604 3877 nrrlli
630 3808 761 3878 luerunt
784 3807 945 3878 interlecti
969 3827 1032 3876 neo
1057 3811 1212 3897 captivati
1240 3825 1302 3876 neo
1318 3807 1387 3872 alias

276 3908 535 3995 quoquomodo
561 3908 734 3977 molestati.
760 3908 942 3976 Mirabilins
973 3909 1150 3976 notabilius
1177 3926 1217 3974 ao
1241 3905 1386 3974 lortuuins

274 4005 422 4093 videtur,
449 4005 538 4093 qnod
556 4005 713 4075 Albertus
738 4006 805 4074 dux
822 4005 975 4094 Austrie,
1002 4007 1087 4075 lilius
1111 4006 1241 4078 nucoln
1265 4000 1387 4094 predicti

275 4107 365 4190 regis
383 4103 613 4194 Romanorum,
632 4110 772 4174 vocatus
791 4111 823 4173 el
839 4105 985 4192 legitime
1003 4123 1062 4193 per
1079 4107 1203 4175 litteras
1223 4104 1386 4193 principum

274 4209 429 4292 patentes
454 4204 618 4287 sigillatas
646 4205 766 4271 citatus
792 4204 882 4291 qnod
900 4205 1029 4272 veniret
1045 4203 1262 4272 Franlrenlnrt
1279 4201 1318 4270 ad
1334 4217 1387 4265 an-
