2886 4834
281 187 324 254 76
644 210 808 260 ennourcou
830 211 1041 260 cennrersrrsr.

197 365 264 422 rete
282 355 374 441 ginta
394 353 587 440 equitaturis
612 351 654 419 ad
676 351 882 441 Rapoltsteie
908 353 1015 440 venit,
1039 350 1157 420 velens
1183 369 1242 420 eos
1271 351 1425 421 fideliter

279 453 446 520 adiuvare.
474 452 572 519 Cives
589 469 669 518 vero
684 469 752 519 non
767 451 980 520 erediderunt
995 452 1025 518 ei
1045 468 1104 538 per
1116 452 1222 518 omnia
1231 503 1240 540 ‚
1263 451 1324 519 sed
1339 455 1400 520 cla-

278 569 339 618 ves
355 550 508 619 lrdelibus
522 549 739 639 mandabant,
759 551 923 618 neminem
950 548 1079 634 ingredi
1099 549 1151 616 vel
1169 548 1286 636 egredi
1306 550 1400 620 libere

279 650 463 718 voluerunt.
490 649 650 717 Dominus
673 649 715 717 de
737 649 971 738 Liehtenberg,
999 649 1118 716 timens
1144 649 1234 716 cives
1261 647 1400 737 Repper-

280 749 437 816 sehu'ilre
455 747 542 816 idem
560 746 811 835 facturosquod
828 748 1127 836 columbarienses,
1146 749 1291 815 recessit
1303 747 1402 839 abeis,
1425 772 1426 824 t

279 865 343 915 nec
366 847 507 934 amplius
533 865 592 915 eos
615 848 729 914 iuvere
753 848 867 916 voluit.
893 847 1055 914 Dominus
1077 845 1119 944 de
1144 844 1350 934 Rapoltstein
1373 852 1401 915 in

280 945 380 1015 demo
398 945 561 1014 Minorem
573 963 610 1012 se
622 947 794 1036 continuit,
809 953 843 1013 et
856 947 891 1012 in
905 943 1104 1032 quibusdam
1114 945 1248 1030 angulis
1264 946 1402 1013 latitavit.

354 1043 452 1113 Cives
480 1043 769 1112 Columbarienses
797 1063 869 1112 eum
895 1044 1047 1112 dominos
1074 1045 1233 1110 incuriis
1267 1061 1334 1111 non
1357 1047 1401 1111 in-

279 1150 443 1212 venerunt
461 1161 550 1212 arma
569 1149 602 1210 et
620 1159 726 1229 equos
745 1143 961 1211 abstulerunt.
1006 1142 1100 1210 Servi
1124 1142 1332 1210 dominorum
1349 1163 1401 1210 au-
1426 1180 1427 1230 p

280 1241 410 1328 lugiunt
433 1249 533 1329 atque
553 1260 619 1328 quo
636 1249 780 1330 possunt
798 1259 876 1310 sese
894 1241 1113 1310 abscondunt,
1148 1241 1274 1310 Servos
1293 1243 1401 1309 inven-
1426 1235 1427 1238 ’

280 1347 333 1410 tos
352 1341 444 1409 cives
463 1340 748 1428 comprehendunt
765 1359 806 1408 ae
822 1343 856 1409 in
873 1341 1007 1409 vincula
1026 1341 1214 1408 coniiciunt.
1244 1339 1401 1408 Scultetes

279 1447 313 1507 et
331 1438 417 1508 lrlius
435 1457 508 1507 eum
526 1439 742 1526 querentibus
761 1440 983 1508 circumibant.
1018 1439 1077 1507 Cui
1095 1441 1221 1507 amicus
1242 1441 1397 1528 quispiam

280 1537 378 1606 dixit:
403 1537 553 1605 Recedite
579 1539 619 1605 de
642 1541 696 1605 eie
717 1541 910 1624 priusquam
935 1538 1093 1606 satellites
1118 1540 1206 1624 reple
1235 1553 1297 1605 eos
1322 1557 1400 1606 con·

274 1635 487 1723 prelecedont.
531 1638 715 1724 Statimque
744 1643 967 1705 recesserunt.
1018 1635 1181 1705 Dominus
1209 1635 1254 1704 de
1273 1635 1398 1725 liupolt·

281 1737 367 1804 stein
384 1736 439 1803 vix
457 1734 589 1803 tandem
608 1755 628 1803 a
646 1736 860 1823 querentibus
878 1738 1044 1803 invenitur
1061 1737 1186 1823 capitur
1204 1741 1238 1802 et
1257 1735 1400 1804 custodi-

279 1842 340 1902 tur.
375 1833 480 1922 Capto
505 1834 639 1903 domino
657 1835 699 1902 de
716 1835 925 1923 Rapoltstein
952 1837 1065 1903 eleves
1083 1840 1251 1922 portarum
1270 1851 1329 1922 per
1345 1835 1400 1902 ho-

280 1941 409 2002 nestum
430 1935 534 2000 civem
554 1933 675 2004 dietum
694 1933 840 2001 Rebman
867 1952 940 2003 cum
967 1935 1107 2002 civitatis
1132 1933 1280 2001 dominio
1299 1933 1339 2001 ed
1356 1951 1400 1999 re-

280 2049 355 2119 gem
376 2034 636 2101 transmiserunt.
670 2030 743 2112 Qua
761 2051 796 2100 re
815 2033 923 2119 gavisi
943 2039 1020 2100 sunt
1036 2033 1155 2099 interni
1174 2038 1207 2098 et
1225 2034 1399 2100 externiue

278 2134 452 2200 universus
470 2134 561 2218 regis
585 2133 760 2199 exereitus.
792 2131 954 2199 Dominus
981 2132 1161 2219 episeopus
1179 2128 1395 2216 rtrgerrtirren-
1428 2183 1429 2186 ,

279 2233 326 2298 sis
353 2230 502 2298 turbatus
530 2229 573 2298 ad
599 2247 681 2298 suos
707 2248 744 2297 se
770 2230 937 2298 transtulit
966 2229 1169 2298 festinanter.
1206 2229 1284 2317 ipsa
1310 2236 1395 2298 noete

278 2329 444 2398 dominum
463 2329 505 2396 de
522 2327 726 2416 Rapoltstein
745 2333 779 2396 et
795 2337 927 2398 ceteros
946 2335 1063 2417 captos
1081 2330 1174 2397 cives
1199 2331 1273 2415 regi
1298 2328 1329 2397 id
1346 2347 1395 2416 pe·

281 2429 363 2496 tenti
381 2428 613 2495 transmittunt.
1052 2457 1056 2466 ·

353 2526 429 2595 Non
447 2525 567 2594 tradito
585 2525 730 2595 sculteto
756 2524 949 2613 indignatus
976 2546 1035 2596 rex
1058 2547 1119 2617 per
1135 2543 1314 2616 preconem
1331 2543 1396 2614 pro·
1429 2569 1430 2608 p

281 2625 413 2694 clamari
428 2626 542 2694 iussit:
561 2629 687 2692 centron
705 2623 807 2691 libros
824 2624 1006 2692 lebltcmm
1019 2629 1073 2713 qui
1089 2627 1258 2694 scultetum
1271 2634 1397 2710 preren·

280 2728 374 2791 teret.
410 2725 542 2792 'l'imens
560 2722 658 2792 valde
677 2723 850 2813 scultetus,
874 2727 1029 2812 pauperis
1047 2734 1174 2793 vestem
1193 2723 1310 2812 induit,
1329 2724 1396 2790 elan

282 2825 444 2892 civitatem
464 2823 643 2912 egreditur,
664 2829 805 2908 quatuor
823 2841 896 2890 eum
915 2823 1171 2912 precedentibus
1190 2823 1243 2890 vel
1264 2839 1397 2908 sequen-

281 2921 388 3010 tibus,
418 2939 566 3007 vergens
596 2938 716 2988 versus
748 2923 947 2989 munitiones
985 2921 1110 2990 domini
1142 2921 1395 3008 Argentinensis.
1428 2975 1429 2982 ,

281 3019 375 3086 Viam
393 3027 534 3087 noverat
550 3021 672 3108 optime
691 3027 724 3088 et
740 3020 919 3106 Egestreim
933 3021 1103 3089 castellum
1117 3023 1151 3088 in
1166 3021 1275 3089 oeulis
1290 3019 1396 3086 hebuit.

281 3117 366 3186 Dum
383 3136 490 3205 esque
509 3117 551 3186 ad
570 3119 702 3186 terciam
726 3119 838 3187 horam
857 3120 891 3187 in
909 3120 1003 3188 silvis
1029 3127 1062 3187 et
1086 3119 1191 3187 deviis
1211 3119 1395 3202 aberrasset,

282 3218 425 3285 occurrit
442 3218 472 3284 ei
490 3217 613 3285 melier.
639 3216 711 3286 ileo
730 3217 861 3286 duobus
880 3219 958 3285 viris
977 3225 1166 3307 presentem
1185 3235 1263 3286 esse
1280 3217 1396 3305 ¹sculte-

281 3323 348 3383 tum
367 3315 524 3384 ostendit.
558 3315 611 3382 liii
634 3317 743 3401 gavisi
770 3334 844 3384 eum
869 3324 1028 3404 oeperunt
1053 3319 1123 3404 regi
1142 3315 1394 3404 presentandum.

282 3413 351 3483 Sed
368 3415 487 3484 milites
507 3415 655 3502 episcopi
672 3415 868 3484 Basiiiensis
894 3416 1057 3483 violenter
1075 3416 1251 3484 scultetum
1271 3415 1396 3502 eripiunt

282 3521 315 3582 et
331 3515 365 3582 in
383 3520 527 3583 castrum
546 3513 835 3599 Schwarzcnburg
852 3513 1063 3583 transierunt.
1096 3514 1149 3581 Hii
1168 3513 1235 3582 duo
1253 3515 1329 3602 viri,
1351 3526 1394 3577 re-

282 3629 357 3698 gem
376 3613 512 3702 adituri,
549 3611 648 3680 obvio
681 3611 810 3680 cuidam
837 3611 991 3680 dixerunt
1021 3611 1099 3700 quid
1126 3611 1292 3680 acciderit.
1346 3606 1395 3673 Hie

281 3711 371 3780 illico
389 3713 459 3796 regi
477 3712 621 3778 nunciat.
648 3709 707 3778 Cui
726 3729 783 3778 rex
802 3728 921 3798 equum
938 3730 998 3799 pro
1017 3729 1150 3778 munere
1169 3709 1306 3779 conteri.
1331 3709 1394 3774 Post

282 3807 345 3876 hec
362 3809 503 3896 predicti
522 3809 588 3877 duo
608 3811 699 3877 cives
715 3804 726 3846 ¹
751 3811 822 3895 regi
840 3809 985 3877 relerunt
1003 3810 1082 3896 quid
1101 3809 1278 3898 acciderit,
1304 3806 1393 3892 regis-

283 3925 348 3992 que
365 3909 460 3975 iussu
479 3926 499 3974 a
516 3915 728 3994 procuratore
746 3914 878 3976 centum
895 3908 996 3976 libras
1015 3910 1185 3996 recipiunt.

357 4002 408 4072 Ab
435 4006 596 4094 episcope
618 4007 796 4074 Basilierrsi
815 4007 989 4075 scultetum
1012 4025 1069 4074 rex
1085 4007 1241 4095 postulat.
1268 4007 1392 4094 Episco-

282 4121 345 4192 pus
363 4102 441 4172 dare
460 4110 592 4172 recusat
607 4105 858 4191 irregularitatis
875 4106 998 4174 timore.
1026 4106 1186 4174 Promittit
1200 4123 1256 4173 rex
1271 4105 1391 4172 animaru

317 4213 349 4278 l)
368 4212 442 4265 cives
459 4210 529 4265 steht
547 4212 581 4264 im
601 4211 695 4279 drusii,
714 4211 781 4266 selrl't
800 4212 864 4267 aber
881 4214 908 4266 in
926 4213 975 4266 der
992 4213 1031 4266 irs.
