2950 4836
414 195 605 242 rnraannnus
626 178 812 242 nurnnrnsrs.
1129 171 1194 239 551

42 329 78 396 in
98 329 209 400 bravi
228 334 374 421 tempore
396 332 439 401 ad
460 336 594 423 propria
615 336 823 403 remissurus.
841 334 891 401 ‘nt
908 335 957 401 sic
977 335 1050 403 sina
1068 337 1195 404 intento
1215 345 1280 400 1³02

43 427 115 495 line
137 447 161 497 a
181 428 332 499 Romana
350 433 441 500 curia
458 437 677 500 recesserunt.

125 525 264 597 Eodem
279 545 369 596 anno
389 530 609 600 veneruntad
624 527 805 599 Romanam
823 531 946 598 curiam
969 533 1082 599 nuncii
1105 533 1196 618 regis

43 623 272 694 Tartaromm
302 627 448 722 moribus
482 633 516 696 at
548 628 663 696 babitu
690 628 788 697 nobis
819 630 902 698 satis
933 627 1123 698 dissimiles.
1156 630 1199 698 Et

40 723 160 810 primo
181 725 404 793 certificamnt
422 743 543 814 papam
558 726 600 795 de
617 726 788 812 legatione
808 745 881 816 sua,
900 725 1021 794 deinde
1037 727 1196 796 articulos

42 819 128 888 ndei
158 823 265 910 pleno
295 823 443 892 confessi
465 830 543 892 sunt
564 841 624 913 per
643 826 857 914 interpretem
877 842 989 893 coram
1012 843 1072 915 co,
1099 831 1197 914 post-

42 918 195 987 modum
211 923 500 1009 voropetiverunt
515 924 651 991 nominc
673 924 763 1009 rogis
788 924 860 1014 sui,
887 927 924 990 ut
947 925 1113 1011 cumipse
1137 941 1197 991 rex

42 1017 159 1086 vellet
180 1023 300 1087 terram
318 1026 467 1088 sanctam
485 1035 505 1087 a
524 1019 672 1089 Saldano
698 1022 827 1108 eripere
852 1022 997 1108 propriis
1021 1021 1194 1088 laboribus

43 1120 78 1183 et
102 1119 285 1207 expensis,
309 1123 343 1185 et
368 1135 441 1186 eam
459 1120 635 1187 restituere
658 1119 760 1187 cultui
786 1119 984 1208 christiano,
1010 1117 1084 1207 ipsc
1107 1135 1195 1207 papa

42 1215 293 1283 transmitteret
310 1213 353 1284 ad
371 1214 512 1284 eandem
528 1223 648 1284 terram
665 1217 784 1285 milltes
808 1218 864 1304 qui
883 1215 1096 1284 defensarent
1122 1235 1196 1284 eam

45 1310 87 1379 ab
114 1313 434 1400 impugnationibus
447 1329 674 1404 paganorum,
695 1320 729 1383 et
748 1315 928 1402 episcopos
953 1318 986 1382 et
1002 1315 1143 1383 clericos
1158 1321 1196 1382 ut

46 1409 273 1497 predicarent
292 1411 390 1479 fidem
412 1417 446 1480 et
464 1412 641 1502 docerent,
659 1413 737 1480 item
752 1413 919 1498 agricolus
937 1418 974 1478 ut
995 1417 1112 1480 terram
1134 1430 1195 1480 co-

45 1508 162 1576 lerent
182 1505 417 1597 supradictam.
437 1510 495 1578 Cui
506 1511 662 1598 ¹petitioni
676 1512 802 1599 annuit,
819 1511 1015 1600 promittens
1032 1528 1092 1578 cos
1106 1511 1195 1578 velle

48 1609 285 1675 transmittere
308 1609 535 1696 cumprimum
553 1608 692 1678 adesset
713 1607 777 1676 s‘ibi
791 1609 1033 1696 opportunitas.
1059 1607 1101 1676 Et
1121 1611 1194 1694 rcgi

49 1721 171 1772 eorum
192 1705 325 1773 auream
345 1723 477 1774 crucem
497 1707 602 1798 misit,
621 1706 707 1775 dans
721 1708 752 1774 ei
768 1706 908 1775 eandam
924 1723 1056 1774 crucam
1071 1708 1106 1773 in
1120 1708 1193 1792 sig-

47 1819 128 1870 nnm
147 1809 312 1891 suscepte
327 1803 424 1892 fidei,
444 1810 478 1872 et
498 1805 533 1872 in
556 1806 787 1873 remissionem
802 1810 1013 1892 peccatorum
1038 1806 1192 1894 omnium,

47 1903 85 1967 ut
106 1906 234 1970 terram
254 1906 403 1969 sannam
418 1903 606 1970 restitueret
624 1900 725 1994 cultui
745 1902 934 1971 christiano.

125 1995 231 2067 Anno
247 1999 372 2068 domini
386 1997 712 2088 moenititlll'rsdieto
736 1999 909 2068 Bonilacio
929 2016 1017 2086 papa
1038 2004 1194 2066 manente

52 2113 128 2164 cnm
156 2099 251 2166 cuna
276 2115 338 2166 sua
361 2091 605 2189 in'nnagnia‚'
624 2100 712 2168 circa
736 2097 856 2166 testum
881 2097 972 2179 beati
995 2096 1193 2164 Micbabalr's

54 2195 194 2281 quidam
212 2195 254 2264 de
271 2191 428 2282 Anagnia
450 2202 484 2264 et
500 2196 598 2265 Serra
620 2195 662 2264 de
693 2195 855 2264 Columna
873 2197 982 2284 ipsum
999 2195 1194 2262 invaserunt

54 2298 154 2380 capta
180 2292 281 2362 domo
298 2310 377 2383 sua,
396 2295 550 2362 omnibus
571 2293 789 2364 servitoribus
812 2295 882 2362 suis
900 2292 1108 2378 largientibus
1117 2345 1127 2382 ,
1146 2294 1193 2359 ir-

53 2397 197 2459 ruerunt
218 2407 320 2480 snper
344 2409 437 2481 cum,
457 2397 595 2460 aturrus
617 2393 649 2460 el
672 2391 769 2460 dixit:
800 2391 845 2459 lu
862 2391 1018 2458 citissima
1038 2389 1192 2476 lucretiae,

52 2489 149 2556 niodo
170 2493 205 2556 tu
221 2507 257 2557 es
270 2491 304 2556 ia
317 2493 485 2574 potestate
501 2494 633 2574 nostra,
654 2494 688 2558 et
708 2491 750 2557 de
770 2494 803 2556 te
825 2489 978 2576 pdcpeid
992 2489 1193 2556 colaerimus

51 2585 244 2668 faciemus!
264 2588 305 2656 llt
323 2588 396 2675 ipse
417 2605 505 2677 papa
522 2588 646 2657 sedens
662 2589 697 2656 in
715 2587 800 2657 sede
817 2606 879 2656 sua
897 2604 970 2654 curn
990 2592 1108 2654 ornatu
1129 2606 1192 2674 pa-

51 2685 137 2774 pali,
164 2692 352 2773 tenensque
378 2687 413 2753 in
444 2704 545 2755 manu
575 2703 707 2754 crucem
732 2687 785 2754 cui
804 2692 874 2754 erat
895 2684 1059 2752 dominica
1077 2685 1191 2770 imago

53 2782 171 2873 inixa,
190 2784 269 2851 talia
288 2783 452 2871 intrepida
477 2783 697 2872 respondisse
713 2783 834 2852 fertur:
859 2783 930 2868 Ego
955 2800 1020 2849 noa
1043 2799 1115 2848 sam
1132 2781 1191 2848 br-

53 2883 193 2964 andeas,
212 2881 274 2948 sed
292 2884 396 2966 pater
417 2885 491 2950 taos
520 2882 588 2965 suit
609 2881 788 2965 baeticus,
818 2885 852 2948 et
872 2883 960 2947 stem
979 2882 1111 2946 coastat
1127 2879 1193 2963 suit

53 2981 159 3046 eciam
185 2997 252 3064 pro
278 2977 385 3046 terea
417 2981 684 3065 coadmpnatos.
716 2979 759 3047 Et
782 2978 916 3046 tandem
942 2977 999 3045 ille
1029 2977 1125 3044 Serra
1147 2977 1190 3045 de

54 3075 216 3146 Columna
235 3082 268 3145 at
288 3079 341 3145 sui
360 3079 541 3166 complices
564 3077 775 3146 detinuerunt
795 3075 939 3145 eundem
958 3093 1081 3163 papam
1108 3091 1189 3164 cap·
1228 3067 1235 3079 '

54 3179 120 3242 tam
136 3177 173 3243 in
191 3191 321 3242 camera
337 3193 399 3243 sua
414 3193 474 3264 per
492 3181 559 3244 tras
578 3175 651 3244 dies
675 3177 748 3244 sine
767 3175 843 3243 cibo
863 3179 895 3243 ct
911 3180 1010 3263 potu,
1030 3180 1063 3240 et
1085 3179 1189 3242 totum

54 3271 245 3342 thesauram
271 3273 415 3341 ecclesie
442 3273 658 3342 abstulerunt.
691 3272 759 3342 Sed
782 3271 996 3362 postmodum
1017 3290 1077 3359 per
1095 3273 1189 3339 cives

54 3367 293 3457 Anagnienses
318 3370 477 3439 liberatus
504 3375 567 3440 est.
592 3372 633 3440 Et
658 3373 799 3439 veniens
822 3371 958 3438 Romam
981 3387 1084 3456 parvo
1103 3373 1189 3435 tem·
1237 3397 1240 3401 ·

54 3486 134 3554 pore
163 3469 356 3557 superuixit.
385 3468 478 3538 Sicut
503 3470 568 3538 bac
592 3471 702 3537 omnia
720 3469 840 3536 clarius
856 3471 973 3555 patant
992 3467 1027 3532 in
1045 3464 1188 3552 quadarn

54 3566 159 3636 littera
187 3583 252 3654 gua
274 3568 409 3654 incipit:
435 3567 649 3653 ilcqitt’osam
671 3567 797 3644 scolas,
822 3569 855 3634 et
872 3564 1010 3632 inferius
1030 3564 1187 3631 contine-

55 3667 115 3734 tur.
143 3666 194 3734 Dc
211 3664 363 3753 predicto
379 3664 555 3734 Bonilacio
574 3665 651 3733 iecit
669 3663 802 3752 quidam
819 3664 881 3732 hos
899 3679 1037 3730 versus:

150 3763 293 3833 Nomina
310 3763 389 3830 bina
405 3762 494 3832 bona
511 3763 570 3831 tibi
588 3769 666 3834 sunt
678 3763 849 3852 preclarus
869 3763 1018 3850 amictus,

149 3862 238 3950 Papa
255 3860 447 3929 bonifacius
464 3861 582 3951 modo,
605 3861 666 3929 scd
684 3859 852 3948 quondam
869 3856 1083 3947 Benedictus

149 3960 200 4028 Ex
217 3977 252 4027 re
273 3977 396 4028 nomen
413 3957 519 4028 habe:
538 3959 682 4028 benefac
697 3957 840 4026 benedic
858 3955 1044 4045 benedicte,

148 4053 216 4126 Aut
234 4057 299 4124 cito
317 4062 487 4146 perverto:
506 4056 647 4126 maleiac
664 4055 805 4125 maledic
822 4054 1007 4124 maledicte.

56 4153 183 4224 Mortuo
208 4161 316 4224 autem
342 4155 461 4224 codem
484 4174 573 4225 anno
597 4153 772 4224 Boniiacio
791 4171 897 4243 papa,
923 4153 1050 4222 electus
1077 4155 1128 4217 cst
1152 4150 1185 4215 in
