2884 4834
283 188 356 256 t3c
647 213 810 262 corrnrcus
833 215 869 260 uu
890 215 1057 262 susurrent.

202 366 264 420 lact
284 356 349 424 lem
367 371 522 442 corpore,
548 355 714 422 licentiam
732 355 859 442 recepit
876 374 895 422 a
914 355 1042 424 civibus
1069 353 1201 423 dicens:
1238 356 1318 424 Vale
1339 359 1409 424 eici-

282 459 336 522 tcs
359 458 392 521 et
413 453 520 520 celate
543 455 630 522 cicer
646 455 709 520 met
727 453 857 522 dilecti!
879 454 920 522 Et
947 453 1076 522 turbido
1101 453 1144 521 ab
1168 455 1217 523 eis
1238 455 1408 524 recedebat

281 554 384 622 vultu.
417 551 606 638 Regressus
634 559 779 620 castrum
805 555 930 641 imperii
953 553 1207 645 Germersbeim,
1228 571 1311 622 mox
1333 556 1412 623 lecto

281 651 477 722 incumbens
505 651 718 743 egritudinis,
745 653 856 721 sciens
883 653 973 740 quod
997 653 1089 721 brevi
1112 654 1145 720 in
1172 657 1326 743 tempore
1353 657 1427 744 vita¹

283 758 316 820 et
334 753 451 840 spiritu
475 752 566 819 vitali
583 756 720 838 portans
740 754 886 842 asinum,
905 753 940 821 id
958 758 1011 820 est
1029 769 1149 840 corpus
1160 807 1169 842 ,
1196 758 1297 822 esset
1314 747 1427 821 desti-²

282 850 446 942 tuenduS,
465 850 632 938 disposuit
650 850 760 918 domui
779 869 839 920 sue
848 905 858 941 ,
877 851 1031 920 familiam
1046 852 1166 920 milites
1183 859 1216 920 et
1232 853 1322 920 alios
1336 871 1411 920 voca

282 950 484 1020 lamentabili
500 949 705 1018 licentiando
724 950 856 1019 dicens:
880 952 969 1036 quod
989 954 1060 1018 coir
1082 951 1300 1037 disponerent
1320 969 1412 1038 nepo-

283 1053 354 1133 ttts,
378 1067 453 1118 cum
478 1050 519 1116 de
542 1053 613 1117 etur
636 1053 705 1118 otte
730 1068 795 1118 noe
819 1055 907 1118 esset
928 1069 1006 1136 sper
1028 1050 1189 1118 babendo.
1215 1051 1412 1137 Familiaque

283 1152 390 1239 ipsius
408 1150 510 1218 incliti
529 1147 653 1218 domini
671 1149 713 1216 ab
731 1151 805 1237 ipso
824 1149 958 1219 domino
985 1151 1129 1218 recessit
1146 1169 1221 1219 cum
1241 1151 1370 1218 ululatu
1386 1157 1412 1216 et

283 1249 363 1318 lietu
380 1266 513 1335 magno.
536 1249 698 1317 Dominus
718 1251 804 1316 enirn
822 1248 985 1318 Rudollus
1005 1268 1061 1318 rex
1078 1248 1252 1338 predictus
1273 1268 1294 1317 a
1312 1255 1428 1334 castroq

284 1347 523 1416 Germersbeim
550 1366 588 1416 se
614 1349 780 1416 transtulit
805 1348 949 1439 spiram,
981 1350 1014 1416 in
1029 1367 1099 1436 ¹qua
1118 1350 1255 1417 civitate
1276 1348 1413 1437 Spirensi

283 1466 387 1534 reges
404 1447 543 1515 Romani
561 1447 603 1515 ab
621 1449 758 1534 antiquo
777 1453 1025 1516 consueverunt
1049 1449 1229 1538 inhumari,
1251 1447 1308 1516 die
1326 1447 1411 1514 vide-

283 1547 362 1616 licet
388 1545 561 1636 sabbathi,
589 1565 663 1615 cum
689 1547 742 1614 die
768 1546 934 1615 dominico
960 1550 1115 1634 sequenti
1140 1543 1214 1637 [iuli
1243 1544 1311 1638 15]
1332 1555 1413 1614 esset

284 1647 471 1714 moriturus.
497 1645 534 1712 ln
554 1653 621 1733 quo
641 1645 694 1714 die
713 1645 880 1714 dominico
900 1649 986 1715 cirea
1004 1664 1093 1737 sero,
1112 1649 1146 1714 in
1164 1665 1233 1733 qua
1251 1652 1335 1714 tunc
1355 1653 1414 1712 erat

283 1745 405 1814 festum
431 1745 622 1831 Margarete
632 1739 652 1835 ¹,
681 1745 761 1813 obiit
786 1746 901 1814 delicis·
919 1746 1157 1815 recordationis
1177 1744 1338 1814 dominus
1354 1744 1411 1814 llu-

285 1844 396 1914 dollus
415 1843 600 1933 predictus,
617 1861 770 1912 sermone
789 1863 850 1913 suo
871 1862 953 1912 usus
972 1844 1117 1913 discreto
1137 1863 1245 1931 osque
1266 1863 1335 1932 quo
1354 1846 1429 1932 spi-t

285 1947 378 2013 ritum
407 1945 575 2012 emisisset
602 1945 677 2011 vite.
702 1943 797 2010 Faria
823 1951 932 2011 autem
958 1943 1108 2012 secunda
1126 1947 1286 2032 sequenti
1305 1947 1429 2032 corpus*

285 2043 466 2113 recolende
496 2044 655 2110 memorie
686 2041 809 2110 domini
835 2042 966 2112 Rudollr
996 2045 1086 2129 regis
1111 2061 1183 2111 cum
1211 2062 1339 2129 magna
1364 2061 1412 2110 so-

288 2145 497 2232 lempnitate,
525 2143 612 2210 sicut
638 2141 750 2210 decuit
775 2140 995 2210 Romanorum
1021 2161 1153 2233 regem,
1180 2142 1337 2210 traditum
1363 2141 1429 2236 luit]

289 2242 520 2311 ecclesiastice
538 2241 707 2329 sepulture
725 2242 759 2308 in
778 2243 924 2310 ecclesia
942 2241 1102 2330 Spirensi.

361 2339 429 2408 Sub
448 2341 521 2407 eius
539 2339 660 2407 domini
672 2338 801 2410 Rudolir
819 2340 925 2409 lelicis
943 2342 1098 2409 memorie
1115 2341 1185 2408 vita
1204 2347 1240 2410 et
1259 2341 1408 2428 regimine

288 2445 380 2507 tanta
405 2438 467 2506 luit
491 2456 556 2527 pax
582 2440 616 2506 in
644 2439 796 2508 omnibus
821 2440 970 2528 partibus
988 2437 1159 2508 allemanie
1167 2493 1178 2531 ,
1197 2442 1299 2508 etiam
1318 2457 1411 2525 usque

286 2557 354 2626 quo
383 2537 533 2607 dominus
558 2535 720 2606 Rudollus
744 2540 892 2627 spiritum
911 2541 1098 2608 contineret
1115 2541 1201 2628 vite,
1221 2538 1316 2626 quod
1335 2541 1430 2606 tanta?

286 2645 319 2707 et
336 2638 412 2706 tulis
426 2657 493 2726 pan
510 2639 543 2704 in
561 2638 636 2725 ipsu
654 2643 740 2705 terra
757 2656 925 2726 nunquam
945 2637 1005 2706 luit
1030 2639 1142 2706 babila
1160 2639 1213 2706 vel
1232 2640 1320 2705 visa.
1345 2635 1407 2704 lc-

288 2738 353 2807 huc
372 2739 498 2824 quievit
516 2738 623 2805 omnis
641 2735 815 2806 allemania
831 2740 866 2805 in
885 2745 1071 2826 conspectu
1086 2739 1157 2806 eius
1173 2745 1206 2804 et
1222 2757 1243 2804 a
1260 2737 1346 2806 lucie
1361 2754 1409 2803 sua

285 2838 390 2908 timuit
408 2839 514 2904 omnis
532 2835 631 2904 bomo
641 2858 650 2922 3
676 2842 709 2904 et
727 2838 857 2927 statim,
887 2857 960 2905 cum
978 2837 1132 2905 dominus
1150 2835 1318 2904 Rudolsus
1337 2835 1408 2903 diem

287 2954 384 3004 suum
409 2937 587 3004 clausisset
611 2940 791 3004 extremum
800 2989 809 3024 ,
836 2943 931 3024 rupta
956 2943 989 3004 et
1014 2935 1178 3008 dissoluta
1196 2935 1259 3002 luit
1276 2954 1342 3024 pax
1357 2952 1409 3020 ge-

287 3035 410 3102 neralis
436 3052 496 3122 per
527 3039 629 3102 totum
647 3033 825 3102 'Alemanie
851 3054 990 3121 regnum
1017 3053 1057 3103 ac
1081 3037 1110 3104 si
1132 3036 1165 3102 in
1193 3033 1313 3103 eadem
1339 3041 1410 3100 terra

287 3151 455 3220 nunquam
473 3151 539 3220 pax
557 3134 752 3201 exstitisset.
787 3132 889 3202 Cuius
914 3136 1013 3202 etiam
1031 3133 1154 3202 domini
1171 3132 1304 3204 Rudclfi
1323 3149 1407 3200 reco-

288 3231 388 3301 lende
414 3233 570 3300 memorie
600 3238 736 3301 mortem
769 3229 1025 3302 declaraverunt
1048 3234 1221 3300 luminaria
1251 3235 1286 3300 iu
1313 3232 1408 3298 firma-

287 3338 399 3400 mento
422 3332 527 3399 maius
553 3337 586 3399 et
602 3333 728 3420 minuc,
754 3332 807 3400 sol
824 3351 884 3420 per
900 3331 1095 3402 circularem
1114 3331 1321 3419 custodiam,
1343 3331 1408 3397 luna

286 3449 367 3500 vero
392 3447 453 3519 per
475 3448 630 3516 magnam
657 3434 691 3498 et
715 3429 903 3502 evidentem
930 3432 1078 3519 eclipsim
1103 3433 1136 3498 in
1161 3437 1288 3498 tantum
1304 3425 1317 3465 ²
1333 3424 1408 3515 quod

278 3533 362 3619 ipsa
379 3531 459 3598 luna
485 3531 555 3598 suis
574 3528 675 3598 radiis
698 3528 767 3597 lere
784 3549 844 3618 per
861 3530 993 3598 dimidie
1012 3532 1122 3599 noctis
1141 3531 1285 3622 spatium
1304 3534 1335 3596 et
1350 3526 1406 3594 lul-

288 3647 370 3716 gore
400 3628 519 3698 luisset
543 3627 711 3697 destituta.
751 3627 912 3698 Dominus
939 3631 1025 3697 enim
1054 3627 1216 3697 liudolfus
1246 3647 1305 3696 rex
1333 3627 1407 3692 clare

288 3729 443 3796 memorie
469 3729 502 3795 in
529 3747 669 3817 magna,
698 3729 782 3796 sicut
809 3728 936 3817 decuit,
956 3728 1070 3796 babuit
1089 3729 1276 3815 reverentia
1293 3727 1406 3794 beatam

287 3834 322 3893 et
339 3827 519 3912 gloriosam
539 3846 672 3915 semper
689 3828 850 3913 virginem
869 3826 1018 3917 Mariam,
1036 3829 1070 3895 in
1081 3833 1204 3895 tantum
1220 3830 1317 3894 etiarn
1331 3819 1406 3912 quod

290 3925 442 3992 omnibns
467 3925 623 4012 operibus
650 3928 718 3994 vite
744 3944 804 3994 sue
836 3927 978 4013 singulis
1004 3926 1122 3995 diebus
1150 3925 1357 3994 sabbatorum
1373 3919 1406 3987 ab

290 4025 378 4091 omni
405 4041 506 4110 opere
533 4025 718 4110 quievisset
740 4027 868 4114 servili,
889 4044 951 4094 nec
969 4033 1086 4093 contra
1103 4025 1219 4093 hostes
1239 4043 1320 4094 suos
1338 4037 1407 4108 qua-

288 4123 473 4207 lescunque
492 4121 545 4189 die
564 4122 713 4210 predicta
731 4125 894 4192 movisset
912 4124 1043 4214 bellum,
1067 4129 1101 4190 et
1118 4123 1161 4192 ob
1180 4123 1243 4192 boo
1262 4127 1404 4212 speratur,

323 4232 355 4297 l)
373 4229 445 4296 irrlg.
481 4232 513 4295 2)
532 4239 559 4284 at
577 4231 647 4284 steht
665 4231 725 4286 bier
742 4231 812 4288 nccb
831 4234 867 4286 im
885 4232 1005 4286 abdruclr
1024 4247 1079 4286 was
1097 4232 1141 4287 ielr
1158 4231 1300 4301 meglasse.
