2890 4832
268 189 337 258 312
595 215 731 264 munau
751 214 821 263 vrrs
842 217 866 264 n
887 216 1072 263 rnsnnermr.

267 356 475 426 dentramam
490 359 635 424 cestram
657 355 856 424 ascendatis.
898 354 958 424 Cui
975 355 1031 436 ille
1049 351 1240 442 respondit:
1262 351 1338 419 Hae
1350 353 1396 419 nt-

266 458 327 524 mts
341 458 427 523 esset
439 453 592 522 notabile.
618 455 693 522 Nan
705 457 789 522 cmm
810 457 906 522 tianae
925 457 1006 540 qaia
1026 471 1093 521 non
1107 454 1204 520 meat
1216 452 1280 520 illi.
1304 452 1397 518 Cum-

267 572 332 643 que
356 556 653 644 appropinquaret,
680 553 831 621 viderunt
856 553 967 621 vultus
993 555 1065 622 eius
1090 553 1236 620 colorem
1267 552 1395 639 penitus
1434 575 1435 578 ¹

266 655 479 722 immutatum.
505 653 577 719 Heu
598 670 697 738 qaam
722 652 856 736 difficile
875 657 941 742 eet,
965 660 1001 720 ut
1026 651 1159 739 quidam
1184 653 1250 740 eit,
1281 652 1396 716 cannen

266 771 332 820 nea
353 752 499 838 prodere
520 751 635 820 calta!
658 751 753 840 Cepit
776 759 886 820 autem
914 769 988 820 eum
1013 751 1138 838 alloqui
1164 751 1352 837 episcopus
1369 753 1396 815 et

267 851 394 920 dicere:
413 849 572 934 Sciebam,
589 855 737 936 cognate,
755 851 844 935 qaod
854 851 985 918 tandem
1000 867 1154 917 maneres
1168 867 1310 915 mecam.
1335 847 1395 914 Sed

266 951 321 1018 ille
338 949 419 1017 nibil
437 949 627 1039 respondit,
648 951 802 1018 conscius
820 951 894 1038 ipse
913 949 994 1040 sibi,
1019 948 1276 1038 pergebantque
1298 946 1395 1014 simul.
1434 953 1435 956 ’

265 1050 315 1118 Ea
342 1066 445 1116 eausa
471 1047 604 1135 quidem
629 1053 695 1114 tam
719 1066 761 1116 ex
778 1049 907 1117 clericis
926 1067 1024 1136 quam
1046 1065 1088 1114 ex
1105 1045 1266 1114 militibus
1287 1047 1394 1132 suspi-

266 1149 363 1216 cione
382 1148 483 1214 territi
501 1147 542 1214 ab
557 1147 684 1215 illorum
700 1165 737 1214 se
751 1149 907 1237 comitatu
922 1145 1312 1232 subduxerunt-Magna
1324 1161 1395 1211 vero

266 1265 344 1336 pars
363 1247 565 1334 episcopalis
592 1245 713 1314 familie
732 1264 804 1314 eum
823 1248 913 1316 cocis
932 1249 994 1314 inm
1014 1245 1136 1314 dudum
1155 1244 1198 1312 ad
1217 1244 1394 1332 hospitium

266 1344 509 1434 properandum
526 1349 753 1434 precesserat,
782 1351 815 1414 et
831 1347 930 1434 pauci
954 1363 1028 1413 cum
1044 1343 1202 1433 pontifice
1222 1359 1395 1410 remanse-

265 1451 348 1512 rant,
389 1443 467 1512 Sole
491 1451 691 1532 properante
721 1442 763 1512 ad
788 1461 944 1512 occasum
969 1443 1081 1512 hostia
1106 1461 1179 1512 curu
1206 1442 1394 1510 immolante

266 1548 420 1630 properat
439 1541 480 1610 ad
499 1561 602 1632 aram,
628 1548 664 1610 ut
681 1542 776 1610 fieret
791 1541 927 1612 domino
945 1542 1140 1612 sacrificium
1158 1543 1394 1629 vespertinum,
1434 1583 1435 1588 ,

267 1640 359 1728 quod
385 1639 519 1726 dignius
544 1647 613 1708 erut
637 1641 671 1708 in
694 1641 782 1727 lege.
808 1643 931 1710 Passus
957 1648 1009 1710 est
1033 1641 1181 1708 Christus
1200 1645 1301 1708 sexta
1320 1639 1395 1706 leriu
1435 1666 1436 1669 ¹

266 1739 348 1808 hora
367 1746 483 1830 sexta,
502 1740 630 1808 seilicet
647 1741 681 1808 iu
699 1739 845 1829 meridie,
864 1747 901 1808 ut
918 1741 1103 1809 declararet
1123 1738 1394 1808 sennediatorem
1435 1728 1436 1751 ³

266 1856 346 1906 esse
371 1837 426 1906 dei
452 1843 486 1905 et
509 1839 685 1906 bominum.
710 1838 947 1925 Engelbertum
971 1857 1051 1908 vero
1069 1841 1137 1927 pati
1155 1839 1262 1908 voluit
1281 1836 1392 1906 eadem
1434 1835 1435 1862 ²

267 1937 348 2006 ferio
374 1936 436 2005 sed
460 1937 494 2004 in
519 1937 583 2005 bne
602 1937 667 2006 diei
677 1989 687 2027 ,
711 1945 747 2006 ut
765 1938 959 2007 ostenderet
978 1956 1051 2006 eum
1069 1955 1128 2026 per
1144 1937 1270 2006 bonum
1291 1937 1393 2024 linem,

266 2055 335 2104 nou
354 2055 413 2125 per
429 2035 663 2124 precedentem
681 2037 797 2126 vitum,
817 2043 1018 2106 coronatum.
1046 2037 1107 2104 Per
1127 2035 1269 2104 caudam
1290 2035 1392 2102 bestie
1434 2045 1437 2201 J

266 2135 376 2203 bonus
403 2135 478 2204 finis
505 2134 701 2221 designatus
720 2137 822 2204 estin
839 2137 926 2222 lege.
951 2135 1102 2204 Hostium
1122 2137 1195 2202 sine
1214 2133 1323 2202 cauda
1342 2132 1378 2200 ol

265 2233 352 2302 serre
370 2251 439 2301 non
456 2235 565 2323 licuit,
585 2252 694 2321 neque
713 2233 778 2304 deo
796 2236 863 2302 vita
889 2235 977 2304 bona
996 2237 1069 2302 sine
1088 2233 1177 2302 bono
1197 2233 1263 2302 bue
1283 2234 1392 2321 place·
1432 2227 1437 2364 1

266 2331 322 2401 bit.
352 2333 470 2400 Sciens
498 2335 653 2421 seriptum
672 2333 791 2404 beatus
808 2333 880 2402 ille:
909 2322 1048 2421 malem
1070 2337 1100 2399 ta
1118 2335 1276 2400 inuenero
1297 2332 1392 2398 tatem

266 2436 298 2500 te
318 2431 447 2512 taddeo,
472 2433 612 2500 maxime
631 2451 650 2498 a
668 2433 835 2520 religiosis
857 2439 1013 2520 expetere
1032 2431 1162 2500 solebat
1182 2437 1347 2518 quatenus
1367 2430 1392 2496 ei

268 2529 365 2598 linem
389 2530 513 2598 bouum
532 2532 602 2598 suis
623 2531 826 2600 orationibus
846 2530 935 2620 apud
953 2531 1051 2599 deum
1070 2530 1269 2598 obtinerent.
1297 2527 1390 2609 Quod

266 2627 438 2700 etinctum
456 2634 509 2698 est
526 2648 592 2716 quo
611 2630 674 2696 iam
693 2629 879 2700 diceremus
897 2629 1023 2698 ordine.

239 2758 243 2762 ·
341 2729 451 2814 Caput
467 2731 647 2814 septimam.
675 2729 768 2798 Circa
787 2730 1016 2816 crepusculum
1036 2734 1169 2797 ventum
1198 2732 1251 2795 est
1275 2723 1317 2794 ad
1341 2726 1390 2794 lo·

267 2844 341 2894 cum
358 2827 560 2895 insidiarum.
594 2828 635 2895 Et
658 2845 739 2895 ecce
757 2845 870 2897 comes
889 2829 1115 2896 enormitatem
1132 2827 1289 2913 concepti
1314 2824 1390 2892 laci-

267 2927 357 2994 uoris
384 2925 603 2994 considerans
629 2931 662 2992 et
678 2926 879 3016 abhorrens,
904 2925 1015 2994 dicere
1042 2927 1130 3012 cepit
1156 2924 1199 2992 ad
1224 2941 1321 2992 suos:
1354 2923 1388 2990 Va

266 3022 343 3092 eatbt
359 3025 502 3092 miseret
513 3025 601 3112 Ouid
610 3029 661 3092 est
676 3025 765 3110 qaod
772 3026 889 3109 fucere
902 3025 990 3092 eolat
1002 3028 1040 3092 at
1051 3025 1214 3092 domnam
1228 3027 1387 3108 eteopne-

265 3126 334 3190 tam
362 3139 468 3190 meam
496 3123 701 3192 enatarem?
736 3124 804 3194 Sed
828 3142 906 3194 mox
928 3125 992 3212 illi,
1018 3141 1103 3212 quos
1128 3124 1203 3210 ipse
1228 3123 1294 3189 iam
1317 3127 1385 3188 anto

266 3219 348 3288 llatu
365 3220 548 3288 Behemotb
566 3221 804 3314 succenderat,
825 3242 898 3292 eum
918 3241 1031 3290 rursus
1049 3221 1291 3304 inflammantes
1308 3219 1384 3288 adeo

263 3318 311 3386 ‘ad
336 3317 465 3388 lacinus
492 3321 751 3410 instigaverunt,
778 3331 814 3390 ut
837 3323 942 3392 instar
967 3321 1091 3390 colubri
1110 3339 1288 3407 venenum,
1306 3315 1385 3404 quod

266 3417 311 3486 ad
328 3417 430 3491 breve
447 3425 577 3508 tempus
597 3427 774 3510 evomeret,
793 3415 964 3490 ardentius
982 3421 1172 3488 resorberet
1190 3425 1222 3486 et
1242 3435 1383 3486 resume-

267 3522 334 3606 ret,
354 3519 531 3604 statimque
550 3537 623 3586 curn
642 3517 819 3587 Heriberto
838 3519 880 3590 de
898 3537 981 3587 nece
1001 3519 1152 3607 episcopi
1170 3523 1316 3586 tractans
1332 3533 1384 3582 vo-

266 3615 425 3685 luntatem
445 3635 538 3688 suam
557 3619 586 3684 ei
605 3620 770 3704 exposuit.
795 3618 854 3686 llle
873 3617 1059 3706 confestim,
1078 3623 1114 3686 ut
1131 3615 1273 3684 edoctus
1292 3615 1383 3682 luerat

267 3731 287 3780 a
306 3713 401 3784 iratre
416 3732 479 3784 suo
499 3713 660 3805 dapifero,
681 3723 852 3804 assumpto
871 3733 985 3786 secum
999 3715 1173 3784 Heribe'rto
1188 3714 1230 3782 de
1246 3715 1382 3799 Sweren,

267 3809 435 3886 dominum
452 3814 741 3902 archiepiscopum
758 3821 1003 3903 precesserunt.
1028 3815 1070 3882 Et
1094 3833 1167 3882 oum
1194 3815 1228 3882 in
1252 3827 1384 3882 ascensu

268 3911 390 3978 montis
412 3918 524 4002 esset,
550 3931 661 3982 comes
681 3915 742 3980 ait:
767 3913 920 3994 Domine,
942 3912 1004 3982 bce
1029 3917 1080 3980 est
1100 3914 1156 3980 oto
1176 3917 1303 3980 nostra.
1335 3907 1383 3976 Cui

269 4009 448 4096 episeopus
466 4012 654 4100 respondit:
673 4011 832 4080 Donamus
849 4031 910 4082 aas
926 4011 1099 4082 custodiat.
1124 4011 1201 4080 Nou
1220 4012 1307 4078 enim
1323 4010 1382 4076 siue

268 4107 463 4194 suspicione
491 4109 558 4178 luit.
586 4112 679 4178 l'uuo
697 4129 809 4200 parum
833 4117 1036 4200 exspectans
1056 4129 1169 4178 eomes
1188 4109 1275 4177 alios
1292 4108 1384 4175 lamu-

266 4205 320 4276 los
337 4211 417 4297 post
435 4223 507 4276 eum
532 4209 638 4298 misit,
664 4211 851 4300 precipiens
866 4213 915 4282 eis
941 4215 978 4280 ut
994 4207 1171 4280 Heriberto
1198 4209 1383 4278 assisterent
