2890 4832
382 294 419 336 uu
441 293 607 341 eonernmo
630 293 807 338 ootourausr.
1087 267 1155 334 357

31 431 148 500 statuit.
176 427 273 511 Quod
291 435 327 500 ut
344 433 504 517 cognovit
520 429 696 500 Heinrious
711 449 825 500 comes
843 434 876 500 in
896 432 1071 501 obsidione
1091 451 1151 502 ou·
1171 443 1239 498 tatu

31 530 155 598 iusdam
191 531 289 598 castri
314 532 461 620 positus,
487 532 602 598 relicta
626 529 804 600 obsidione
828 531 873 600 illi
899 533 1050 600 ooourrit.
1093 533 1158 600 Ubi

33 647 140 718 pugna
166 631 345 698 commissa
371 647 444 698 oum
461 649 583 716 magna
600 631 809 698 animositate
829 636 862 698 ct
880 631 1053 700 multorum
1073 648 1158 700 san-

33 730 137 814 guinis
163 728 329 796 etiusione
354 729 396 796 ab
419 729 500 796 hora
518 729 583 796 diei
601 731 704 817 prima
722 747 830 816 usque
849 729 890 796 ad
909 748 1084 819 vesperam
1102 730 1158 798 di-

34 829 179 894 micatum
207 834 279 917 est,
305 829 415 895 multis
442 828 487 895 ibi
514 829 753 896 corruentibus.
780 829 857 916 lpse
877 831 981 896 eciam
998 827 1158 897 hibertus

34 927 69 994 ab
91 925 249 996 Heinrioo
277 945 350 994 oum
376 926 525 1014 pluribus
553 927 722 995 nobilibus
748 933 876 1016 captuS,
905 935 938 995 et
955 930 988 996 in
1013 934 1159 996 castrum

35 1025 262 1093 banninberch
281 1026 322 1094 ad
342 1027 541 1094 avunculum
560 1045 656 1094 suum
673 1025 852 1115 perductus
871 1027 992 1094 ibidem
1004 1027 1158 1096 custodie

34 1125 239 1212 mancipatur.
266 1125 339 1193 Hoo
358 1143 446 1192 anno
465 1131 535 1194 erat
552 1127 693 1213 hyemps
717 1127 917 1212 longissima
935 1131 967 1194 et
984 1125 1082 1194 valde
1100 1145 1158 1195 as-

36 1225 183 1312 perrima;
210 1223 316 1292 sames
336 1227 440 1292 eciam
460 1243 582 1310 magua
601 1230 634 1293 et
651 1225 800 1294 inaudita
818 1243 877 1313 per
894 1224 1063 1293 biennium
1080 1245 1158 1314 per-

37 1322 157 1390 durans

99 1419 197 1490 hnno
235 1421 359 1490 domini
385 1441 565 1492 mocxxu.
595 1421 771 1490 Heinricus
800 1440 858 1491 rex
891 1425 1013 1491 curiam
1046 1422 1161 1490 habuit

37 1520 256 1588 Franhinvort.
283 1522 346 1589 Ubi
374 1521 507 1608 quidam
533 1515 732 1610 episcopus1
758 1523 880 1590 missus
899 1541 919 1590 a
937 1539 1019 1608 rege
1035 1520 1159 1608 Anglie

40 1637 101 1686 curn
126 1621 247 1688 ceteris
271 1621 376 1708 ipsius
403 1620 525 1706 legatis
550 1621 659 1710 affuit,
683 1621 841 1688 laborans
867 1627 903 1688 ut
920 1623 993 1710 ipse
1012 1639 1069 1689 rex
1088 1621 1184 1690 ma-'

38 1720 212 1788 trimonium
240 1719 449 1788 contraheret
474 1738 548 1788 oum
572 1737 687 1788 sorore
711 1721 801 1806 regis
826 1719 958 1807 Anglie.
992 1719 1060 1788 Sed
1085 1739 1159 1788 cum

39 1819 101 1886 talis
119 1818 318 1886 'contractus
345 1818 574 1907 displicuisset
596 1820 800 1907 principibus
826 1837 890 1888 nec
912 1821 1080 1907 potuisset
1096 1820 1158 1888 ha·

40 1915 104 1983 bere
120 1935 337 2006 processum,
357 1919 459 1986 nuntii
478 1919 587 1986 inacte
606 1925 823 1986 revertuntur.

100 2016 224 2084 Eodem
251 2035 340 2084 anno
368 2017 500 2104 quidam
522 2018 714 2086 heremitico
732 2018 846 2084 habitu
864 2017 999 2084 indutus
1017 2035 1038 2084 a
1054 2017 1158 2084 Flan-

43 2111 205 2183 dronsibus
235 2123 269 2184 et
295 2115 589 2203 Hanaugiensibus
615 2122 750 2206 propter
776 2115 1021 2184 similitudinem
1046 2115 1158 2183 vultus

42 2219 157 2298 putatus
177 2220 233 2282 est
251 2215 356 2282 fuisse
372 2233 485 2283 comes
504 2217 652 2303 ipsorum
672 2215 876 2305 balduinuS,
896 2217 952 2303 qui
973 2221 1051 2282 ante
1069 2214 1159 2281 mul-

42 2316 84 2378 tos
104 2331 209 2381 annos
231 2314 634 2403 Constantinopolitanum
657 2315 800 2402 adeptus
817 2315 987 2403 imperium
1012 2316 1047 2381 in
1073 2313 1159 2380 Gre-

45 2411 84 2476 oia
107 2414 265 2502 perierat,
293 2415 380 2480 siout
403 2413 501 2482 docet
524 2414 677 2503 historia,
703 2421 736 2480 et
760 2414 801 2481 ab
826 2415 909 2502 ipsis
935 2413 977 2482 ad
1002 2413 1160 2481 honorem

43 2507 155 2578 comitio
173 2513 307 2600 rapitur.
335 2510 398 2592 Qui
416 2531 476 2600 per
500 2512 586 2582 duos
605 2529 740 2580 menses
759 2532 914 2597 magnam
932 2519 1055 2601 partem
1074 2519 1159 2580 terre

44 2623 213 2700 occupans,
235 2617 353 2678 ornatu
371 2613 529 2699 imperiali
548 2621 765 2701 purpuratus,
784 2611 986 2699 precedente
1006 2629 1043 2678 se
1060 2628 1158 2678 oruoe

46 2706 117 2774 sieut
134 2728 204 2778 mos
225 2716 278 2778 est
294 2711 548 2798 imperatoribus
563 2711 899 2799 Constantinopolim,
918 2729 938 2776 a
955 2727 1035 2796 rege
1053 2709 1158 2776 Fran-

46 2804 85 2871 oie
107 2801 287 2878 Ludewico
312 2809 400 2897 apud
424 2811 584 2878 Peronam
611 2811 783 2878 castelium
802 2809 1014 2877 Viromandie
1033 2809 1160 2875 exami-

45 2911 131 2972 natur.
151 2907 218 2994 ,Ubi
238 2907 370 2976 detecta
389 2911 461 2978 eius
479 2907 611 2977 fallacia
628 2929 648 2976 a
665 2927 764 2998 rege,
783 2915 875 2996 parte
895 2915 1004 2975 tamen
1023 2925 1159 2974 suorum

48 3001 97 3068 sibi
121 3004 319 3096 adherente,
347 3007 568 3095 proficiscitur
594 3026 712 3077 versus
744 3007 938 3097 Coloniam,
974 3005 1090 3074 dicens
1121 3024 1159 3074 se

47 3101 181 3172 auxilium
194 3123 334 3198 querere
353 3105 394 3174 ab
408 3107 603 3193 Engilberto
618 3107 885 3195 archiepiscopo,
902 3108 957 3194 quui
973 3113 1050 3174 tuno
1065 3107 1160 3191 regni

50 3195 201 3272 Teutonici
229 3205 456 3291 gubernacula
483 3207 627 3274 tenebat.
654 3207 717 3275 Ubi
738 3224 775 3273 se
795 3205 901 3273 furtim
921 3205 1121 3273 subtrahens
1140 3222 1160 3271 a

51 3311 164 3368 suorum
181 3307 350 3372 oonsortio
370 3305 543 3392 solivagus
563 3305 701 3395 aufugit,
721 3305 973 3393 archiepiscopo
991 3322 1160 3390 nunquam

48 3395 115 3464 uiso.
150 3401 228 3470 Post
253 3401 417 3471 modicum
443 3406 477 3472 in
502 3404 694 3490 Burgundio
718 3405 852 3490 agnitus
872 3409 905 3470 et
923 3403 1098 3489 detentus,
1124 3403 1159 3468 in

49 3488 208 3568 Fiandriam
234 3501 391 3570 reduetus
417 3501 504 3591 apud
523 3497 633 3571 Risle²
651 3504 824 3570 castelium
842 3501 993 3569 Flandrie
1011 3499 1159 3588 patibulo

52 3591 178 3666 elevatus
203 3601 326 3688 laqueo
351 3603 450 3670 uitam
478 3601 562 3692 finit,
587 3621 708 3688 magna
726 3607 819 3690 parte
837 3600 944 3690 plebis
964 3601 1062 3668 etiarn
1080 3605 1160 3687 post

53 3700 166 3764 nortem
183 3700 289 3788 ipsum
310 3700 415 3768 tuisse
435 3718 547 3770 verum
566 3703 718 3770 comitem
737 3699 969 3768 contendente.

111 3792 182 3864 item
205 3801 280 3888 ipso
307 3817 395 3867 anno
420 3799 474 3866 vii.
498 3799 540 3867 id.
559 3801 747 3869 novembris
769 3795 863 3889 [nov.
885 3795 923 3888 7]
943 3796 1158 3884 Engilbertus

54 3895 226 3966 uenerabilis
241 3897 453 3968 Coloniensis
467 3899 611 3967 ecclesie
631 3899 914 3987 arehieprseopus,
933 3903 1028 3985 pater
1045 3901 1158 3963 nostre

55 3989 139 4066 patrie
151 4001 180 4061 et
193 3996 295 4066 decus
310 3997 509 4088 Theutonr'e,
528 3997 594 4066 heu
610 4017 630 4066 a
645 3999 763 4067 comite
781 3996 995 4083 delsenberg
1012 4001 1159 4082 cognato

84 4159 106 4235 ¹)
122 4160 160 4218 W.
178 4166 283 4224 hisehof
303 4187 357 4224 von
384 4170 513 4238 Carlisle,
537 4169 621 4239 vergh
641 4171 699 4226 sein
726 4167 1078 4238 heglaubigungssohreiben
1098 4183 1158 4219 vom

53 4221 129 4335 {3:¹³st
148 4237 207 4290 1225
226 4239 271 4320 ,bei
299 4237 411 4310 Rymm,
436 4239 490 4294 und
509 4240 603 4320 seiuen
622 4237 725 4291 bericht
743 4254 776 4291 an
796 4238 847 4293 den
867 4240 948 4320 hbuit»
966 4253 1018 4290 von
1039 4233 1158 4303 England

68 4304 86 4341 tt
100 4295 268 4374 Ghampollron
291 4307 398 4362 Lettres
417 4306 466 4363 des
483 4323 540 4362 rous
559 4307 593 4361 do
610 4305 714 4362 Franco
734 4310 802 4371 Mi.
839 4309 870 4373 2)
891 4279 967 4360 tuf.
