2916 4834
221 213 289 265 ’ΧΙΙ
706 217 904 260 vocabuli.

240 374 408 451 zugetbeilt
429 391 548 454 waren,
571 375 649 438 habe
680 375 730 438 iclr
758 374 838 439 nach
859 373 1019 448 massgabe
1041 372 1095 434 des
1116 373 1248 436 inbelles
1270 376 1375 450 einge-

240 474 392 552 zeicbnet,
414 473 560 539 wodurcb
588 489 651 540 nun
680 473 758 534 auch
790 471 845 533 der
872 473 1019 534 zeitraum
1046 471 1120 534 iiber
1148 469 1286 540 welcbeu
1308 473 1375 536 sich

241 573 325 638 ‹liese
347 571 478 636 annclcn
499 573 676 636 erstreclren
698 588 748 634 um
768 573 845 632 zwei
865 571 951 640 iabre
972 571 1078 646 linger
1095 572 1260 646 geworden
1281 574 1333 634 ist.
1367 557 1368 560 ¹

300 673 332 732 2.
356 669 539 734 Chronicorr
562 669 793 740 Celmart'crrce.
817 667 1039 754 tato—1303.
1066 667 1099 730 S.
1118 671 1261 732 art-96.
1294 671 1377 733 Nacb

242 771 301 834 den
322 769 577 832 ebenerw'abnten
599 769 729 832 unrraleu
749 769 855 844 fulgen
876 771 907 830 in
929 767 984 828 der
1004 767 1051 830 bs.
1074 767 1232 834 alternent
1254 771 1378 832 notizen

240 885 295 932 zur
323 871 432 930 sitten-
461 868 523 932 und
552 866 840 944 culturgescnicnte,
872 865 989 928 welche
1022 881 1061 927 an
1089 867 1180 928 keine
1206 866 1379 932 bestimmte

240 969 300 1030 zeit
331 967 480 1044 gekutipit
511 967 613 1045 sind,¹
646 965 708 1026 und
739 966 854 1026 zuletzt
882 963 1019 1028 einzelue
1039 965 1376 1042 zusammcub'angeude

241 1064 482 1141 geschichtliche
512 1065 726 1141 erziiblungen.
756 1065 905 1125 Urstisius
937 1063 991 1124 bat
1023 1063 1107 1130 erese
1132 1067 1173 1126 irn
1193 1068 1378 1140 gegensatze

242 1163 297 1226 der
319 1163 448 1226 aunalen
479 1165 533 1224 mit
564 1164 730 1226 chronicon
761 1160 1013 1235 iibersebrieben,
1037 1162 1135 1228 rrobei
1156 1163 1206 1226 ich
1228 1161 1378 1226 estesse.

241 1263 292 1328 Sic
320 1261 470 1324 betreifen
499 1261 735 1340 hauptstichlich
764 1259 943 1336 folgendes:
972 1259 1102 1324 Rudolfs
1129 1275 1189 1322 ron
1217 1260 1380 1336 Habsburg

241 1358 578 1422 familienverbiiltnisse
601 1377 624 1420 s.
647 1361 703 1438 tt,
726 1358 838 1422 dessen
867 1359 1003 1434 stellung
1033 1376 1102 1422 zum
1133 1358 1379 1424 bisthumBasel

184 1523 186 1526 .
240 1473 277 1522 so
298 1458 386 1534 lange
402 1475 442 1520 ‚er
464 1475 522 1520 nur
543 1459 615 1534 grai
634 1473 698 1520 war
719 1474 743 1518 s.
764 1460 824 1536 45,
856 1457 967 1520 dassen
994 1457 1076 1520 wahl
1105 1457 1167 1520 und
1190 1458 1332 1534 krtinung
1353 1476 1378 1520 s.

241 1560 291 1636 tu,
313 1557 424 1622 desscn
445 1557 553 1634 kanni
570 1559 624 1618 mit
644 1557 738 1632 konig
764 1557 888 1621 Ottocar
909 1573 937 1618 s.
959 1557 1014 1636 51,
1034 1555 1220 1624 lebcnse'nde
1242 1555 1305 1618 und
1326 1555 1380 1618 be·

277 1740 308 1806 i)
325 1736 387 1791 hier
404 1738 493 1806 einige
511 1736 626 1816 probent
646 1737 740 1790 Frater
750 1737 830 1807 Hugo
842 1737 978 1809 Ripilinus
994 1735 1028 1788 de
1040 1735 1192 1804 Argentina
1208 1736 1283 1806 prior
1296 1733 1380 1804 longo

242 1813 362 1876 ternpore
380 1805 547 1870 Turicensm,
566 1812 660 1874 postea
676 1804 763 1858 sactus
780 1806 1001 1874 Argentinensis‚
1021 1803 1106 1856 bonus
1125 1811 1233 1869 cantor,
1253 1801 1378 1856 laudabi-

240 1874 276 1928 lis
293 1873 445 1944 predicator
469 1873 582 1926 dictator
607 1875 791 1942 scriptorque,
816 1875 956 1944 bonusque
981 1872 1123 1942 depictor,
1146 1872 1190 1924 vir
1208 1873 1235 1925 in
1254 1870 1381 1924 omnibus

241 1943 391 2010 graciosus,
410 1957 538 1999 suurnram
556 1940 619 1994 secit
637 1940 789 2009 theologice
807 1943 936 1996 veritatis.
954 1941 1048 1994 Frater
1065 1939 1209 1992 Heinrieus
1233 1941 1308 2009 prior
1325 1939 1379 1992 Ba·

187 2006 193 2019 '
241 2009 360 2062 siliensis
385 2009 487 2062 ordinis
511 2010 621 2062 l'ratrum
647 2009 852 2062 Predicatorum
873 2009 937 2062 serit
960 2007 1073 2061 rithmus
1097 2006 1279 2060 'fheutouicos
1297 2005 1378 2060 bonis

240 2077 408 2130 mulierculis
425 2093 456 2130 ac
474 2075 588 2130 devotis.
606 2075 769 2144 Frydankus
792 2081 878 2144 vagus
902 2077 966 2130 lecit
985 2075 1097 2128 rithmos
1116 2075 1298 2128 Tireutonicos
1316 2089 1379 2142 gra-

242 2147 335 2200 tiosos.
354 2145 495 2200 Conradus
514 2144 547 2198 de
562 2145 720 2198 Wireiburc
738 2161 822 2212 vagus
840 2145 904 2200 fecit
922 2145 1035 2198 rithmos
1048 2143 1229 2198 Theutcnicos
1248 2143 1281 2196 de
1299 2141 1381 2198 beata

241 2214 345 2282 virgine
363 2215 504 2283 pretiosos.
523 2213 626 2265 Primos
645 2228 730 2280 vagus
749 2213 847 2267 multos
864 2229 961 2266 versus
980 2211 1065 2265 edidit
1082 2209 1257 2278 magistrales.

293 2279 423 2334 Civitates
445 2280 651 2348 Argentinensis
675 2287 702 2332 et
723 2281 882 2335 Basiliensis
904 2283 931 2334 in
949 2281 1034 2333 muris
1050 2287 1077 2332 et
1095 2279 1210 2332 edificiis
1227 2277 1296 2331 viles
1314 2277 1380 2330 iue-

241 2356 314 2413 runt,
339 2349 387 2402 sed
413 2349 440 2402 iu
465 2348 589 2402 domibus
607 2347 730 2414 viliores,
750 2349 844 2404 domos
862 2348 947 2404 sortes
965 2355 992 2402 et
1009 2347 1141 2401 fenestras
1161 2362 1258 2414 paucas
1276 2353 1304 2400 et
1320 2361 1381 2418 par-

240 2417 318 2470 vulas
343 2415 491 2468 babuerunt
515 2424 542 2472 et
566 2415 667 2469 lumine
692 2425 842 2472 caruerunt.
868 2417 939 2472 Villa
961 2415 1006 2469 vel
1031 2415 1170 2470 castellum
1198 2414 1306 2466 domino
1326 2431 1379 2468 suo

240 2485 384 2566 quotannis
402 2492 501 2537 certam
520 2500 648 2537 summanr
667 2487 780 2554 pecunie
799 2485 878 2538 dabat
885 2507 892 2551 ;
917 2483 965 2538 sed
983 2499 1054 2538 anno
1073 2481 1253 2537 meelnniiii.
1272 2481 1381 2536 Redol-

240 2555 284 2607 ins
302 2569 350 2606 rex
368 2568 465 2608 novam
489 2554 657 2606 exactionem
678 2553 792 2618 invenit,
815 2561 845 2606 ut
867 2553 970 2608 scilieet
992 2551 1026 2604 de
1044 2559 1151 2606 eentum
1170 2550 1289 2616 denariis
1306 2566 1379 2603 unus

241 2621 358 2686 daretur,
382 2620 416 2674 de
440 2627 547 2674 eentum
570 2619 679 2674 florenis
704 2629 767 2686 tres,
793 2621 826 2674 de
848 2629 955 2674 centum
979 2623 1076 2673 marcis
1100 2627 1167 2684 tres3
1196 2617 1246 2671 hec
1271 2621 1379 2672 exactio

241 2687 370 2742 divitibus
392 2687 472 2742 valde
497 2687 633 2759 displicuit
657 2689 721 2758 quia
745 2690 835 2758 priore
860 2689 1000 2742 exactione
1023 2703 1156 2757 pauperes
1178 2689 1263 2754 magis
1280 2701 1382 2755 grava·

242 2758 346 2821 bantur,
364 2756 411 2810 sed
430 2759 457 2810 in
475 2757 595 2810 secunda
613 2756 720 2810 divites.

291 2823 360 2878 Sunt
382 2825 409 2877 in
434 2824 483 2877 bae
505 2823 657 2879 Tbeutouia
680 2840 728 2876 seu
751 2807 897 2943 provincia
920 2829 974 2878 tres
998 2825 1067 2888 [sic]
1086 2824 1221 2894 principes
1240 2821 1380 2878 seculares

240 2909 353 2964 quorum
377 2893 490 2944 interest
512 2907 602 2958 regern
627 2890 728 2959 eligere
777 2907 944 2944 omanorum,
969 2889 1044 2944 Unus
1069 2897 1110 2942 est
1128 2890 1181 2942 dux
1200 2887 1333 2954 Saxonie‚
1353 2896 1382 2942 et

241 2961 285 3014 bic
308 2958 389 3014 babet
414 2958 467 3012 duo
491 2959 567 3012 milia
590 2974 740 3012 marcarum
764 2960 795 3012 in·
816 2959 975 3012 redditibus.
1002 2959 1077 3013 Unus
1100 2957 1239 3012 Palatinus
1260 2965 1301 3012 est
1324 2957 1382 3010 dux

240 3027 424 3091 Bawarie‚,et
447 3027 492 3080 hic
515 3026 599 3080 habet
626 3027 723 3094 viginti
750 3026 824 3080 milia
848 3043 996 3080 marcarum
1021 3027 1048 3080 in
1073 3026 1235 3090 redditibus,
1260 3027 1383 3096 quinque

240 3095 315 3148 milia
333 3093 366 3146 de
384 3093 489 3160 Palatio
508 3102 534 3146 et
551 3093 702 3165 quindecim
721 3094 754 3148 de
773 3094 878 3148 ducatu.
901 3095 974 3150 Unus
993 3093 1112 3146 marchio
1127 3093 1383 3161 Brandiburgensis‚

240 3171 268 3216 et
286 3163 329 3215 bic
348 3161 429 3216 babet
447 3164 638 3233 quinquaginta
656 3163 701 3228 (i)
721 3162 795 3214 milia
813 3179 971 3216 marcarum.
999 3161 1075 3216 Unus
1093 3177 1141 3216 rex
1158 3163 1272 3216 Boemie
1290 3169 1318 3214 et
1336 3159 1384 3214 hie

241 3230 321 3286 babet
340 3246 488 3284 marcarum
506 3239 611 3284 centurn
632 3231 705 3284 milia
721 3230 905 3301 probatorum.

292 3296 362 3351 Sunt
388 3305 415 3352 et
439 3306 493 3350 tres
535 3301 649 3368 rincipes
675 3297 822 3365 regulares,
847 3299 873 3350 id
897 3305 937 3352 est
959 3298 1008 3352 sub
1026 3313 1093 3368 papo
1112 3295 1214 3364 regulis
1233 3297 1384 3362 constituti,

241 3365 376 3419 electores
395 3382 488 3434 regum
507 3317 700 3431 liemanorum,
720 3367 825 3419 scilicet
843 3367 1027 3431 limirensis,
1046 3366 1093 3436 qui
1111 3373 1167 3418 tres
1184 3364 1265 3417 babet
1283 3365 1384 3417 suffra-

240 3449 340 3496 ganeos
356 3441 383 3486 et
399 3436 451 3488 tria
469 3434 542 3489 milia
562 3451 710 3487 marcarum
729 3437 755 3488 in
773 3433 922 3489 redditibus
939 3434 991 3488 sibi
1009 3435 1160 3488 necessaria
1178 3433 1378 3498 ministrantes3

240 3501 414 3570 Moguutinus
430 3509 457 3554 et
470 3503 513 3556 bie
534 3501 616 3556 habet
639 3502 829 3574 septemdecim
848 3503 1032 3570 suffraganeos
1051 3508 1078 3554 ct
1096 3508 1198 3571 septem
1216 3500 1289 3553 milia
1306 3515 1383 3552 urar-

242 3584 333 3622 carum
353 3571 380 3622 in
399 3569 548 3624 redditibus
566 3569 682 3623 fideliter
699 3571 866 3640 computatis.
884 3570 1056 3624 coloniensis
1075 3569 1122 3638 qui
1141 3575 1240 3622 tantum
1259 3570 1384 3648 quinque

241 3639 360 3690 noscitur
378 3637 477 3692 babere
494 3638 679 3706 suffraganeos
698 3647 726 3692 ct
744 3645 832 3708 tamen
851 3637 903 3692 sibi
922 3638 1116 3708 quinquaginta
1139 3652 1287 3690 marearum
1305 3635 1385 3690 milia

242 3720 300 3756 com
322 3712 437 3760 utantur.

292 3722 387 3827 dictor
409 3773 460 3827 hos
483 3781 539 3827 tres
556 3773 773 3844 archiepiscopos
795 3781 912 3844 quatuor
929 3771 976 3825 alii
995 3779 1192 3843 computantur,
1211 3771 1316 3825 scilicet
1333 3771 1385 3824 Ri-

241 3843 330 3908 gensis
348 3849 449 3912 septem
468 3841 547 3895 babet
565 3843 751 3910 suffraganeos
769 3850 795 3896 et
814 3841 888 3894 mille
907 3856 1055 3894 marearum
1074 3839 1128 3893 red.
1148 3857 1245 3910 comp,
1263 3839 1383 3908 ltlcgde-

241 3909 382 3978 burgensis
401 3911 447 3988 qui
465 3917 565 3980 septem
586 3910 665 3962 babet
683 3910 868 3978 suffraganeos
887 3917 913 3962 et
931 3915 1046 3979 quatuor
1071 3907 1145 3960 milia
1155 3907 1263 3960 babere
1282 3923 1298 3960 a
1317 3907 1385 3978 plu-

242 3977 317 4030 ribus
338 3975 503 4048 perhibetur,
526 3979 681 4031 Bremensis
705 3979 750 4048 qui
775 3985 801 4030 et
830 3980 887 4048 ipse
915 3983 1016 4096 septem
1045 3975 1123 4028 babet
1147 3975 1331 4042 suffraganeos
1356 3982 1387 4028 et

242 4047 362 4114 quinque
388 4061 536 4098 marcarum
556 4045 628 4098 rniiia
647 4045 702 4099 red.
722 4045 773 4098 sibi
791 4061 806 4096 a
825 4047 879 4099 suis
897 4044 950 4097 lide
964 4044 1022 4096 ibus
1039 4043 1224 4108 ascribuntur,
1242 4042 1387 4097 Saltzbur-

242 4115 332 4179 gensis
350 4113 397 4184 qui
414 4121 516 4183 septem
534 4113 615 4166 babet
632 4114 817 4180 suffraganeos
836 4121 863 4166 et
881 4111 1070 4180 vigintimilia
1094 4127 1244 4164 marcarum
1262 4111 1388 4164 redditus

242 4179 341 4233 habere
365 4188 393 4233 et
415 4181 531 4252 amplius
556 4188 732 4261 computatur.
750 4181 839 4233 Habet
856 4187 946 4234 autern
964 4179 1117 4302 Tiqutonia
1135 4181 1162 4232 in
1181 4181 1310 4232 trciverso
1330 4187 1387 4230 tam

242 4249 386 4319 episcopos
404 4265 483 4319 quam
503 4248 722 4320 archieprscopos
740 4249 886 4316 sexaginta.
981 4285 987 4300 .,
1022 4255 1032 4316 t
1051 4241 1096 4356 δέ’·
1119 4253 1186 4322 piri
1219 4253 1279 4320 λῆς
1355 4331 1361 4340 .
