2888 4824
282 295 355 363 t38
669 321 707 364 ex
727 319 854 365 acuamur
875 319 913 364 on
934 317 1020 363 aava.

282 461 379 529 vietis
397 459 658 528 circumvallavit
675 459 866 546 armigeris,
883 456 1084 545 impugnans
1105 453 1193 524 idem
1211 453 1417 522 diversorum

282 563 517 628 tormentorum
533 559 689 644 ingeniis.
716 557 799 624 Nam
817 555 1004 625 creberrimi
1023 557 1109 622 ictus
1128 559 1162 622 et
1177 554 1291 620 iactus
1313 568 1416 619 saxo-

281 677 353 727 rum
368 662 614 746 quassaverunt
628 662 734 724 turres
752 661 786 724 et
803 656 912 724 menia
932 655 1121 742 aliquoties,
1141 658 1174 720 ct
1188 652 1280 720 aries
1300 649 1415 718 ferrato

281 757 399 826 lrontts
416 757 554 844 impegit
572 763 687 844 portas
714 761 747 822 ct
769 755 991 822 antemuralia.
1016 753 1163 821 Eccntra
1186 767 1273 819 vero
1294 750 1416 817 castel-

281 857 391 925 lanius
411 855 610 923 victualibus
629 860 662 922 et
682 855 781 922 armis
797 853 931 920 abunde
953 852 1158 940 premunitus
1180 849 1261 941 luit,
1283 853 1344 938 qui
1364 869 1416 938 per

282 973 404 1023 annum
425 954 616 1042 etamplius
636 955 745 1041 ipsum
760 959 903 1020 austrum
925 949 1106 1020 honorifice
1125 949 1342 1040 defensavit,
1360 949 1415 1016 de-

282 1053 470 1122 linientibus
496 1052 627 1121 demum
653 1051 863 1140 victualibus
890 1049 978 1118 idem
1004 1049 1223 1118 castellarius
1257 1051 1417 1136 expetivit

281 1154 431 1242 veniam,
451 1169 548 1238 qnam
576 1157 609 1219 et
632 1152 706 1239 ipse
726 1167 801 1239 rex,
821 1150 958 1218 obtento
981 1153 1109 1238 castro,
1127 1149 1259 1237 recepit
1282 1149 1321 1215 in
1343 1165 1417 1234 gra·

281 1253 377 1342 tiam,
395 1257 433 1318 ut
450 1251 513 1318 sibi
531 1249 573 1318 dc
590 1255 702 1318 cetero
720 1249 829 1318 lrdelis
845 1253 954 1338 esset,
972 1265 1036 1316 nec
1050 1247 1273 1316 rebellionem
1292 1247 1416 1316 adver·

283 1369 342 1420 sus
360 1368 434 1418 eum
454 1350 664 1437 aliquatenus
687 1353 874 1416 attentaret.

355 1447 496 1516 Demum
520 1449 808 1536 appropinquante
833 1445 1011 1534 epiphania
1025 1445 1157 1514 Domini
1178 1463 1243 1513 rex
1265 1447 1417 1532 migravit

283 1547 326 1615 ad
347 1547 538 1636 Coloniam,
556 1553 593 1614 ut
612 1547 735 1614 ibidem
753 1548 788 1614 in
805 1547 965 1614 bonorem
986 1545 1081 1612 trium
1094 1563 1211 1630 regum
1229 1545 1416 1614 solemnem

281 1645 464 1714 immolaret
486 1645 637 1714 bostiam.
663 1645 738 1712 Fuit
762 1647 849 1713 enim
872 1645 937 1712 illis
962 1643 1081 1714 diebus
1098 1661 1224 1730 regens
1244 1650 1283 1712 et
1300 1645 1415 1729 legens

282 1744 372 1834 apud
398 1744 568 1813 Coloniam
595 1744 748 1812 dominus
772 1743 930 1813 Albcrtus
954 1743 1210 1830 Ratisponensis
1232 1745 1415 1831 episcopus

282 1843 326 1911 de
352 1843 468 1912 ordine
494 1842 759 1933 Predicatorum,
783 1861 926 1928 magnus
950 1843 985 1909 in
1002 1843 1243 1931 nigromantia,
1265 1843 1375 1910 maior
1389 1844 1416 1908 in

281 1942 506 2032 philosophia,
526 1941 759 2010 sedmaximus
772 1943 806 2009 in
820 1941 1009 2028 theologia;
1029 1941 1085 2028 qui
1102 1958 1216 2026 regem
1235 1940 1415 2008 humillima

281 2041 496 2132 precabatur,
512 2047 549 2108 ut
565 2041 599 2108 in
618 2041 672 2109 die
691 2041 833 2108 solemni
850 2058 965 2110 secum
988 2039 1193 2108 discumbere
1211 2038 1415 2126 dignaretur.

280 2139 353 2208 Rex
377 2147 487 2209 autem
510 2157 652 2228 sperans
677 2139 814 2227 aliquod
838 2137 1026 2228 prodigiale
1044 2139 1177 2224 signum
1195 2137 1339 2230 videre,
1357 2157 1415 2206 no-

280 2239 343 2306 luit
365 2238 473 2308 eidem
498 2239 684 2307 reverendo
709 2239 794 2327 patri
811 2256 930 2327 preces
950 2239 1119 2326 supplices
1139 2233 1414 2324 denegares&-

280 2337 417 2406 lebratis
435 2339 536 2423 igitur
554 2339 729 2426 epiphanie
749 2338 912 2406 solenniis
921 2389 931 2426 ,
949 2335 1037 2404 idem
1055 2337 1236 2425 episcopus
1258 2355 1283 2404 a
1302 2335 1414 2404 studo-

281 2437 330 2504 rio
349 2454 412 2505 suo
430 2437 649 2525 progrediens
667 2454 782 2523 regem
800 2453 873 2504 cnm
892 2454 955 2504 sna
977 2435 1099 2502 familia
1124 2435 1280 2520 gratiose
1301 2454 1414 2504 snsce-

279 2535 338 2624 pit.
372 2533 478 2615 Quem
504 2541 598 2604 extra
627 2537 825 2604 cenaculum·
850 2536 884 2602 in
905 2532 1092 2603 viridarium
1121 2551 1237 2602 secum
1268 2535 1412 2623 adduxit,

280 2633 338 2701 ubi
363 2635 596 2702 ministeriales
614 2635 694 2701 mire
712 2633 966 2722 pulchritudinis
985 2633 1165 2722 alluerant,
1188 2635 1246 2720 qui
1267 2633 1317 2702 ad
1336 2652 1413 2701 con-

280 2733 423 2802 vivalem
448 2734 587 2801 letitiam
605 2735 724 2820 quevis
746 2732 938 2801 necessaria
958 2737 1227 2820 preparaverunt.
1253 2733 1338 2800 Fuit
1353 2733 1412 2800 uti-

281 2850 346 2919 que
371 2831 489 2902 diebus
513 2833 579 2900 illis
605 2831 724 2919 hyems
748 2833 930 2920 asperrima
954 2837 1091 2918 totaque
1114 2830 1318 2920 superficies
1339 2838 1411 2899 terre

279 2937 438 3018 cooperta
455 2933 532 2999 nive
549 2933 700 2998 maxima.
727 2927 937 3018 Quapropter
962 2931 1118 3000 universa
1134 2930 1316 2999 multitudo
1338 2947 1409 3019 pro-

280 3047 390 3096 ccmm
416 3047 616 3097 murmurare
643 3031 732 3118 cepit
757 3029 921 3098 adversus
948 3030 1158 3119 episcopum,
1185 3029 1281 3116 quod
1299 3031 1338 3096 in
1356 3036 1410 3095 tam

279 3125 415 3194 horrido
433 3127 557 3213 frigore
575 3132 738 3197 convivas
757 3145 839 3196 snos
857 3128 985 3215 absque
1006 3127 1083 3196 loco
1101 3127 1267 3216 prandere
1286 3129 1409 3196 iussis-

280 3230 334 3293 set
349 3226 433 3293 intra
449 3225 638 3314 pomarium.
665 3227 733 3296 Sed
749 3234 928 3315 postquam
945 3226 1099 3295 domiuus
1118 3227 1304 3315 episcopus
1323 3227 1409 3294 tutn-

278 3342 386 3392 rorum
412 3327 556 3393 omnium
580 3328 758 3417 conscius,
783 3343 851 3394 una
875 3344 948 3394 cum
974 3343 1055 3412 rege
1072 3325 1236 3394 resideret
1254 3325 1303 3396 ad
1320 3343 1409 3394 men-

279 3441 369 3513 sam,
395 3429 430 3492 et
447 3427 553 3494 omnis
581 3427 723 3494 conviva
743 3425 927 3493 secundnm
945 3430 1063 3492 statum
1083 3423 1254 3516 dignitatis
1274 3442 1342 3493 sne
1360 3425 1408 3492 lo-

280 3528 376 3590 catus
395 3530 605 3612 exspectaret
622 3540 744 3612 escam,
764 3541 844 3592 ecee
863 3523 984 3610 glaciei
1002 3529 1035 3592 at
1051 3524 1138 3590 nivis
1155 3527 1323 3593 immensa
1343 3540 1407 3590 rno-

278 3620 329 3689 les
347 3623 381 3689 in
399 3631 567 3691 momento
586 3621 757 3711 disparuit,
776 3639 816 3691 ac
834 3623 983 3690 estivalis
1003 3622 1093 3690 calor
1110 3623 1336 3690 emicantibus
1357 3639 1406 3690 so·

278 3720 318 3787 lis
336 3719 437 3788 radiis
455 3720 622 3788 ferventer
639 3722 794 3812 invaluit,
813 3729 900 3790 terra
916 3722 1122 3807 gramineum
1139 3739 1280 3808 germen
1299 3720 1404 3806 edidit,

279 3823 312 3884 et
337 3826 516 3888 vementes
543 3821 643 3889 llores
669 3822 703 3887 in
725 3823 805 3888 mira
830 3825 1009 3889 venustate
1026 3821 1171 3907 protulit
1198 3820 1274 3888 Una
1293 3821 1404 3906 quevis

279 3915 377 3984 arbor
394 3916 566 3986 frondibus
584 3920 750 4006 extemplo
768 3921 886 4009 viruit,
905 3925 939 3987 et
956 3925 1104 3987 maturos
1122 3917 1249 3988 tructus
1268 3918 1313 3986 ad
1331 3936 1403 3986 ves·

279 4013 420 4081 cendum
446 4019 574 4084 cunctis
602 4019 767 4108 exhibuit,
791 4019 891 4086 vinea
916 4017 1040 4086 llorens
1068 4017 1206 4086 odorem
1235 4017 1402 4086 suavitatis

278 4111 436 4202 reddidit,
462 4120 496 4182 et
518 4122 672 4184 recentes
693 4135 778 4184 utras
802 4119 837 4184 in
861 4117 1013 4186 ubertate
1040 4135 1163 4202 magna
1183 4117 1250 4184 cito
1267 4117 1401 4206 prebuit,

278 4213 419 4296 garritus
436 4214 621 4282 volatilium
635 4215 914 4303 applaudentibus
935 4217 997 4283 alis
1014 4216 1081 4283 illic
1097 4217 1253 4306 intonuit,
1273 4229 1400 4303 quarum

278 4314 372 4392 grata
400 4308 582 4378 modulatio
607 4315 735 4381 cunctis
762 4315 1037 4383 accumbentibus
1054 4333 1208 4401 magnam
1227 4315 1401 4382 exultatio-
