2878 4834
374 243 542 291 urrunnun
565 243 798 292 nonsummum.
1083 217 1150 284 221
1209 258 1212 266 ·

95 411 273 476 ubarucii
302 411 357 473 der
379 411 473 474 decan
495 412 557 474 und
581 411 636 473 das
658 409 838 490 domcapitel
860 429 896 474 zu
920 413 1042 477 Worms
1065 415 1155 477 beur-

139 496 263 558 lrundeu
296 494 346 556 dle
371 497 426 556 mlt
458 494 665 570 einwllligung
692 494 747 555 des
777 495 886 570 kb'nlgs
913 496 1067 559 zwiseben
1088 497 1156 560 dem

141 578 265 641 biscbof
289 577 432 640 Heinrich
462 577 524 640 und
554 577 612 640 den
634 576 766 652 bllrgeru
788 593 848 639 von
869 578 991 642 Worms
1012 579 1087 642 libor
1107 579 1157 642 die

140 660 315 736 bustellung
336 659 391 722 des
413 659 556 735 dortigeo
577 658 748 722 stadtraths
770 661 825 720 mit
846 675 927 722 neun
944 661 1078 738 btlrgern
1093 664 1156 726 und

140 742 231 806 sechs
254 745 364 804 rittern
385 741 602 818 geschlosseue
624 741 852 806 tibereiukunit.
881 743 959 806 1233
980 743 1040 806 dab.
1064 747 1113 810 27.

97 879 281 949 Landolius
308 880 457 948 decanus
482 887 517 948 et
533 880 712 968 capitulum
731 881 866 948 maioris
885 879 1030 949 ecclesie
1049 880 1156 950 Wor-

39 982 202 1048 matiensis.
230 980 403 1048 Universis
429 979 516 1047 banc
533 981 691 1067 paginam
710 977 922 1046 cernentibus
941 978 1040 1048 iidem
1058 981 1156 1049 adbi-

39 1080 100 1146 bere
123 1079 331 1168 subscriptis.
357 1077 428 1147 Hee
456 1085 510 1147 est
535 1077 639 1146 dorma
664 1079 922 1166 composicionis
947 1080 1156 1165 regioacce-

38 1177 119 1246 dente
137 1195 313 1248 consensu
327 1176 341 1255 dd
354 1179 440 1246 inter
457 1177 625 1246 dominum
643 1184 793 1246 nostrum
814 1173 1042 1270 H[einricum]
1063 1181 1156 1267 epis·

38 1296 136 1365 aopum
154 1297 231 1347 cum
251 1278 398 1346 eeclesia
415 1296 477 1346 sua
496 1283 529 1344 et
546 1278 639 1345 cives
651 1277 941 1345 wormacienses:
960 1276 1154 1366 Propositus

37 1379 120 1444 maior
144 1377 200 1446 ved
228 1377 378 1445 decanus
405 1378 460 1444 vel
487 1383 603 1445 comos
621 1375 717 1445 Novo
735 1375 881 1465 flamm,
899 1394 988 1444 unus
1006 1379 1154 1468 isicium,

37 1477 135 1544 iurabit
151 1478 184 1544 in
204 1479 348 1544 animam
366 1475 490 1544 domini
508 1475 658 1564 episcopi
673 1469 687 1550 lt
702 1475 793 1562 quod
811 1474 898 1543 idem
917 1474 1071 1545 dominus
1090 1496 1155 1547 no·
1201 1509 1209 1526 ·

38 1580 90 1642 ster
111 1577 214 1663 eliget
239 1578 324 1644 inter
350 1577 441 1644 cives
465 1593 546 1644 suos
565 1593 685 1643 novem
703 1576 812 1664 viros,
833 1592 919 1662 quos
938 1593 1017 1644 esse
1034 1576 1155 1646 viderit

38 1677 163 1760 potiores
190 1681 225 1742 et
252 1677 403 1743 utiliores
430 1675 493 1743 sibi
520 1680 554 1742 et
577 1674 721 1742 ecclesie
748 1691 788 1740 ac
812 1676 873 1742 toti
892 1675 1025 1744 civitati.
1051 1676 1154 1744 iidem

38 1792 136 1842 novem
160 1776 261 1842 iurati
285 1775 411 1861 eligent
429 1792 491 1842 sex
508 1774 628 1841 milites
646 1775 679 1841 in
698 1774 830 1841 civitate
846 1771 860 1850 td
875 1792 960 1861 quos
980 1791 1059 1844 esso
1076 1793 1154 1845 cre-

38 1873 157 1941 diderint
178 1877 332 1963 potiores
359 1879 393 1942 et
416 1873 567 1942 utiliores
594 1871 730 1941 domino
766 1873 929 1962 episcopo
958 1875 1103 1944 ecclesie
1122 1882 1155 1944 ot

38 1973 148 2041 civitati.
175 1971 242 2054 Qui
269 1972 457 2061 quindecim
482 1990 550 2040 una
576 1990 650 2041 cum
677 1971 811 2040 domino
839 1973 1001 2062 episcopo
1021 1991 1154 2063 semper

37 2073 156 2140 consilio
174 2072 405 2161 presidehunt
432 2069 530 2152 Quod
549 2072 578 2138 si
598 2071 752 2140 dominus
771 2072 952 2160 episcopus
970 2075 1045 2142 ierit
1060 2080 1153 2143 extra

38 2172 239 2261 provinciam,
263 2189 443 2260 personam
467 2170 635 2258 ydoneam
661 2189 727 2258 que
760 2173 893 2240 nomine
920 2187 984 2242 suo
1010 2173 1151 2242 oonsilio

36 2270 183 2357 presideat
217 2271 425 2358 subrogabit..
459 2270 540 2341 ltem
572 2269 726 2338 dominus
760 2271 942 2360 episcopus
976 2291 1048 2341 eum
1079 2275 1152 2343 istis

38 2369 203 2455 quindecim
220 2389 323 2459 super
338 2373 553 2438 iuramentum
562 2371 734 2458 prestitum
743 2369 869 2456 eligent
884 2372 1060 2441 scultetum
1079 2389 1152 2441 eum

37 2468 171 2537 alliciatis
198 2472 234 2538 in
261 2470 348 2540 iesto
366 2469 519 2558 Martini,
538 2470 584 2536 ita
602 2467 692 2557 quod
711 2485 776 2536 nec
793 2471 867 2557 ipse
886 2469 1039 2540 dominus
1059 2474 1151 2560 epis-

38 2585 123 2656 eopus
140 2587 204 2638 nee
223 2570 279 2638 isti
298 2567 486 2658 quindecim
502 2587 657 2655 umquam
673 2570 811 2655 exigent
826 2569 881 2636 vel
899 2573 1058 2660 recipient
1073 2571 1152 2640 inde

38 2667 158 2754 aliquam
177 2671 371 2758 pecuniam,
397 2669 482 2736 tales
501 2667 659 2754 eligendo
683 2669 739 2756 qui
757 2670 889 2756 possint
907 2667 1041 2738 domino
1060 2672 1151 2758 epis-

38 2783 107 2854 copo
129 2775 161 2835 et
188 2770 315 2838 civitati
343 2769 483 2856 servire,
511 2767 634 2836 nullum
662 2769 845 2835 amiciciam
872 2769 927 2835 vel
944 2769 1151 2837 inimiciciam

37 2865 61 2930 in
81 2866 136 2934 liis
161 2867 329 2954 eligendis
356 2865 572 2936 attendendo.
599 2867 680 2936 item
699 2867 742 2934 ad
761 2868 1028 2936 constituendum
1048 2887 1151 2937 exac-

38 2965 141 3032 tionem
164 2967 221 3034 vel
246 2967 379 3056 ungelt,
408 2965 562 3034 dominus
582 2968 765 3055 episcopus
785 2984 857 3033 oum
876 2967 1032 3055 predictis
1052 2971 1151 3056 quin·

38 3060 124 3130 decim
148 3065 188 3133 dc
217 3067 365 3152 qualibet
387 3065 563 3154 parrochia
581 3071 722 3153 quatuor
739 3067 828 3133 viros
847 3076 1011 3157 assumet,
1038 3086 1159 3143 eorum

39 3167 62 3226 et
77 3164 257 3250 quindecim
275 3168 417 3256 virorum
435 3164 577 3232 consilio
597 3165 739 3232 civitatis
757 3163 932 3235 commodo
947 3169 1150 3256 provisurus.

40 3258 116 3338 erod
135 3265 163 3332 si
181 3283 271 3332 unus
290 3284 331 3333 ex
349 3263 414 3331 illis
433 3281 555 3332 novem
574 3263 776 3354 decesserit,
797 3264 950 3334 dominus
970 3269 1151 3356 episcopus

40 3359 118 3428 alium
136 3365 320 3432 substituet
338 3363 401 3432 sub
420 3361 525 3432 dorma
542 3365 661 3452 prioris
680 3363 864 3432 iuramenti.
893 3365 927 3433 Si
946 3365 987 3434 de
1006 3382 1068 3432 sex
1085 3367 1150 3432 mi-

40 3455 130 3528 litibus
152 3463 329 3551 quisquam
359 3461 561 3552 decesserit,
586 3463 634 3531 illi
657 3479 777 3532 novem
804 3465 942 3550 prestito
967 3466 1150 3531 iuramento

41 3557 89 3623 sub
106 3559 203 3630 dorma
222 3561 369 3650 predicta
388 3561 523 3630 alterum
543 3561 781 3648 subrogabuut.
811 3562 933 3650 Siquis
951 3581 1033 3630 vero
1052 3564 1150 3651 quin-

41 3652 126 3726 decim
144 3663 407 3730 consiliariorum
427 3667 542 3730 contra
559 3661 776 3729 iuramentum
796 3677 889 3728 sunm
909 3664 1046 3752 venerit,
1067 3680 1151 3730 con·

41 3755 127 3825 rictus
144 3759 272 3830 duabus
290 3760 344 3829 vel
363 3761 465 3830 tribus
484 3761 638 3849 personis
658 3758 699 3828 de
718 3762 889 3829 consortio
910 3779 983 3852 suo,
1002 3763 1151 3830 auetori-

42 3857 93 3921 tate
109 3856 228 3927 domini
246 3861 397 3949 episcopi
416 3880 435 3928 a
454 3857 594 3929 consilio
614 3861 758 3949 cicietur,
778 3860 884 3928 altero
901 3859 947 3927 illi
965 3861 1027 3929 sub
1047 3861 1151 3930 dorma

42 3953 121 4036 priori
146 3959 336 4046 subrogato.
364 3959 399 4028 Si
423 3957 465 4028 do
490 3977 551 4027 sex
576 3957 731 4026 militibus
757 3958 876 4046 aliquis
897 3977 933 4026 se
953 3979 1011 4049 per
1029 3979 1149 4030 annum

44 4048 261 4147 absentaverit,
282 4059 364 4128 alter
380 4061 414 4126 in
431 4058 542 4126 locum
562 4059 633 4126 eius
653 4057 694 4126 ab
713 4057 777 4126 illis
797 4075 916 4126 novem
936 4059 1087 4146 eligetur.
1115 4060 1150 4128 Si

42 4164 105 4218 varo
128 4154 166 4223 de
192 4176 311 4226 novem
339 4157 467 4227 civibus
495 4175 533 4226 se
559 4157 679 4244 aliquis
697 4173 757 4245 per
774 4175 895 4226 annum
914 4157 1150 4247 absentaverit,

45 4244 174 4322 dominus
206 4259 387 4346 episcopus
418 4259 451 4325 in
481 4256 589 4326 locum
615 4257 688 4325 eius
713 4256 849 4324 alterum
876 4257 1079 4343 subrogabit.
1116 4258 1150 4325 Si
