2890 4832
370 261 407 306 mu
428 259 594 308 sermome
616 260 793 309 coronemur.
1076 237 1146 306 339

35 402 111 470 ellus
127 399 283 490 plurimos
311 416 422 468 eorum
450 399 644 488 euplivuvil,
671 401 793 469 ueteris
818 401 852 468 in
877 401 999 492 palude
1025 405 1145 472 mersis
1164 429 1232 485 1204

36 508 63 567 el
77 501 130 566 vin
146 501 262 587 paneis
281 498 501 566 evadentibus
521 516 595 566 enm
612 499 688 586 ipso
706 500 836 568 comite.

97 598 174 686 lpse
193 615 281 666 enno
305 599 393 665 eirea
417 598 530 666 iulium
547 613 697 665 mensem
714 597 885 687 Philippus
903 617 962 668 rex
978 606 1149 669 conlruelo

35 699 162 765 menime
200 697 348 764 exereilu
379 696 590 782 Thuringium
622 697 740 785 iniret,
784 696 951 784 quendem
984 699 1149 767 civitatem

35 796 212 885 lantgravii,
231 795 392 863 Wizense
409 797 561 884 nomine,
580 792 756 863 obsidione
774 795 895 885 vellat,
913 814 1028 882 regem
1046 799 1150 865 eeiem

34 895 155 962 boemie
174 912 249 961 oum
266 895 407 962 menime
431 893 638 962 mullitudine
664 894 698 960 in
722 895 881 962 auxilium
905 897 935 962 ei
960 897 1150 964 venientem

35 991 129 1083 legul,
155 994 269 1062 omniu
291 1011 352 1081 per
377 993 547 1060 olreuilum
575 991 698 1080 oppida
722 993 801 1078 igne
828 994 934 1062 exurit
958 1001 992 1061 el
1013 991 1134 1064 vestet.

35 1091 245 1177 Lenlgrevius
271 1109 351 1160 vero
370 1090 489 1159 videns
509 1092 719 1160 eversionem
737 1097 821 1159 berre
840 1109 920 1182 sue,
941 1100 972 1159 el
990 1094 1150 1162 animosi-

37 1197 119 1258 lelem
136 1192 228 1277 regis
247 1209 286 1258 se
303 1189 388 1258 lerre
406 1207 474 1258 non
491 1207 606 1281 pesse,
624 1191 811 1258 interventu
830 1189 1035 1277 quomndem
1053 1194 1150 1280 prin-

37 1292 127 1377 eipum
145 1291 291 1378 supplex
309 1289 352 1356 ud
370 1306 445 1356 eum
461 1291 570 1379 venil,
591 1294 624 1356 el
641 1289 713 1355 eius
731 1291 869 1373 graiium
888 1291 1076 1378 promeruit.

94 1388 172 1456 Posi
189 1388 255 1456 beo
272 1387 507 1456 Coloniensem
534 1387 819 1475 arehiepiscopum
841 1405 901 1476 per
919 1389 1152 1458 Trevirensem

36 1485 213 1573 spirensem
236 1492 269 1554 et
295 1485 585 1554 Conslunliensem
609 1487 788 1574 episeopus
812 1485 901 1574 apud
919 1483 1150 1556 Andernueum

38 1585 88 1650 sibi
105 1587 276 1674 ooneiliut,
302 1592 335 1652 el
362 1592 398 1653 ut
422 1584 540 1653 dueem
564 1584 742 1652 Brebunlle
761 1592 794 1652 ei
811 1585 958 1672 reliquos
974 1586 1152 1655 Leiberin·

38 1685 82 1768 gie
98 1684 227 1753 nobiles
253 1683 369 1752 fideles
395 1684 459 1752 sibi
485 1677 633 1756 θῐΐιοίιιῑ1
658 1684 799 1770 plurimu
823 1685 1018 1772 promittens
1043 1692 1151 1772 rogel.

39 1781 234 1852 boloniensis
260 1800 339 1850 vero
367 1785 548 1872 episeopus
574 1789 815 1851 seeremenlum
839 1782 929 1870 quod
948 1781 1071 1852 dudum
1090 1782 1151 1852 Ot-

39 1883 93 1946 loni
109 1881 236 1950 leeerel
253 1881 500 1970 pervipendens
510 1934 519 1969 ‚
539 1888 572 1949 et
588 1882 763 1969 periurium
783 1889 817 1948 et
831 1883 1151 1950 excommunicatio-

39 1997 99 2046 nem
124 1981 301 2069 apostolici
330 1998 397 2048 non
422 1987 592 2070 melnenS,
626 1985 705 2068 posi
733 1979 853 2047 fesium
879 1982 986 2047 seneli
1015 1981 1150 2050 Merlini

39 2073 117 2165 [nov.
136 2077 200 2170 ll]
228 2079 271 2146 ed
290 2079 430 2148 eundem
449 2079 632 2168 Philippum
656 2097 729 2146 enm
756 2077 839 2146 duee
857 2078 1033 2146 Brabontie
1059 2079 1150 2148 Con-

39 2176 187 2245 luenliem
205 2179 308 2267 venii,
328 2184 361 2245 el
378 2180 408 2246 ei
425 2180 641 2246 iuramenlum
660 2176 828 2244 lidelilelis
847 2194 920 2244 eum
931 2177 1015 2244 duee
1028 2177 1150 2247 ibidem

38 2272 109 2341 leeil.
140 2276 189 2344 lbi
208 2277 306 2345 etiem
324 2295 382 2344 rex
398 2277 567 2365 Philippus
592 2275 756 2343 eelebrem
779 2277 903 2344 euriem
921 2276 1075 2344 omnibus
1095 2279 1151 2366 qui

39 2372 159 2441 ederunt
191 2375 397 2464 principibus
435 2377 469 2443 in
500 2375 677 2463 epiphanie
715 2373 839 2443 demini
878 2370 1082 2464 [12051en.
1110 2376 1149 2464 6]
1181 2403 1183 2408 ·

39 2469 224 2558 liquisgmni
255 2473 389 2564 indicii,
429 2482 462 2542 et
488 2474 700 2543 Coloniensis
726 2489 801 2540 eum
831 2472 953 2541 ibidem
977 2476 1012 2541 in
1036 2492 1150 2560 regem

40 2575 210 2639 consecrari
228 2579 264 2640 et
279 2574 361 2658 ungi
378 2575 543 2660 promittit.
569 2571 667 2654 Quod
685 2578 718 2639 el
734 2570 856 2639 leolum
873 2577 935 2639 est.

98 2667 163 2737 Rex
179 2672 282 2757 igilur
298 2677 335 2738 ut
351 2678 573 2760 proposuerat
598 2689 671 2739 oum
696 2669 845 2758 pluribus
869 2671 965 2755 regni
991 2671 1150 2758 prinoipi-

41 2764 91 2832 bus
114 2766 316 2856 Aquisgreni
345 2771 456 2860 venii,
486 2763 566 2837 ubi²
594 2787 708 2838 mrsus
733 2768 775 2836 ab
800 2769 953 2838 omnibus
978 2768 1012 2835 in
1036 2787 1148 2854 regem

42 2863 156 2950 eligitur
162 2919 171 2956 ,
203 2875 238 2936 et
261 2869 294 2934 in
317 2869 458 2936 eoelesiu
476 2867 574 2936 beole
593 2869 698 2936 Merie
717 2885 737 2935 a
755 2867 947 2936 Coloniensi
965 2866 1148 2956 arehiepis-

42 2978 112 3050 mpo
129 2983 200 3034 eum
219 2966 325 3034 lilerio
338 2985 442 3035 uxore
461 2985 522 3036 suu
539 2969 675 3053 ungitur
693 2973 726 3034 el
743 2971 968 3034 eonseorelur.

100 3061 168 3131 lloe
185 3083 275 3132 enno
293 3064 353 3132 luit
371 3071 462 3134 estes
480 3065 588 3135 ualida
606 3071 639 3134 el
657 3066 757 3155 sinen,
775 3071 809 3132 el
825 3065 965 3152 hyemps
983 3064 1149 3151 longissi-

42 3175 81 3226 ιιι
96 3168 126 3228 el
140 3164 236 3231 nimis
250 3165 441 3251 espemime.

100 3258 192 3330 Anno
218 3262 342 3330 domini
368 3280 491 3331 meev.
522 3261 661 3332 Silridus
686 3261 935 3348 mogontiensis
961 3260 1146 3351 urebiepis-

69 3367 92 3432 l)
109 3384 201 3423 norem
220 3369 304 3424 millia
322 3385 469 3426 marearum
488 3371 515 3426 ei
533 3370 630 3436 donni,
658 3369 780 3424 Salevell
802 3369 888 3424 eciam
912 3377 939 3424 et
962 3369 1016 3422 elie
1034 3369 1148 3440 quedem

43 3429 68 3510 ab
83 3437 209 3508 episcopio
228 3438 317 3492 eblala
334 3438 447 3494 redonet
465 3440 499 3492 ist
517 3437 577 3493 hier
593 3445 681 3510 spbler
699 3437 769 3492 doeb
787 3436 860 3492 wohl
877 3453 931 3492 von
944 3436 992 3490 der
1004 3441 1147 3509 ursprr'mg-

45 3495 115 3555 lrehen
130 3503 198 3559 hand
217 3513 362 3574 zugeselzt.
399 3509 430 3573 2)
448 3505 494 3559 ubi
512 3522 570 3561 eum
589 3508 702 3560 maximo
726 3513 853 3576 apparatu
871 3504 1040 3558 coloniensis
1058 3505 1083 3557 ei
1102 3521 1147 3557 oe-

45 3571 119 3626 eurril.
150 3573 189 3626 lbi
212 3591 259 3627 rex
282 3573 395 3627 coneilio
421 3591 482 3628 eum
506 3576 563 3628 suis
588 3574 696 3640 bobilo,
721 3583 751 3628 ut
772 3573 909 3644 prinsipes
936 3587 1010 3626 suern
1037 3571 1147 3626 liberem

45 3632 180 3694 eleelionem
198 3641 345 3696 secundnm
363 3643 529 3713 antiquilulis
547 3643 694 3696 inslilulum
714 3658 767 3696 uon
803 3640 910 3706 erdem,
929 3642 1031 3708 regium
1051 3656 1148 3694 nomen

46 3709 66 3751 el
80 3719 194 3762 eoronam
212 3709 340 3782 deponit,
367 3717 394 3764 el
412 3719 440 3764 ιιι
458 3709 630 3764 concordirer
652 3709 685 3764 ub
710 3659 833 3762 omniKus
858 3707 895 3762 eli
915 3715 990 3774 elur,
1014 3717 1146 3779 precetur.

45 3767 108 3832 Quod
124 3783 148 3827 et
164 3776 261 3831 loeium
279 3785 330 3842 esi,
348 3783 377 3831 el
394 3793 410 3831 e
428 3777 585 3832 Coloniensi
601 3778 804 3848 archiepiscope
816 3791 876 3830 eum
922 3777 979 3828 orie
997 3791 1081 3830 uxore
1098 3791 1148 3829 sue

44 3840 393 3968 lli‘liildlli'il'n
406 3843 1148 3982 lllldeb2¹⁵llil„llbt'bilri'iill:lib

46 3981 223 4034 consuendum
247 3931 550 4036 excommunigeipiouem
575 3983 602 4036 ei
619 3952 947 4046 inlenlunlibus;⁹Qlloee
971 3981 1055 4032 esiam
1082 3995 1148 4049 rege

48 4035 155 4108 languore
172 4049 269 4104 ibidem
287 4050 395 4104 delente
415 4058 441 4104 el
459 4051 577 4104 omnium
604 4049 705 4106 auxilio
732 4049 869 4102 deslilulo.
906 4047 964 4102 Hoc
990 4056 1039 4102 elo.
1062 4064 1092 4102 so
1112 4051 1146 4101 ist

796 4115 883 4169 lichen
907 4115 978 4169 bend
1000 4115 1146 4180 ermonem,

49 4102 108 4162 disse
123 4115 194 4170 stelle
217 4124 307 4171 subter
325 4117 394 4171 doch
413 4117 486 4170 wohl
512 4134 564 4171 von
589 4117 637 4172 der
662 4119 774 4199 rrrspru'rn

48 4174 191 4305 &zubiieffir
204 4135 343 4240 sebreiber
360 4185 497 4256 desieuige
522 4201 577 4241 wns
595 4203 649 4240 nun
668 4184 756 4254 glereh
777 4133 846 4254 {mgr
870 4183 1020 4238 bbersebon
1043 4201 1077 4236 zu
1102 4183 1146 4236 ba·

887 4334 947 4389 22*
