2950 4836
265 199 333 268 536
628 227 819 273 serenianus
840 224 1026 272 suranensis.

182 377 248 432 128⁵
267 367 387 456 positis
406 371 483 434 suut
501 365 624 453 eccisi,
650 370 682 432 et
707 366 785 434 iusti
802 364 947 432 tulerunt
965 364 1074 452 spolia
1092 363 1282 452 impiorum,
1309 359 1408 428 multi

262 467 366 534 eciam
384 483 497 533 eorum
516 469 703 532 evaserunt.
720 457 731 498 ¹

335 563 435 633 Anno
454 563 577 632 demini
594 564 832 630 mcclxxxuii.
846 560 1007 630 Rudellus
1026 579 1084 630 rex
1101 559 1406 650 aputHerbipolim

264 663 482 752 sollempnem
508 663 629 731 curiam
651 662 764 730 babuit
789 661 1090 749 comprincipibus
1115 658 1327 728 Alemannie.
1365 659 1407 724 Et

263 761 381 831 eedem
406 768 555 850 tempere
573 761 746 829 lebannes
766 761 977 828 Tusculanus
1003 762 1183 848 episeopus
1210 758 1405 847 apostoliea

263 860 355 930 sedis
379 862 513 948 legatus
539 859 660 928 ibidem
684 859 863 928 celebravit
890 860 1073 927 eeneiliun.
1114 860 1156 926 Et
1188 860 1268 946 quia
1298 858 1407 924 multa

263 977 366 1029 onera
384 966 555 1046 etgraves
574 977 743 1047 expensas
757 958 893 1026 velabat
911 959 1000 1028 olere
1018 960 1200 1048 imponere,
1220 977 1239 1025 a
1259 956 1406 1044 quibus-

263 1059 339 1128 dam
357 1059 527 1148 episeopis
553 1057 715 1126 adversus
743 1076 818 1126 eum
842 1058 949 1125 extitit
975 1057 1017 1124 ad
1044 1057 1158 1126 sedem
1177 1056 1406 1144 apostolicam

263 1158 476 1247 appellatum,
495 1164 529 1227 et
545 1164 681 1245 prepter
698 1157 762 1226 beo
780 1175 841 1224 sue
858 1157 997 1224 intentio
1016 1162 1049 1224 ct
1066 1157 1243 1225 concilium
1262 1154 1406 1223 deside-

262 1263 368 1326 ratum
386 1257 430 1324 ab
450 1275 491 1325 ee
512 1263 666 1325 eventum
685 1273 753 1324 non
778 1255 908 1346 babuit,
928 1260 961 1322 et
978 1257 1051 1342 ipse
1070 1256 1187 1340 wsubite
1207 1253 1250 1322 ad
1268 1255 1406 1343 propria

264 1361 318 1424 est
333 1373 499 1424 reversus.
542 1355 757 1424 intellexerat
782 1357 869 1422 enim
885 1355 977 1442 prius
1000 1354 1072 1421 aliis
1091 1354 1133 1422 de
1151 1360 1259 1422 morte
1277 1353 1406 1421 domini

263 1472 350 1543 pape
367 1453 525 1544 Honorii,
551 1456 607 1541 qui
624 1456 716 1542 prius
735 1453 906 1523 dicebatur
922 1453 1070 1522 Jeeebus
1096 1453 1138 1520 de
1158 1452 1306 1522 Sabelle.
1341 1450 1405 1518 Cui

264 1555 427 1622 suecessit
450 1552 550 1620 irater
575 1553 765 1622 ieronimus
790 1552 832 1620 de
857 1552 974 1621 ordine
998 1552 1161 1620 Minorem
1188 1551 1341 1639 fratrum,
1372 1555 1406 1618 et

263 1657 404 1720 vocatus
426 1658 480 1720 est
495 1649 665 1720 Nicolaus.
700 1652 751 1720 De
778 1669 845 1740 que
869 1670 938 1720 nen
955 1651 1103 1720 intellexi
1129 1651 1221 1738 qued
1245 1650 1405 1718 iratribus

265 1749 433 1838 quendam
458 1751 510 1818 sui
535 1750 659 1820 ordinis
684 1751 813 1837 aliquas
846 1750 962 1818 lecerit
986 1752 1119 1836 gracias
1148 1749 1338 1838 speciales,
1371 1753 1405 1816 et

263 1855 411 1939 ternpore
433 1867 496 1918 sue
523 1850 628 1918 noluit
653 1849 819 1918 discutere
845 1851 1043 1936 questiones
1067 1869 1151 1937 quas
1177 1848 1298 1917 iratres
1317 1849 1405 1916 Pre-

264 1948 429 2018 dicatores
448 1955 482 2017 et
500 1948 647 2018 itineres
667 1955 781 2016 eontra
800 1951 980 2036 episcopos
998 1949 1195 2037 babuerunt,
1214 1955 1250 2016 ut
1268 1965 1330 2036 per
1347 1949 1405 2035 ip-

265 2067 338 2116 sum
356 2054 473 2116 neutra
490 2049 635 2136 parcium
654 2055 857 2134 gravaretur.
890 2046 963 2127 Quo
990 2054 1119 2116 mortue
1143 2049 1279 2116 vaeavit
1299 2045 1405 2114 sedes

264 2147 451 2236 apostolica
468 2153 603 2236 prepter
629 2146 828 2216 discordiam
854 2145 1067 2214 cardinalium
1085 2147 1160 2234 plus
1179 2165 1280 2234 quarn
1297 2145 1404 2214 tribus

265 2247 372 2314 annis.
398 2247 439 2315 Et
457 2238 616 2314 tandem²
631 2245 719 2314 idern
737 2245 940 2335 cardinales,
960 2251 996 2313 ut
1014 2245 1155 2314 creditur
1172 2252 1257 2314 nutu
1275 2245 1403 2332 divino,

265 2344 553 2413 concordaverunt
570 2347 602 2412 in
623 2344 788 2432 quendam
805 2347 911 2413 virum
929 2351 1052 2412 rectum
1071 2351 1104 2412 et
1118 2345 1328 2434 religiosum,
1349 2345 1404 2430 qui

264 2446 297 2526 in
317 2443 402 2511 cella
420 2462 482 2511 sua
506 2461 565 2531 per
583 2444 804 2530 quadraginta
830 2462 938 2512 annes
966 2451 999 2512 et
1025 2445 1165 2532 amplius
1194 2443 1258 2512 sub
1283 2444 1403 2529 regula

264 2543 353 2610 beati
370 2542 543 2612 Benedicti
563 2549 722 2610 strennue
740 2543 883 2632 vixerat,
912 2544 967 2630 qui
990 2544 1118 2610 electus
1138 2542 1404 2610 Celestinusest

264 2646 415 2710 vocatus.
454 2642 496 2710 Et
522 2661 595 2710 eum
613 2641 810 2710 educeretur
833 2661 853 2710 a
874 2642 959 2710 cella
988 2643 1113 2710 nullum
1132 2660 1254 2730 equum
1273 2648 1354 2710 tunc
1373 2647 1403 2708 et

266 2742 371 2808 eciam
388 2746 507 2828 postea
525 2740 708 2808 ascendere
727 2742 846 2830 veluit,
865 2741 926 2809 sed
945 2747 1069 2810 tautum
1087 2741 1229 2810 asellum
1247 2741 1401 2828 exemplo

266 2839 389 2908 demini
406 2841 571 2908 venientis
589 2839 820 2909 ierosolimam
839 2841 1008 2927 equitavit.
1032 2840 1070 2910 ln
1088 2842 1143 2908 via
1161 2841 1268 2908 eciam
1290 2847 1401 2908 traus-

268 2937 378 3006 eunde
396 2937 550 3006 deminus
570 2957 629 3026 per
647 2957 721 3006 eum
736 2939 892 3008 miracula
906 2939 1006 3006 multa
1025 2939 1110 3008 lecit.
1145 2937 1209 3019 Qui
1226 2940 1308 3008 licet
1325 2940 1401 3006 mire

267 3038 453 3106 sanctitatis
472 3039 647 3126 existeret,
670 3044 780 3106 tamen
799 3037 884 3106 adeo
904 3038 1043 3126 simplex
1058 3045 1145 3128 erat,
1170 3038 1263 3126 quod
1280 3043 1398 3126 peten-

266 3135 355 3204 tibus
374 3135 591 3204 ceneedenda
610 3143 720 3204 etnen
735 3136 952 3204 concedenda
970 3139 1146 3206 concessit.
1163 3138 1206 3205 Et
1224 3155 1303 3205 cum
1321 3154 1399 3205 ceu-

267 3233 429 3302 sideraret
446 3233 536 3321 quod
555 3243 751 3304 consuetum
770 3236 935 3304 silentium
951 3242 984 3304 et
1002 3235 1266 3327 abstinenciam,
1287 3238 1399 3324 quein

267 3334 413 3402 elaustro
432 3341 641 3424 servaverat,
666 3342 802 3423 prepter
819 3335 1072 3404 intollerabilem
1089 3355 1196 3403 rerum
1217 3353 1332 3403 euram
1349 3340 1397 3402 ta-

266 3451 347 3501 ncre
365 3451 432 3500 non
451 3435 558 3521 potuit
573 3435 607 3500 in
625 3441 765 3527 papatu,
792 3436 984 3502 renunciare
1010 3432 1117 3502 eidem
1134 3435 1325 3523 presulatui
1343 3451 1400 3502 ee-

267 3533 394 3617 gitavit.
420 3533 462 3600 Et
480 3550 552 3600 oum
571 3535 756 3621 sapientum
775 3540 869 3602 esset
886 3535 999 3621 opinio
1019 3533 1107 3620 qued
1125 3552 1215 3621 papa
1232 3551 1305 3601 nen
1323 3551 1401 3621 pos-

268 3637 320 3698 set
339 3631 478 3720 eedere,
503 3632 602 3699 talem
621 3633 891 3700 constitutionem
909 3631 1028 3722 edidit,
1057 3632 1147 3720 qued
1165 3651 1254 3720 pape
1271 3633 1401 3721 possint

268 3729 403 3820 cedere,
422 3736 487 3824 tam
506 3749 648 3819 presens
668 3750 765 3818 quam
783 3730 900 3818 loturi,
928 3731 1045 3799 dicans
1071 3731 1161 3819 qued
1186 3731 1228 3798 de
1255 3733 1399 3820 plenite-

269 3826 344 3895 dine
363 3832 538 3915 potestatis
564 3829 702 3898 eandem
729 3832 1000 3900 constitutionem
1027 3829 1136 3898 faeere
1161 3825 1259 3898 bene¹
1277 3836 1400 3919 posset..

267 3923 339 4005 Qua
359 3925 447 3995 lacta
472 3930 582 3996 statim
609 3930 719 3998 cessit.
754 3929 794 3998 Et
819 3930 946 3998 electus
972 3936 1024 3996 est
1048 3937 1127 4018 post
1150 3931 1261 4017 ipsum
1286 3930 1425 4014 Bene-¹

268 4024 376 4092 dictus
395 4025 572 4094 cardinalis
588 4029 644 4115 qui
661 4035 801 4097 vocatus
820 4035 873 4096 est
889 4027 1092 4096 Boniiaoius.
1115 4027 1177 4109 Qut
1196 4030 1310 4096 statim
1328 4033 1400 4117 pest

268 4125 470 4192 creationem
499 4143 590 4192 suam
611 4145 727 4194 omnes
746 4129 877 4212 gracias
903 4135 935 4195 at
962 4129 1204 4200 eoncessiones
1223 4146 1309 4216 quas
1328 4146 1401 4220 pre-

305 4234 334 4298 l)
353 4231 428 4286 urrrlti
443 4263 473 4273 -
491 4242 634 4287 evaserunt
652 4234 718 4287 lelrlt
737 4237 763 4287 in
783 4235 832 4288 der
851 4237 888 4290 lrs.
925 4239 955 4304 2)
975 4239 1009 4288 irn
1030 4226 1088 4290 lehr
1108 4239 1180 4290 1294.
