2950 4836
406 290 565 337 canonicor·
588 287 833 335 osrrnucurrnss.
1104 251 1172 318 565

59 429 203 500 infeudati
218 435 302 498 sunt.
328 427 390 497 llio
408 430 510 516 primo
527 447 616 497 armo
633 429 727 515 regni
744 429 795 496 sui
807 425 1072 516 predecessores
1087 441 1170 494 suos
1192 431 1258 488 tace

60 531 213 598 dominum
235 526 389 597 Adollam
416 545 528 613 regem
555 528 751 596 avunculum
775 543 888 616 suum,
914 541 1047 594 necnon
1065 523 1177 592 domi-

61 647 127 696 num
149 628 320 697 Albertum
343 645 473 715 regem,
498 629 555 714 qui
572 627 654 694 alias
676 625 799 715 sepulti
818 624 961 707 inerant,
982 624 1176 693 convocatis

59 727 249 816 principibus
274 727 511 794 ecclesiasticis
543 731 575 794 et
602 725 808 794 secularibus
836 727 924 793 eirca
949 724 1070 792 testum
1087 723 1177 792 beati

59 826 244 894 illichabolis
262 827 295 894 in
314 827 443 894 civitate
463 825 630 915 Spirensi,
658 824 795 893 eosdem
818 826 853 891 in
871 843 985 910 regum
1006 824 1179 912 sepultura

59 925 229 993 horrorilrce
249 925 358 993 denuo
377 925 539 1013 sepelivit.

124 1022 219 1092 Anno
250 1023 372 1092 domini
400 1023 586 1092 mcoariiii.
617 1023 748 1092 Deinde
782 1025 869 1092 eirca
896 1022 1022 1092 Renum
1050 1027 1083 1090 et
1107 1018 1177 1114 [in]

59 1120 181 1190 rllsaeia
201 1123 335 1190 Swevia
353 1129 385 1190 et
402 1122 583 1191 Franoonia
601 1141 661 1211 per
676 1122 860 1192 advocatos
878 1127 911 1190 et
925 1124 1079 1190 civitates
1095 1139 1179 1190 con-

60 1225 171 1289 iuratas
190 1222 310 1290 bonam
328 1240 445 1311 pacem
464 1221 610 1311 iaciens,
629 1223 782 1291 comitem
801 1221 842 1290 de
862 1220 1098 1289 Wirtenbereh
1117 1220 1180 1288 sibi

61 1327 89 1387 et
103 1321 238 1408 imperio
262 1322 474 1390 rebellantem
498 1339 558 1410 per
580 1321 840 1389 destructionem
865 1328 1046 1388 castrorum
1066 1325 1101 1388 et
1118 1319 1181 1387 de-

60 1421 275 1488 vastacioncm
300 1422 555 1508 possessionum
582 1419 749 1488 incendiis
778 1426 812 1487 et
837 1421 962 1507 rapinis
988 1421 1085 1507 quasi
1105 1437 1181 1486 om·-

61 1519 129 1585 ninc
147 1517 318 1586 destruxit.
334 1517 386 1587 Ad
404 1521 599 1588 instanciam
619 1521 723 1586 eciam
736 1519 958 1586 Bohemorum
971 1520 1068 1588 mittit
1082 1517 1182 1588 lilium

62 1635 145 1684 suum
164 1617 350 1686 Jobarrnem
367 1619 401 1686 in
418 1618 610 1686 Bohemiam
629 1617 672 1686 ad
689 1617 896 1705 regnandum
913 1617 1056 1708 ibidem,
1075 1616 1182 1685 Hain·

62 1716 122 1783 rico
146 1715 231 1784 duce
258 1717 425 1786 llarinthie
451 1717 613 1806 relutato,
644 1717 834 1804 adiungens
859 1718 923 1784 sibi
947 1717 1182 1802 Mogontinum

63 1814 338 1904 arehiepiscopum
355 1817 484 1884 Petrum
502 1823 535 1884 et
552 1816 718 1884 dominum
732 1815 908 1883 Rudelsum
926 1816 1106 1902 palatinum
1122 1832 1182 1882 co-

62 1915 159 1980 mitem
176 1914 261 1983 Reni
279 1915 319 1983 ad
338 1914 582 2002 subiugandam
599 1916 660 1983 sibi
680 1921 797 1983 terram
816 1921 847 1980 et
865 1915 1011 1980 barones
1030 1912 1182 1980 rebelles.

63 2010 149 2091 Quod
167 2019 199 2080 et
215 2013 338 2082 iactum
353 2021 413 2082 est.
439 2015 581 2082 Domino
599 2016 711 2101 itaque
727 2012 870 2080 Rudolio
890 2011 932 2079 ad
950 2018 1068 2079 terram
1089 2029 1183 2078 suam

63 2109 230 2202 redeunte,
248 2113 466 2200 Mogontinus
484 2113 606 2182 ibidem
624 2115 803 2202 permensit
821 2118 854 2180 et
871 2129 984 2198 regem
1001 2109 1184 2198 predictum

63 2216 130 2295 post
158 2211 323 2280 modicum
356 2214 513 2301 temporis
544 2215 577 2280 in
609 2214 742 2280 civitate
769 2212 931 2298 Progensi
955 2209 1184 2297 sollempniter

64 2312 233 2379 coronavit.
259 2311 419 2380 Dominus
442 2317 551 2380 autem
582 2309 757 2379 Heinricus
782 2328 841 2379 rex
864 2309 1084 2378 Romanorum
1102 2325 1183 2396 ρτε-

64 2405 170 2499 dictus,
190 2429 210 2478 a
230 2408 362 2480 domino
383 2409 551 2479 Clemente
566 2412 681 2498 quinto
699 2428 788 2499 papa
805 2411 839 2477 in
857 2425 962 2495 regno
981 2407 1183 2497 approbatus

64 2507 147 2575 etad
164 2527 321 2577 coronam
346 2511 471 2598 imperii
490 2528 549 2598 ρετ
566 2511 673 2597 ipsum
690 2511 861 2597 invitatae,
881 2507 990 2593 dirigit
1007 2509 1069 2574 iter
1087 2523 1183 2573 suum

64 2623 171 2675 versus
195 2608 349 2698 Ytaliam,
375 2614 409 2677 et
426 2610 460 2676 in
486 2602 702 2677 Lombardie¹
721 2608 854 2676 civitate
880 2605 1127 2674 Mediolanensi
1146 2621 1184 2670 se

62 2707 175 2793 recipit.
200 2706 265 2776 Ubi
283 2727 325 2776 ex
343 2707 489 2776 adventu
508 2724 570 2776 suo
589 2709 763 2775 maximum
781 2705 939 2792 gaudium
960 2703 1048 2772 clero
1063 2708 1100 2771 ‘et
1120 2719 1185 2790 po·

62 2804 133 2890 polo
149 2804 228 2896 luit,
256 2812 290 2874 et
306 2811 343 2875 ut
366 2805 484 2874 dicitnr
507 2805 656 2874 secunda
681 2823 807 2873 corona
831 2809 884 2872 est
901 2807 1098 2890 coronatus,
1116 2799 1185 2868 Pa-

63 2900 219 2991 daamque
236 2905 421 2973 Bononiam
441 2911 474 2973 et
491 2905 633 2973 Brixiam
651 2905 715 2971 sibi
735 2903 937 2989 subiugavit.

62 3099 165 3184 phano
183 3119 344 3190 germano
363 3120 445 3192 suo,
469 3119 632 3171 memores
658 3102 845 3169 iniuriarum
870 3099 932 3168 sibi
948 3099 1111 3168 illatarum
1128 3113 1188 3186 ρετ

63 3215 168 3285 regem
185 3201 358 3270 Albertum
374 3202 408 3270 in
426 3219 488 3270 suo
506 3201 666 3290 transitu,
693 3217 827 3268 necnon
855 3199 911 3266 lilii
930 3199 982 3267 sui
1001 3197 1097 3267 ducis
1115 3193 1187 3264 Aa·

63 3299 136 3366 strie
153 3301 187 3368 in
204 3301 340 3368 introitu
358 3305 391 3368 et
409 3301 498 3368 exitu
516 3299 558 3368 de
575 3299 743 3388 Ungaria,
763 3305 863 3385 atque
882 3298 1065 3385 spoliorum
1083 3301 1117 3362 et
1133 3313 1188 3361 ra-

62 3395 206 3481 pinarum
224 3417 289 3486 que
306 3398 503 3488 paciebatur
521 3404 606 3466 terra
624 3399 782 3466 continue
800 3414 860 3482 per
873 3413 955 3462 suos
975 3393 1189 3471 castellanos,

64 3495 145 3565 circa
162 3496 282 3565 testum
299 3498 390 3566 beati
406 3497 557 3566 Mauricii
576 3492 678 3586 [sept.
694 3492 758 3586 22]
777 3499 920 3561 castrum
937 3494 972 3560 in
989 3488 1190 3560 Neunburoh

65 3591 153 3662 dacis
172 3596 309 3664 Austrie
328 3595 504 3665 obsidione
523 3595 677 3681 cingunt3
696 3595 801 3681 primo
819 3609 878 3681 ρετ
895 3592 1032 3659 comites
1051 3588 1093 3656 de
1108 3585 1190 3657 Hals

65 3697 95 3758 et
109 3694 336 3764 vicedominos
362 3700 465 3783 terre,
491 3697 613 3782 postea
637 3697 844 3778 congregato
870 3690 1018 3758 exercitu
1035 3705 1109 3756 oum
1129 3705 1191 3754 sua

63 3795 232 3876 presencia
253 3811 362 3882 usque
387 3792 429 3861 ad
455 3793 634 3860 instantem
660 3791 784 3859 domini
808 3789 1023 3856 nativitatem.
1059 3786 1095 3853 ln
1123 3803 1190 3873 quo

64 3886 144 3960 testo
163 3893 228 3962 tale
248 3891 352 3979 frigus
372 3892 496 3960 exstitit
514 3891 566 3958 cui
581 3890 687 3958 simile
702 3907 776 3957 raro
790 3905 943 3975 umquam
959 3885 1106 3955 auditum
1123 3883 1192 3953 init.

131 3989 279 4060 Mcocn.
304 3992 435 4059 Bawari
462 3995 635 4058 manentes
661 3989 695 4056 in
728 3985 906 4055 obsidione
940 3985 1039 4053 castri
1070 3983 1191 4052 Neun-

64 4085 178 4180 buroh,
205 4109 264 4180 per
288 4089 472 4159 lassatores
500 4093 534 4155 et
559 4088 768 4174 argentarios
790 4084 969 4154 artitlciose
989 4084 1191 4152 elaboratam

64 4191 112 4253 est
133 4194 168 4256 ut
190 4191 223 4258 in
248 4187 301 4258 die
320 4187 495 4277 epiphanie
517 4182 598 4276 [ian.
619 4183 658 4276 6]
687 4186 767 4252 muri
791 4185 897 4272 ipsias
922 4185 1022 4254 castri
1040 4179 1191 4251 sublossi

96 4295 125 4361 l)
144 4295 312 4352 bombardia.
331 4295 433 4350 Rauclr.
