2888 4824
430 209 468 254 rx
489 207 617 254 unarum
638 207 761 256 rorone.
1091 180 1163 250 tot

27 345 162 416 victoria
182 345 296 414 hahita
313 345 493 432 ngariam
516 347 677 432 intrante,
698 361 758 414 rex
779 344 926 432 Ungarie
943 363 1004 434 per
1026 345 1161 436 legatos
1180 349 1248 408 tcto

28 463 139 534 pacem
166 445 289 534 querit,
316 450 421 513 terras
444 464 509 533 que
533 443 701 512 discordie
728 461 831 512 causa
857 443 989 512 fueraut
1009 447 1163 537 restituit,

30 551 59 614 et
72 545 106 612 in
121 542 267 612 surarum
282 544 463 612 amiciciam
485 544 692 612 matrimonio
712 541 879 612 mediante
898 543 1113 612 confirmavit.

95 641 201 710 Anno
225 642 349 712 domini
372 643 556 711 mcclxiii.
574 641 727 710 Urbanus
749 661 839 730 papa
865 648 1002 729 quartus
1024 661 1164 728 regnum

29 742 164 831 Spalis,
204 740 295 828 quod
318 741 527 810 hlainiredus
551 757 610 808 rex
639 740 763 829 sycilie
789 741 956 809 violenter
981 739 1163 832 detinebat,

28 841 142 908 llarolo
166 841 279 909 comiti
298 839 482 930 Provincia,
500 839 590 911 iratri
612 841 704 926 regis
719 839 876 928 Francia,
901 844 938 908 ut
964 838 1045 908 illud
1062 839 1105 908 ab
1120 857 1164 909 eo

30 940 181 1028 eriperet,
204 939 350 1008 contulit.

92 1035 197 1105 Anno
218 1036 343 1106 domini
360 1037 552 1106 m.cc.lx.iiii.
576 1041 725 1104 cometes
743 1040 808 1104 tam
824 1035 981 1105 motabilis
1002 1038 1163 1128 apparuit,

32 1136 152 1223 qualem
177 1137 290 1204 nullus
315 1138 435 1204 vivens
460 1142 537 1203 ante
565 1134 657 1202 vidit.
697 1132 751 1203 Ab
781 1136 907 1204 oriente
938 1153 1057 1223 nempe
1088 1154 1164 1205 cum

29 1252 143 1320 magno
162 1234 299 1322 fulgore
313 1252 458 1321 surgens
475 1251 583 1321 usquc
601 1233 643 1302 ad
657 1231 801 1301 medium
818 1234 1029 1322 hemispherii
1044 1252 1164 1304 versus

30 1331 233 1401 occidentem
257 1351 384 1403 comam
410 1331 610 1422 perlucidam
626 1331 850 1421 protrahebat.
886 1331 929 1400 Et
950 1334 1027 1401 lioet
1045 1335 1080 1400 in
1107 1334 1165 1402 di·-

30 1433 126 1498 versis
143 1431 299 1520 partibus
323 1431 436 1500 mundi
456 1431 541 1500 forte
562 1431 665 1500 multa
687 1431 942 1521 significaverit,
965 1432 1031 1499 hoc
1053 1438 1163 1501 tamen
1203 1485 1213 1494 .

31 1549 120 1598 unum
141 1548 207 1618 pro
229 1541 320 1600 certo
336 1537 539 1619 compertum
564 1536 633 1620 est,
656 1535 692 1598 ut
707 1547 781 1598 cum
796 1531 872 1618 plus
891 1547 990 1618 quam
1015 1537 1163 1618 perires

31 1647 155 1696 menses
173 1628 360 1719 duraverit,
381 1631 457 1716 ipso
473 1631 577 1717 pm‘rno
598 1633 799 1717 apparente,
822 1647 911 1717 papa
924 1629 1079 1698 Urbanus
1102 1647 1164 1698 oe·

31 1729 70 1814 pit
82 1728 258 1817 infirmari,
284 1733 319 1798 et
332 1727 450 1798 cadem
467 1733 567 1796 noete
583 1745 650 1815 qua
663 1745 751 1816 papa
769 1729 968 1819 exspiravit,
993 1734 1028 1796 et
1044 1745 1163 1798 come-

30 1831 74 1893 tes
89 1825 263 1914 disparuit.

93 1921 194 1994 Anno
219 1925 342 1994 domiui
366 1925 535 1994 m.cc.lx.v.
564 1924 734 1994 Predictus
751 1923 912 2014 Karalus,
939 1925 995 2013 qui
1019 1941 1080 2013 pro
1103 1943 1163 1994 re-

33 2026 239 2110 cuperatione
265 2025 360 2111 regni
387 2024 511 2113 Syoilie
528 2041 589 2112 per
605 2041 726 2112 papam
743 2021 912 2092 Urbanum
931 2028 1081 2110 quartum
1098 2042 1163 2094 vo-

34 2128 117 2190 catus
135 2121 265 2212 luerat,
289 2122 442 2212 Romam,
464 2121 521 2190 uhi
539 2127 618 2190 tunc
634 2123 669 2190 in
687 2127 878 2191 senatorem
896 2122 1024 2190 electus
1043 2121 1161 2213 iuerat,

34 2221 160 2306 navigio
187 2223 290 2290 venit.
324 2221 466 2290 Domum
490 2221 524 2288 in
541 2219 695 2309 Apuliam
712 2221 855 2310 intrans,
874 2220 964 2290 bello
983 2223 1162 2310 campestri

34 2316 153 2410 habito,
181 2319 369 2408 predictum
392 2318 613 2390 Meinlredum
632 2325 666 2388 et
679 2336 786 2405 regno
804 2325 838 2387 et
854 2321 922 2388 vita
938 2321 1088 2408 privavit

97 2415 197 2488 Anno
217 2418 342 2488 domini
359 2419 541 2488 m.oc.lx.vi.
568 2415 675 2499 Quam
691 2417 831 2506 plurima
847 2417 1021 2487 multitudo
1041 2418 1161 2488 Sarra-

37 2530 201 2608 cenorum,
229 2536 271 2586 ex
295 2515 407 2587 Airica
433 2522 695 2607 perangustum
717 2534 808 2585 maro
832 2517 999 2585 transiens
1016 2518 1051 2585 in
1068 2515 1162 2604 Hys-

34 2615 160 2705 paniaS,
188 2622 224 2684 et
250 2616 397 2685 adiuncti
426 2617 619 2686 Sarracenis
645 2617 679 2684 in
696 2613 886 2704 Hyspania‚
914 2633 1067 2702 maguam
1085 2615 1162 2702 pla-

38 2727 101 2794 gam
118 2715 152 2781 in
168 2715 376 2784 Christianos
395 2718 626 2803 exercuerunt,
640 2712 856 2783 intendentes
874 2731 972 2800 quarn
991 2715 1067 2782 olim
1080 2731 1162 2801 per-

38 2807 178 2880 diderant
202 2832 400 2902 recuperare
426 2813 643 2903 Hyspaniam.
670 2810 740 2882 Sed
757 2811 885 2879 illarum
902 2813 1044 2900 partium
1062 2811 1164 2880 Chri-

41 2909 125 2976 stiaui
144 2911 301 3002 adunati,
327 2932 400 2982 oum
428 2930 525 2982 cruce
552 2911 760 2997 signatorum
783 2927 827 2978 ex
852 2909 995 2979 diversis
1013 2909 1163 2998 partibus

40 3009 148 3078 auxilio
158 3003 181 3100 ¹,
204 3011 288 3080 licet
310 3029 384 3080 oum
407 3011 511 3080 multo
538 3009 799 3079 Christianomm
816 3010 1001 3100 sanguina,
1021 3007 1063 3078 de
1082 3008 1163 3078 Sar-

40 3109 154 3176 raccuis
173 3110 465 3198 triumphavemnt.
836 3109 838 3112 ’

101 3203 199 3276 Anno
228 3207 352 3278 domiui
369 3209 561 3278 m.oc.lx.vii.
589 3208 759 3278 Soldauus
779 3207 984 3298 Babylonio,
1008 3203 1163 3276 Armenia

42 3309 168 3395 vastata,
193 3303 413 3395 hntyochiam
431 3325 530 3376 unam
550 3307 592 3376 de
610 3306 845 3376 famosioribus
864 3304 1054 3374 civitatibus
1073 3304 1162 3372 orbis

43 3401 135 3491 cepit,
161 3410 195 3472 et
213 3411 278 3473 tam
295 3407 375 3475 viris
401 3425 499 3495 quarn
525 3406 715 3475 mulieribus
740 3404 880 3494 occisis,
898 3406 1005 3493 ipsam
1022 3405 1056 3470 in
1075 3403 1163 3470 soli-

42 3497 324 3591 tudinemredegit.
731 3530 734 3536 ·

104 3597 199 3670 Anno
218 3602 341 3672 domini
358 3603 563 3674 m.oo.lx.viii.
587 3601 760 3671 Conradus
784 3618 892 3689 nepos
911 3599 987 3668 olim
1005 3597 1162 3666 Friderioi

44 3690 250 3792 inperatoris,
277 3703 370 3791 parvi
394 3703 549 3790 pendens
577 3701 700 3770 domiui
727 3718 815 3790 pape
842 3699 1161 3766 excommunicatio-
1230 3709 1234 3718 ’

44 3806 123 3883 uem,
147 3807 263 3868 contra
289 3801 457 3869 dominum
483 3799 658 3889 llarolum,
677 3817 775 3888 quem
794 3797 940 3866 ecclesia
958 3814 1071 3882 regem
1090 3796 1161 3884 Sy-

46 3889 105 3958 oilie
127 3894 267 3989 iecerat,
294 3901 493 3989 insurgens,
520 3898 563 3966 ad
591 3899 795 3967 Tectonicos
821 3913 909 3983 quos
927 3895 1041 3964 habuit
1063 3913 1161 3982 quam

46 3986 185 4071 plurimos
199 3997 396 4067 Lomhardis
415 4004 449 4067 et
468 3999 588 4066 Tuscis
606 3996 784 4086 adiunctis,
803 3994 955 4083 pervenit
971 4011 1078 4082 usquc
1091 3991 1161 4062 Ro-

74 4131 99 4208 1)
115 4135 218 4192 adunati
236 4137 306 4193 steht
324 4137 384 4194 hier
402 4139 541 4194 nochmals
558 4140 586 4194 iu
612 4137 661 4194 der
678 4137 731 4205 ha,
749 4135 833 4191 adiuti
850 4136 887 4190 im
905 4133 991 4191 druch
1010 4151 1064 4191 vcu
1084 4135 1160 4200 1559,

46 4192 122 4256 irrides
137 4203 305 4278 ilbertir'rscig.
