<?xml version="1.0" encoding="UTF-8"?>
<!DOCTYPE html PUBLIC "-//W3C//DTD XHTML 1.0 Transitional//EN"
    "http://www.w3.org/TR/xhtml1/DTD/xhtml1-transitional.dtd">
<html xmlns="http://www.w3.org/1999/xhtml" xml:lang="en" lang="en">
 <head>
  <title>
</title>
<meta http-equiv="Content-Type" content="text/html;charset=utf-8" />
  <meta name='ocr-system' content='tesseract 3.04.00' />
  <meta name='ocr-capabilities' content='ocr_page ocr_carea ocr_par ocr_line ocrx_word'/>
</head>
<body>
  <div class='ocr_page' id='page_1' title='image "./fontesrerumgerm00hubegoog_0336.png"; bbox 0 0 2878 4834; ppageno 0'>
   <div class='ocr_carea' id='block_1_1' title="bbox 366 264 1150 346">
    <p class='ocr_par' dir='ltr' id='par_1_1' title="bbox 366 264 1150 346">
     <span class='ocr_line' id='line_1_1' title="bbox 366 264 1150 346; baseline -0.01 -2"><span class='ocrx_word' id='word_1_1' title='bbox 366 297 500 346; x_wconf 74' lang='lat' dir='ltr'>curemur</span> <span class='ocrx_word' id='word_1_2' title='bbox 520 299 586 346; x_wconf 81' lang='lat' dir='ltr'>car.</span> <span class='ocrx_word' id='word_1_3' title='bbox 607 298 672 346; x_wconf 79' lang='lat' dir='ltr'>arr.</span> <span class='ocrx_word' id='word_1_4' title='bbox 693 297 795 346; x_wconf 79' lang='lat' dir='ltr'>conor.</span> <span class='ocrx_word' id='word_1_5' title='bbox 1079 264 1150 338; x_wconf 86' lang='grc'>273</span> 
     </span>
    </p>
   </div>
   <div class='ocr_carea' id='block_1_2' title="bbox 31 434 1152 708">
    <p class='ocr_par' dir='ltr' id='par_1_2' title="bbox 31 434 1152 708">
     <span class='ocr_line' id='line_1_2' title="bbox 32 434 1152 512; baseline -0.003 -2"><span class='ocrx_word' id='word_1_6' title='bbox 32 438 227 512; x_wconf 91' lang='lat' dir='ltr'>reconciliari</span> <span class='ocrx_word' id='word_1_7' title='bbox 238 435 350 506; x_wconf 92' lang='lat' dir='ltr'>valuit.</span> <span class='ocrx_word' id='word_1_8' title='bbox 362 436 486 505; x_wconf 85' lang='lat' dir='ltr'>Ferunt</span> <span class='ocrx_word' id='word_1_9' title='bbox 501 437 619 506; x_wconf 90' lang='lat' dir='ltr'>iterum</span> <span class='ocrx_word' id='word_1_10' title='bbox 636 453 710 504; x_wconf 90' lang='lat' dir='ltr'>eum</span> <span class='ocrx_word' id='word_1_11' title='bbox 727 434 875 506; x_wconf 91' lang='lat' dir='ltr'>divinum</span> <span class='ocrx_word' id='word_1_12' title='bbox 892 435 1036 506; x_wconf 88' lang='lat' dir='ltr'>officium</span> <span class='ocrx_word' id='word_1_13' title='bbox 1050 455 1152 507; x_wconf 88' lang='lat' dir='ltr'>usur-</span> 
     </span>
     <span class='ocr_line' id='line_1_3' title="bbox 31 534 1151 630; baseline -0.002 -22"><span class='ocrx_word' id='word_1_14' title='bbox 31 559 100 630; x_wconf 89' lang='lat' dir='ltr'>pare</span> <span class='ocrx_word' id='word_1_15' title='bbox 116 540 286 607; x_wconf 89' lang='lat' dir='ltr'>volentem</span> <span class='ocrx_word' id='word_1_16' title='bbox 303 535 391 624; x_wconf 89' lang='lat' dir='ltr'>apud</span> <span class='ocrx_word' id='word_1_17' title='bbox 404 535 547 603; x_wconf 89' lang='lat' dir='ltr'>Xantum</span> <span class='ocrx_word' id='word_1_18' title='bbox 567 535 609 604; x_wconf 93' lang='lat' dir='ltr'>ab</span> <span class='ocrx_word' id='word_1_19' title='bbox 627 534 751 622; x_wconf 87' lang='lat' dir='ltr'>angelo</span> <span class='ocrx_word' id='word_1_20' title='bbox 768 537 874 604; x_wconf 90' lang='lat' dir='ltr'>sacris</span> <span class='ocrx_word' id='word_1_21' title='bbox 893 536 1043 605; x_wconf 87' lang='lat' dir='ltr'>vestibus</span> <span class='ocrx_word' id='word_1_22' title='bbox 1062 555 1151 607; x_wconf 84' lang='lat' dir='ltr'>exn-</span> 
     </span>
     <span class='ocr_line' id='line_1_4' title="bbox 32 635 540 708; baseline -0.008 0"><span class='ocrx_word' id='word_1_23' title='bbox 32 648 87 708; x_wconf 93' lang='lat' dir='ltr'>lum</span> <span class='ocrx_word' id='word_1_24' title='bbox 104 643 136 706; x_wconf 91' lang='lat' dir='ltr'>et</span> <span class='ocrx_word' id='word_1_25' title='bbox 160 644 239 705; x_wconf 91' lang='lat' dir='ltr'>ante</span> <span class='ocrx_word' id='word_1_26' title='bbox 256 635 357 702; x_wconf 86' lang='lat' dir='ltr'>altare</span> <span class='ocrx_word' id='word_1_27' title='bbox 381 636 540 704; x_wconf 90' lang='lat' dir='ltr'>occisum.</span> 
     </span>
    </p>
   </div>
   <div class='ocr_carea' id='block_1_3' title="bbox 92 731 1267 805">
    <p class='ocr_par' dir='ltr' id='par_1_3' title="bbox 92 731 1267 805">
     <span class='ocr_line' id='line_1_5' title="bbox 92 731 1267 805; baseline 0 -2"><span class='ocrx_word' id='word_1_28' title='bbox 92 737 167 805; x_wconf 86' lang='lat' dir='ltr'>xxii.</span> <span class='ocrx_word' id='word_1_29' title='bbox 186 734 391 802; x_wconf 77' lang='lat' dir='ltr'>willibertus</span> <span class='ocrx_word' id='word_1_30' title='bbox 411 733 474 801; x_wconf 92' lang='lat' dir='ltr'>sub</span> <span class='ocrx_word' id='word_1_31' title='bbox 496 733 619 803; x_wconf 88' lang='lat' dir='ltr'>Karolo</span> <span class='ocrx_word' id='word_1_32' title='bbox 636 733 774 801; x_wconf 90' lang='lat' dir='ltr'>iuniore.</span> <span class='ocrx_word' id='word_1_33' title='bbox 817 731 880 801; x_wconf 88' lang='lat' dir='ltr'>Hic</span> <span class='ocrx_word' id='word_1_34' title='bbox 906 732 1039 802; x_wconf 92' lang='lat' dir='ltr'>domum</span> <span class='ocrx_word' id='word_1_35' title='bbox 1063 733 1153 803; x_wconf 89' lang='lat' dir='ltr'>beati</span> <span class='ocrx_word' id='word_1_36' title='bbox 1263 741 1267 748; x_wconf 87' lang='lat'>&#39;</span> 
     </span>
    </p>
   </div>
   <div class='ocr_carea' id='block_1_4' title="bbox 33 831 1154 1342">
    <p class='ocr_par' dir='ltr' id='par_1_4' title="bbox 33 831 824 918">
     <span class='ocr_line' id='line_1_6' title="bbox 33 831 824 918; baseline -0.009 -13"><span class='ocrx_word' id='word_1_37' title='bbox 33 836 105 905; x_wconf 89' lang='lat' dir='ltr'>Petri</span> <span class='ocrx_word' id='word_1_38' title='bbox 118 833 261 903; x_wconf 85' lang='lat' dir='ltr'>Colonia</span> <span class='ocrx_word' id='word_1_39' title='bbox 275 831 451 900; x_wconf 88' lang='lat' dir='ltr'>dedicavit.</span> <span class='ocrx_word' id='word_1_40' title='bbox 478 831 572 900; x_wconf 91' lang='lat' dir='ltr'>Sedit</span> <span class='ocrx_word' id='word_1_41' title='bbox 585 833 681 900; x_wconf 92' lang='lat' dir='ltr'>annis</span> <span class='ocrx_word' id='word_1_42' title='bbox 697 833 824 918; x_wconf 82' lang='lat' dir='ltr'>viginti.</span> 
     </span>
    </p>

    <p class='ocr_par' dir='ltr' id='par_1_5' title="bbox 35 927 1153 1198">
     <span class='ocr_line' id='line_1_7' title="bbox 92 927 1153 1021; baseline -0.001 -21"><span class='ocrx_word' id='word_1_43' title='bbox 92 934 182 1000; x_wconf 86' lang='lat' dir='ltr'>xxiii.</span> <span class='ocrx_word' id='word_1_44' title='bbox 201 932 423 1021; x_wconf 80' lang='lat' dir='ltr'>HermannuS‚</span> <span class='ocrx_word' id='word_1_45' title='bbox 444 949 541 1018; x_wconf 87' lang='lat' dir='ltr'>qoem</span> <span class='ocrx_word' id='word_1_46' title='bbox 557 931 645 1018; x_wconf 90' lang='lat' dir='ltr'>pium</span> <span class='ocrx_word' id='word_1_47' title='bbox 664 937 798 1020; x_wconf 86' lang='lat' dir='ltr'>vocant,</span> <span class='ocrx_word' id='word_1_48' title='bbox 818 929 880 998; x_wconf 93' lang='lat' dir='ltr'>sub</span> <span class='ocrx_word' id='word_1_49' title='bbox 895 927 1069 1018; x_wconf 85' lang='lat' dir='ltr'>Arnulpbo</span> <span class='ocrx_word' id='word_1_50' title='bbox 1083 929 1153 999; x_wconf 91' lang='lat' dir='ltr'>Lu-</span> 
     </span>
     <span class='ocr_line' id='line_1_8' title="bbox 35 1028 1153 1119; baseline -0.002 -19"><span class='ocrx_word' id='word_1_51' title='bbox 35 1032 151 1101; x_wconf 89' lang='lat' dir='ltr'>deuicc</span> <span class='ocrx_word' id='word_1_52' title='bbox 171 1036 206 1099; x_wconf 93' lang='lat' dir='ltr'>et</span> <span class='ocrx_word' id='word_1_53' title='bbox 222 1028 376 1099; x_wconf 85' lang='lat' dir='ltr'>Conrado</span> <span class='ocrx_word' id='word_1_54' title='bbox 394 1028 658 1118; x_wconf 74' lang='lat' dir='ltr'><strong>imperatoribus.</strong></span> <span class='ocrx_word' id='word_1_55' title='bbox 685 1028 780 1098; x_wconf 80' lang='lat' dir='ltr'>Sedit</span> <span class='ocrx_word' id='word_1_56' title='bbox 796 1029 893 1097; x_wconf 91' lang='lat' dir='ltr'>annis</span> <span class='ocrx_word' id='word_1_57' title='bbox 910 1047 1018 1119; x_wconf 82' lang='lat' dir='ltr'>xxxv,</span> <span class='ocrx_word' id='word_1_58' title='bbox 1036 1029 1153 1119; x_wconf 90' lang='lat' dir='ltr'>scpul-</span> 
     </span>
     <span class='ocr_line' id='line_1_9' title="bbox 37 1129 478 1198; baseline -0.007 0"><span class='ocrx_word' id='word_1_59' title='bbox 37 1139 79 1198; x_wconf 90' lang='lat' dir='ltr'>tus</span> <span class='ocrx_word' id='word_1_60' title='bbox 94 1132 125 1198; x_wconf 90' lang='lat' dir='ltr'>in</span> <span class='ocrx_word' id='word_1_61' title='bbox 143 1129 246 1198; x_wconf 93' lang='lat' dir='ltr'>domo</span> <span class='ocrx_word' id='word_1_62' title='bbox 260 1129 367 1197; x_wconf 92' lang='lat' dir='ltr'>sancti</span> <span class='ocrx_word' id='word_1_63' title='bbox 382 1129 478 1197; x_wconf 90' lang='lat' dir='ltr'>Petri</span> 
     </span>
    </p>

    <p class='ocr_par' dir='ltr' id='par_1_6' title="bbox 94 1224 1154 1342">
     <span class='ocr_line' id='line_1_10' title="bbox 94 1224 1154 1342; baseline -0.002 -44"><span class='ocrx_word' id='word_1_64' title='bbox 94 1230 195 1342; x_wconf 52' lang='lat' dir='ltr'>xxiiii:</span> <span class='ocrx_word' id='word_1_65' title='bbox 214 1225 396 1296; x_wconf 85' lang='lat' dir='ltr'>Wiclridus</span> <span class='ocrx_word' id='word_1_66' title='bbox 420 1226 483 1296; x_wconf 92' lang='lat' dir='ltr'>sub</span> <span class='ocrx_word' id='word_1_67' title='bbox 508 1224 666 1295; x_wconf 90' lang='lat' dir='ltr'>Heinrico</span> <span class='ocrx_word' id='word_1_68' title='bbox 692 1227 807 1316; x_wconf 90' lang='lat' dir='ltr'>primo.</span> <span class='ocrx_word' id='word_1_69' title='bbox 845 1225 941 1296; x_wconf 89' lang='lat' dir='ltr'>Sedit</span> <span class='ocrx_word' id='word_1_70' title='bbox 960 1227 995 1294; x_wconf 89' lang='lat' dir='ltr'>in</span> <span class='ocrx_word' id='word_1_71' title='bbox 1017 1226 1154 1315; x_wconf 88' lang='lat' dir='ltr'>episco-</span> 
     </span>
    </p>
   </div>
   <div class='ocr_carea' id='block_1_5' title="bbox 93 1421 1156 1514">
    <p class='ocr_par' dir='ltr' id='par_1_7' title="bbox 93 1421 1156 1514">
     <span class='ocr_line' id='line_1_11' title="bbox 93 1421 1156 1514; baseline -0.003 -20"><span class='ocrx_word' id='word_1_72' title='bbox 93 1445 167 1495; x_wconf 85' lang='lat' dir='ltr'>xxv</span> <span class='ocrx_word' id='word_1_73' title='bbox 181 1425 295 1493; x_wconf 92' lang='lat' dir='ltr'>Bruno</span> <span class='ocrx_word' id='word_1_74' title='bbox 310 1424 372 1492; x_wconf 92' lang='lat' dir='ltr'>sub</span> <span class='ocrx_word' id='word_1_75' title='bbox 391 1421 514 1493; x_wconf 89' lang='lat' dir='ltr'>Ottone</span> <span class='ocrx_word' id='word_1_76' title='bbox 528 1424 644 1514; x_wconf 91' lang='lat' dir='ltr'>primo,</span> <span class='ocrx_word' id='word_1_77' title='bbox 661 1424 754 1492; x_wconf 91' lang='lat' dir='ltr'>cuius</span> <span class='ocrx_word' id='word_1_78' title='bbox 771 1430 804 1492; x_wconf 90' lang='lat' dir='ltr'>et</span> <span class='ocrx_word' id='word_1_79' title='bbox 819 1424 892 1512; x_wconf 90' lang='lat' dir='ltr'>ipse</span> <span class='ocrx_word' id='word_1_80' title='bbox 908 1423 1007 1494; x_wconf 87' lang='lat' dir='ltr'>irater</span> <span class='ocrx_word' id='word_1_81' title='bbox 1022 1424 1156 1494; x_wconf 77' lang='lat' dir='ltr'>exstitit.</span> 
     </span>
    </p>
   </div>
   <div class='ocr_carea' id='block_1_6' title="bbox 35 1521 1277 1612">
    <p class='ocr_par' dir='ltr' id='par_1_8' title="bbox 35 1521 1277 1612">
     <span class='ocr_line' id='line_1_12' title="bbox 35 1521 1277 1612; baseline -0.002 -21"><span class='ocrx_word' id='word_1_82' title='bbox 35 1525 84 1592; x_wconf 88' lang='lat' dir='ltr'>Hic</span> <span class='ocrx_word' id='word_1_83' title='bbox 96 1542 151 1612; x_wconf 91' lang='lat' dir='ltr'>pre</span> <span class='ocrx_word' id='word_1_84' title='bbox 167 1526 291 1592; x_wconf 90' lang='lat' dir='ltr'>celeris</span> <span class='ocrx_word' id='word_1_85' title='bbox 307 1523 578 1592; x_wconf 78' lang='lat' dir='ltr'>antecessoribus</span> <span class='ocrx_word' id='word_1_86' title='bbox 595 1524 666 1591; x_wconf 90' lang='lat' dir='ltr'>suis</span> <span class='ocrx_word' id='word_1_87' title='bbox 677 1521 912 1592; x_wconf 88' lang='lat' dir='ltr'>Coloniensem</span> <span class='ocrx_word' id='word_1_88' title='bbox 929 1523 1156 1612; x_wconf 91' lang='lat' dir='ltr'>episcopatum</span> <span class='ocrx_word' id='word_1_89' title='bbox 1273 1579 1277 1588; x_wconf 94' lang='lat'>.</span> 
     </span>
    </p>
   </div>
   <div class='ocr_carea' id='block_1_7' title="bbox 37 1621 1157 2010">
    <p class='ocr_par' dir='ltr' id='par_1_9' title="bbox 37 1621 1157 2010">
     <span class='ocr_line' id='line_1_13' title="bbox 39 1621 1156 1712; baseline 0 -22"><span class='ocrx_word' id='word_1_90' title='bbox 39 1623 198 1711; x_wconf 88' lang='lat' dir='ltr'>ampliavit.</span> <span class='ocrx_word' id='word_1_91' title='bbox 238 1622 321 1690; x_wconf 94' lang='lat' dir='ltr'>Nam</span> <span class='ocrx_word' id='word_1_92' title='bbox 348 1628 458 1712; x_wconf 87' lang='lat' dir='ltr'>preter</span> <span class='ocrx_word' id='word_1_93' title='bbox 480 1622 543 1690; x_wconf 90' lang='lat' dir='ltr'>alia</span> <span class='ocrx_word' id='word_1_94' title='bbox 570 1621 690 1711; x_wconf 85' lang='lat' dir='ltr'>quibus</span> <span class='ocrx_word' id='word_1_95' title='bbox 714 1623 859 1692; x_wconf 85' lang='lat' dir='ltr'>ecclesie</span> <span class='ocrx_word' id='word_1_96' title='bbox 885 1622 1025 1712; x_wconf 84' lang='lat' dir='ltr'>proluit,</span> <span class='ocrx_word' id='word_1_97' title='bbox 1058 1623 1156 1690; x_wconf 88' lang='lat' dir='ltr'>etiarn</span> 
     </span>
     <span class='ocr_line' id='line_1_14' title="bbox 37 1717 1156 1809; baseline -0.001 -21"><span class='ocrx_word' id='word_1_98' title='bbox 37 1721 171 1790; x_wconf 91' lang='lat' dir='ltr'>ducatum</span> <span class='ocrx_word' id='word_1_99' title='bbox 195 1719 407 1789; x_wconf 78' lang='lat' dir='ltr'>laudabiliter</span> <span class='ocrx_word' id='word_1_100' title='bbox 432 1726 592 1790; x_wconf 87' lang='lat' dir='ltr'>retentum</span> <span class='ocrx_word' id='word_1_101' title='bbox 617 1717 870 1792; x_wconf 81' lang='lat' dir='ltr'>successoribus</span> <span class='ocrx_word' id='word_1_102' title='bbox 895 1722 1037 1809; x_wconf 88' lang='lat' dir='ltr'>reliquit.</span> <span class='ocrx_word' id='word_1_103' title='bbox 1073 1719 1156 1788; x_wconf 89' lang='lat' dir='ltr'>Cor·</span> 
     </span>
     <span class='ocr_line' id='line_1_15' title="bbox 38 1818 1157 1909; baseline 0 -23"><span class='ocrx_word' id='word_1_104' title='bbox 38 1838 87 1907; x_wconf 88' lang='lat' dir='ltr'>pus</span> <span class='ocrx_word' id='word_1_105' title='bbox 114 1821 212 1888; x_wconf 89' lang='lat' dir='ltr'>etiam</span> <span class='ocrx_word' id='word_1_106' title='bbox 242 1821 350 1889; x_wconf 90' lang='lat' dir='ltr'>sancti</span> <span class='ocrx_word' id='word_1_107' title='bbox 379 1819 546 1906; x_wconf 85' lang='lat' dir='ltr'>Euergisli</span> <span class='ocrx_word' id='word_1_108' title='bbox 569 1818 741 1888; x_wconf 86' lang='lat' dir='ltr'>Coloniam</span> <span class='ocrx_word' id='word_1_109' title='bbox 768 1819 916 1909; x_wconf 87' lang='lat' dir='ltr'>reduxit,</span> <span class='ocrx_word' id='word_1_110' title='bbox 947 1826 980 1888; x_wconf 90' lang='lat' dir='ltr'>ct</span> <span class='ocrx_word' id='word_1_111' title='bbox 1003 1819 1157 1887; x_wconf 91' lang='lat' dir='ltr'>baculum</span> 
     </span>
     <span class='ocr_line' id='line_1_16' title="bbox 39 1918 1156 2010; baseline 0.002 -27"><span class='ocrx_word' id='word_1_112' title='bbox 39 1918 110 1985; x_wconf 87' lang='lat' dir='ltr'>beati</span> <span class='ocrx_word' id='word_1_113' title='bbox 127 1919 214 1987; x_wconf 90' lang='lat' dir='ltr'>Petri</span> <span class='ocrx_word' id='word_1_114' title='bbox 230 1919 376 2007; x_wconf 90' lang='lat' dir='ltr'>apostoli</span> <span class='ocrx_word' id='word_1_115' title='bbox 395 1937 416 1987; x_wconf 92' lang='lat' dir='ltr'>a</span> <span class='ocrx_word' id='word_1_116' title='bbox 433 1919 643 1988; x_wconf 89' lang='lat' dir='ltr'>Meteosibus</span> <span class='ocrx_word' id='word_1_117' title='bbox 657 1918 811 2010; x_wconf 83' lang='lat' dir='ltr'>ablatum,</span> <span class='ocrx_word' id='word_1_118' title='bbox 827 1937 924 2007; x_wconf 89' lang='lat' dir='ltr'>quem</span> <span class='ocrx_word' id='word_1_119' title='bbox 939 1919 1156 1986; x_wconf 86' lang='lat' dir='ltr'>Trevirenses</span> 
     </span>
    </p>
   </div>
   <div class='ocr_carea' id='block_1_8' title="bbox 40 2017 1293 2107">
    <p class='ocr_par' dir='ltr' id='par_1_10' title="bbox 40 2017 1293 2107">
     <span class='ocr_line' id='line_1_17' title="bbox 40 2017 1293 2107; baseline 0 -23"><span class='ocrx_word' id='word_1_120' title='bbox 40 2035 97 2084; x_wconf 91' lang='lat' dir='ltr'>cum</span> <span class='ocrx_word' id='word_1_121' title='bbox 119 2018 296 2086; x_wconf 91' lang='lat' dir='ltr'>multorum</span> <span class='ocrx_word' id='word_1_122' title='bbox 317 2023 508 2086; x_wconf 87' lang='lat' dir='ltr'>sanctorum</span> <span class='ocrx_word' id='word_1_123' title='bbox 536 2017 682 2105; x_wconf 82' lang='lat' dir='ltr'>reliquiis</span> <span class='ocrx_word' id='word_1_124' title='bbox 710 2019 788 2086; x_wconf 91' lang='lat' dir='ltr'>illuc</span> <span class='ocrx_word' id='word_1_125' title='bbox 821 2023 967 2107; x_wconf 90' lang='lat' dir='ltr'>tempore</span> <span class='ocrx_word' id='word_1_126' title='bbox 990 2033 1157 2105; x_wconf 89' lang='lat' dir='ltr'>persecu·</span> <span class='ocrx_word' id='word_1_127' title='bbox 1283 2041 1293 2048; x_wconf 96' lang='lat'>·</span> 
     </span>
    </p>
   </div>
   <div class='ocr_carea' id='block_1_9' title="bbox 39 2115 1157 2206">
    <p class='ocr_par' dir='ltr' id='par_1_11' title="bbox 39 2115 1157 2206">
     <span class='ocr_line' id='line_1_18' title="bbox 39 2115 1157 2206; baseline 0.002 -26"><span class='ocrx_word' id='word_1_128' title='bbox 39 2117 121 2183; x_wconf 91' lang='lat' dir='ltr'>tionis</span> <span class='ocrx_word' id='word_1_129' title='bbox 143 2117 324 2206; x_wconf 90' lang='lat' dir='ltr'>miserant,</span> <span class='ocrx_word' id='word_1_130' title='bbox 356 2116 494 2186; x_wconf 85' lang='lat' dir='ltr'>Colonia</span> <span class='ocrx_word' id='word_1_131' title='bbox 515 2115 642 2185; x_wconf 89' lang='lat' dir='ltr'>detulit.</span> <span class='ocrx_word' id='word_1_132' title='bbox 677 2115 859 2185; x_wconf 86' lang='lat' dir='ltr'>Cenobium</span> <span class='ocrx_word' id='word_1_133' title='bbox 884 2133 1019 2205; x_wconf 84' lang='lat' dir='ltr'>quoque</span> <span class='ocrx_word' id='word_1_134' title='bbox 1049 2115 1157 2184; x_wconf 92' lang='lat' dir='ltr'>sancti</span> 
     </span>
    </p>
   </div>
   <div class='ocr_carea' id='block_1_10' title="bbox 40 2169 1157 2381">
    <p class='ocr_par' dir='ltr' id='par_1_12' title="bbox 40 2169 1157 2381">
     <span class='ocr_line' id='line_1_19' title="bbox 40 2169 1157 2381; baseline 0.003 -102"><span class='ocrx_word' id='word_1_135' title='bbox 40 2213 236 2381; x_wconf 52' lang='lat' dir='ltr'>ganhdeonis</span> <span class='ocrx_word' id='word_1_136' title='bbox 262 2169 422 2305; x_wconf 87' lang='lat' dir='ltr'>instituit,</span> <span class='ocrx_word' id='word_1_137' title='bbox 448 2216 483 2284; x_wconf 92' lang='lat' dir='ltr'>in</span> <span class='ocrx_word' id='word_1_138' title='bbox 505 2233 572 2304; x_wconf 86' lang='lat' dir='ltr'>quo</span> <span class='ocrx_word' id='word_1_139' title='bbox 598 2220 633 2284; x_wconf 90' lang='lat' dir='ltr'>ct</span> <span class='ocrx_word' id='word_1_140' title='bbox 656 2216 809 2305; x_wconf 90' lang='lat' dir='ltr'>sepultus</span> <span class='ocrx_word' id='word_1_141' title='bbox 834 2222 896 2285; x_wconf 89' lang='lat' dir='ltr'>est</span> <span class='ocrx_word' id='word_1_142' title='bbox 944 2213 1038 2283; x_wconf 88' lang='lat' dir='ltr'>Sedit</span> <span class='ocrx_word' id='word_1_143' title='bbox 1058 2215 1157 2282; x_wconf 90' lang='lat' dir='ltr'>annis</span> 
     </span>
     <span class='ocr_line' id='line_1_20' title="bbox 58 2329 197 2381; baseline 0.029 -4"><span class='ocrx_word' id='word_1_144' title='bbox 58 2329 92 2378; x_wconf 92' lang='lat' dir='ltr'>uo</span> <span class='ocrx_word' id='word_1_145' title='bbox 116 2331 197 2381; x_wconf 91' lang='lat' dir='ltr'>ecrm</span> 
     </span>
    </p>
   </div>
   <div class='ocr_carea' id='block_1_11' title="bbox 42 2408 1159 2992">
    <p class='ocr_par' dir='ltr' id='par_1_13' title="bbox 43 2408 1159 2599">
     <span class='ocr_line' id='line_1_21' title="bbox 100 2408 1159 2504; baseline -0.002 -24"><span class='ocrx_word' id='word_1_146' title='bbox 100 2414 183 2480; x_wconf 84' lang='lat' dir='ltr'>xxvi.</span> <span class='ocrx_word' id='word_1_147' title='bbox 208 2412 399 2481; x_wconf 88' lang='lat' dir='ltr'>Folcmarus</span> <span class='ocrx_word' id='word_1_148' title='bbox 425 2412 490 2482; x_wconf 90' lang='lat' dir='ltr'>sub</span> <span class='ocrx_word' id='word_1_149' title='bbox 517 2409 648 2504; x_wconf 90' lang='lat' dir='ltr'>prelato</span> <span class='ocrx_word' id='word_1_150' title='bbox 669 2413 869 2503; x_wconf 87' lang='lat' dir='ltr'>imperatore</span> <span class='ocrx_word' id='word_1_151' title='bbox 900 2408 1041 2503; x_wconf 88' lang='lat' dir='ltr'>0ttonc,</span> <span class='ocrx_word' id='word_1_152' title='bbox 1071 2409 1159 2480; x_wconf 91' lang='lat' dir='ltr'>sedit</span> 
     </span>
     <span class='ocr_line' id='line_1_22' title="bbox 43 2510 293 2599; baseline 0.02 -26"><span class='ocrx_word' id='word_1_153' title='bbox 43 2510 122 2577; x_wconf 90' lang='lat' dir='ltr'>annis</span> <span class='ocrx_word' id='word_1_154' title='bbox 140 2517 293 2599; x_wconf 82' lang='lat' dir='ltr'>quatuor.</span> 
     </span>
    </p>

    <p class='ocr_par' dir='ltr' id='par_1_14' title="bbox 42 2605 1158 2893">
     <span class='ocr_line' id='line_1_23' title="bbox 100 2605 1158 2699; baseline -0.003 -23"><span class='ocrx_word' id='word_1_155' title='bbox 100 2612 195 2678; x_wconf 84' lang='lat' dir='ltr'>xxvii.</span> <span class='ocrx_word' id='word_1_156' title='bbox 224 2609 329 2699; x_wconf 84' lang='lat' dir='ltr'>Gara,</span> <span class='ocrx_word' id='word_1_157' title='bbox 354 2607 514 2677; x_wconf 86' lang='lat' dir='ltr'>virbone</span> <span class='ocrx_word' id='word_1_158' title='bbox 543 2609 732 2695; x_wconf 91' lang='lat' dir='ltr'>religiosus.</span> <span class='ocrx_word' id='word_1_159' title='bbox 772 2605 835 2676; x_wconf 93' lang='lat' dir='ltr'>Hic</span> <span class='ocrx_word' id='word_1_160' title='bbox 860 2607 1026 2675; x_wconf 87' lang='lat' dir='ltr'>abbatiam</span> <span class='ocrx_word' id='word_1_161' title='bbox 1051 2607 1158 2674; x_wconf 90' lang='lat' dir='ltr'>sancti</span> 
     </span>
     <span class='ocr_line' id='line_1_24' title="bbox 42 2702 1158 2795; baseline 0.003 -26"><span class='ocrx_word' id='word_1_162' title='bbox 42 2702 94 2772; x_wconf 89' lang='lat' dir='ltr'>Viti</span> <span class='ocrx_word' id='word_1_163' title='bbox 109 2707 139 2774; x_wconf 93' lang='lat' dir='ltr'>in</span> <span class='ocrx_word' id='word_1_164' title='bbox 158 2707 351 2776; x_wconf 89' lang='lat' dir='ltr'>Gladebach</span> <span class='ocrx_word' id='word_1_165' title='bbox 368 2709 517 2776; x_wconf 90' lang='lat' dir='ltr'>instituit.</span> <span class='ocrx_word' id='word_1_166' title='bbox 535 2707 609 2776; x_wconf 88' lang='lat' dir='ltr'>Fuit</span> <span class='ocrx_word' id='word_1_167' title='bbox 625 2713 772 2795; x_wconf 90' lang='lat' dir='ltr'>tempore</span> <span class='ocrx_word' id='word_1_168' title='bbox 791 2703 923 2774; x_wconf 91' lang='lat' dir='ltr'>Ottonis</span> <span class='ocrx_word' id='word_1_169' title='bbox 940 2706 1033 2794; x_wconf 91' lang='lat' dir='ltr'>primi</span> <span class='ocrx_word' id='word_1_170' title='bbox 1051 2709 1085 2774; x_wconf 89' lang='lat' dir='ltr'>et</span> <span class='ocrx_word' id='word_1_171' title='bbox 1104 2704 1158 2773; x_wconf 86' lang='lat' dir='ltr'>itii</span> 
     </span>
     <span class='ocr_line' id='line_1_25' title="bbox 43 2803 809 2893; baseline 0.008 -25"><span class='ocrx_word' id='word_1_172' title='bbox 43 2803 101 2871; x_wconf 86' lang='lat' dir='ltr'>eius</span> <span class='ocrx_word' id='word_1_173' title='bbox 118 2803 250 2875; x_wconf 87' lang='lat' dir='ltr'>Ottonis</span> <span class='ocrx_word' id='word_1_174' title='bbox 269 2806 417 2876; x_wconf 91' lang='lat' dir='ltr'>secundi.</span> <span class='ocrx_word' id='word_1_175' title='bbox 445 2805 540 2875; x_wconf 91' lang='lat' dir='ltr'>Sedit</span> <span class='ocrx_word' id='word_1_176' title='bbox 555 2809 653 2874; x_wconf 92' lang='lat' dir='ltr'>annis</span> <span class='ocrx_word' id='word_1_177' title='bbox 671 2811 809 2893; x_wconf 88' lang='lat' dir='ltr'>septem.</span> 
     </span>
    </p>

    <p class='ocr_par' dir='ltr' id='par_1_15' title="bbox 102 2902 1157 2992">
     <span class='ocr_line' id='line_1_26' title="bbox 102 2902 1157 2992; baseline 0 -22"><span class='ocrx_word' id='word_1_178' title='bbox 102 2907 208 2973; x_wconf 84' lang='lat' dir='ltr'>xxviii.</span> <span class='ocrx_word' id='word_1_179' title='bbox 235 2905 404 2974; x_wconf 89' lang='lat' dir='ltr'>Warinus.</span> <span class='ocrx_word' id='word_1_180' title='bbox 437 2904 500 2973; x_wconf 89' lang='lat' dir='ltr'>Hic</span> <span class='ocrx_word' id='word_1_181' title='bbox 526 2904 779 2974; x_wconf 85' lang='lat' dir='ltr'>Trevircnsibus</span> <span class='ocrx_word' id='word_1_182' title='bbox 811 2902 1004 2992; x_wconf 89' lang='lat' dir='ltr'>petentibus</span> <span class='ocrx_word' id='word_1_183' title='bbox 1029 2907 1157 2991; x_wconf 90' lang='lat' dir='ltr'>partem</span> 
     </span>
    </p>
   </div>
   <div class='ocr_carea' id='block_1_12' title="bbox 45 3099 1265 3864">
    <p class='ocr_par' dir='ltr' id='par_1_16' title="bbox 45 3099 530 3172">
     <span class='ocr_line' id='line_1_27' title="bbox 45 3099 530 3172; baseline 0.016 -8"><span class='ocrx_word' id='word_1_184' title='bbox 45 3099 145 3169; x_wconf 87' lang='lat' dir='ltr'>cunda.</span> <span class='ocrx_word' id='word_1_185' title='bbox 171 3103 267 3172; x_wconf 86' lang='lat' dir='ltr'>sedit</span> <span class='ocrx_word' id='word_1_186' title='bbox 283 3103 381 3171; x_wconf 89' lang='lat' dir='ltr'>annis</span> <span class='ocrx_word' id='word_1_187' title='bbox 399 3119 530 3172; x_wconf 92' lang='lat' dir='ltr'>novem.</span> 
     </span>
    </p>

    <p class='ocr_par' dir='ltr' id='par_1_17' title="bbox 47 3199 1265 3864">
     <span class='ocr_line' id='line_1_28' title="bbox 104 3199 1158 3291; baseline 0.003 -26"><span class='ocrx_word' id='word_1_188' title='bbox 104 3203 224 3269; x_wconf 86' lang='lat' dir='ltr'>xxviiii.</span> <span class='ocrx_word' id='word_1_189' title='bbox 250 3201 451 3288; x_wconf 82' lang='lat' dir='ltr'>Euergerus.</span> <span class='ocrx_word' id='word_1_190' title='bbox 485 3201 536 3270; x_wconf 90' lang='lat' dir='ltr'>De</span> <span class='ocrx_word' id='word_1_191' title='bbox 554 3201 619 3271; x_wconf 92' lang='lat' dir='ltr'>boc</span> <span class='ocrx_word' id='word_1_192' title='bbox 636 3200 744 3270; x_wconf 90' lang='lat' dir='ltr'>lerunt</span> <span class='ocrx_word' id='word_1_193' title='bbox 762 3201 852 3290; x_wconf 85' lang='lat' dir='ltr'>quod</span> <span class='ocrx_word' id='word_1_194' title='bbox 869 3200 1053 3291; x_wconf 91' lang='lat' dir='ltr'>predictum</span> <span class='ocrx_word' id='word_1_195' title='bbox 1071 3199 1158 3268; x_wconf 89' lang='lat' dir='ltr'>Wa-</span> 
     </span>
     <span class='ocr_line' id='line_1_29' title="bbox 47 3293 1265 3389; baseline 0.009 -33"><span class='ocrx_word' id='word_1_196' title='bbox 47 3293 135 3365; x_wconf 90' lang='lat' dir='ltr'>rinun</span> <span class='ocrx_word' id='word_1_197' title='bbox 149 3301 261 3369; x_wconf 84' lang='lat' dir='ltr'>vivum</span> <span class='ocrx_word' id='word_1_198' title='bbox 279 3301 413 3389; x_wconf 90' lang='lat' dir='ltr'>sepeliri</span> <span class='ocrx_word' id='word_1_199' title='bbox 431 3299 564 3388; x_wconf 80' lang='lat' dir='ltr'>iecerit3</span> <span class='ocrx_word' id='word_1_200' title='bbox 590 3300 765 3370; x_wconf 88' lang='lat' dir='ltr'>laborabat</span> <span class='ocrx_word' id='word_1_201' title='bbox 789 3302 874 3370; x_wconf 92' lang='lat' dir='ltr'>enim</span> <span class='ocrx_word' id='word_1_202' title='bbox 893 3301 1079 3370; x_wconf 83' lang='lat' dir='ltr'>infirmitate</span> <span class='ocrx_word' id='word_1_203' title='bbox 1098 3317 1157 3368; x_wconf 91' lang='lat' dir='ltr'>ca·</span> <span class='ocrx_word' id='word_1_204' title='bbox 1264 3381 1265 3384; x_wconf 8' lang='grc' dir='ltr'><strong>Ἴ</strong></span> 
     </span>
     <span class='ocr_line' id='line_1_30' title="bbox 49 3392 1157 3488; baseline 0.008 -31"><span class='ocrx_word' id='word_1_205' title='bbox 49 3392 126 3484; x_wconf 87' lang='lat' dir='ltr'>pitis,</span> <span class='ocrx_word' id='word_1_206' title='bbox 151 3399 195 3467; x_wconf 90' lang='lat' dir='ltr'>ita</span> <span class='ocrx_word' id='word_1_207' title='bbox 213 3405 251 3466; x_wconf 93' lang='lat' dir='ltr'>ut</span> <span class='ocrx_word' id='word_1_208' title='bbox 268 3399 341 3467; x_wconf 92' lang='lat' dir='ltr'>sine</span> <span class='ocrx_word' id='word_1_209' title='bbox 360 3417 464 3468; x_wconf 91' lang='lat' dir='ltr'>sensu</span> <span class='ocrx_word' id='word_1_210' title='bbox 482 3399 616 3468; x_wconf 87' lang='lat' dir='ltr'>iaceret.</span> <span class='ocrx_word' id='word_1_211' title='bbox 653 3399 747 3468; x_wconf 87' lang='lat' dir='ltr'>Tunc</span> <span class='ocrx_word' id='word_1_212' title='bbox 770 3401 924 3488; x_wconf 87' lang='lat' dir='ltr'>penitens</span> <span class='ocrx_word' id='word_1_213' title='bbox 942 3397 1076 3468; x_wconf 89' lang='lat' dir='ltr'>Romam</span> <span class='ocrx_word' id='word_1_214' title='bbox 1095 3415 1157 3466; x_wconf 87' lang='lat' dir='ltr'>uc-</span> 
     </span>
     <span class='ocr_line' id='line_1_31' title="bbox 49 3490 1156 3586; baseline 0.009 -33"><span class='ocrx_word' id='word_1_215' title='bbox 49 3490 100 3580; x_wconf 88' lang='lat' dir='ltr'>nit,</span> <span class='ocrx_word' id='word_1_216' title='bbox 122 3513 205 3585; x_wconf 92' lang='lat' dir='ltr'>pape</span> <span class='ocrx_word' id='word_1_217' title='bbox 224 3515 289 3585; x_wconf 85' lang='lat' dir='ltr'>que</span> <span class='ocrx_word' id='word_1_218' title='bbox 309 3503 425 3584; x_wconf 89' lang='lat' dir='ltr'>egerat</span> <span class='ocrx_word' id='word_1_219' title='bbox 443 3515 506 3566; x_wconf 88' lang='lat' dir='ltr'>con</span> <span class='ocrx_word' id='word_1_220' title='bbox 509 3498 623 3567; x_wconf 89' lang='lat' dir='ltr'>lassus</span> <span class='ocrx_word' id='word_1_221' title='bbox 642 3505 704 3567; x_wconf 91' lang='lat' dir='ltr'>est</span> <span class='ocrx_word' id='word_1_222' title='bbox 738 3497 802 3580; x_wconf 83' lang='lat' dir='ltr'>Qui</span> <span class='ocrx_word' id='word_1_223' title='bbox 820 3517 881 3586; x_wconf 91' lang='lat' dir='ltr'>pro</span> <span class='ocrx_word' id='word_1_224' title='bbox 901 3498 1106 3566; x_wconf 91' lang='lat' dir='ltr'>correctione</span> <span class='ocrx_word' id='word_1_225' title='bbox 1125 3496 1156 3564; x_wconf 89' lang='lat' dir='ltr'>ei</span> 
     </span>
     <span class='ocr_line' id='line_1_32' title="bbox 50 3585 1157 3685; baseline 0.013 -35"><span class='ocrx_word' id='word_1_226' title='bbox 50 3585 184 3685; x_wconf 81' lang='lat' dir='ltr'>iniunxit,</span> <span class='ocrx_word' id='word_1_227' title='bbox 210 3601 247 3663; x_wconf 92' lang='lat' dir='ltr'>ut</span> <span class='ocrx_word' id='word_1_228' title='bbox 271 3597 299 3664; x_wconf 92' lang='lat' dir='ltr'>si</span> <span class='ocrx_word' id='word_1_229' title='bbox 318 3615 416 3684; x_wconf 87' lang='lat' dir='ltr'>quam</span> <span class='ocrx_word' id='word_1_230' title='bbox 433 3597 467 3666; x_wconf 91' lang='lat' dir='ltr'>in</span> <span class='ocrx_word' id='word_1_231' title='bbox 485 3595 625 3684; x_wconf 81' lang='lat' dir='ltr'>dyocesi</span> <span class='ocrx_word' id='word_1_232' title='bbox 652 3615 714 3666; x_wconf 89' lang='lat' dir='ltr'>sua</span> <span class='ocrx_word' id='word_1_233' title='bbox 740 3599 1036 3684; x_wconf 78' lang='lat' dir='ltr'>congregationem</span> <span class='ocrx_word' id='word_1_234' title='bbox 1058 3594 1157 3664; x_wconf 90' lang='lat' dir='ltr'>labe-</span> 
     </span>
     <span class='ocr_line' id='line_1_33' title="bbox 50 3648 1157 3786; baseline 0.013 -38"><span class='ocrx_word' id='word_1_235' title='bbox 50 3681 149 3758; x_wconf 88' lang='lat' dir='ltr'>laetam</span> <span class='ocrx_word' id='word_1_236' title='bbox 174 3648 289 3784; x_wconf 64' lang='lat' dir='ltr'>sciret,</span> <span class='ocrx_word' id='word_1_237' title='bbox 315 3694 403 3762; x_wconf 90' lang='lat' dir='ltr'>hano</span> <span class='ocrx_word' id='word_1_238' title='bbox 427 3693 514 3763; x_wconf 88' lang='lat' dir='ltr'>datis</span> <span class='ocrx_word' id='word_1_239' title='bbox 541 3695 703 3764; x_wconf 89' lang='lat' dir='ltr'>subsidiis</span> <span class='ocrx_word' id='word_1_240' title='bbox 729 3703 905 3786; x_wconf 91' lang='lat' dir='ltr'>repararet.</span> <span class='ocrx_word' id='word_1_241' title='bbox 939 3695 998 3763; x_wconf 90' lang='lat' dir='ltr'>Ille</span> <span class='ocrx_word' id='word_1_242' title='bbox 1023 3693 1157 3762; x_wconf 86' lang='lat' dir='ltr'>radiens</span> 
     </span>
     <span class='ocr_line' id='line_1_34' title="bbox 52 3788 1159 3864; baseline 0.012 -17"><span class='ocrx_word' id='word_1_243' title='bbox 52 3788 202 3860; x_wconf 89' lang='lat' dir='ltr'>cenobium</span> <span class='ocrx_word' id='word_1_244' title='bbox 229 3794 336 3862; x_wconf 90' lang='lat' dir='ltr'>sancti</span> <span class='ocrx_word' id='word_1_245' title='bbox 359 3793 490 3862; x_wconf 87' lang='lat' dir='ltr'>Martini</span> <span class='ocrx_word' id='word_1_246' title='bbox 515 3794 655 3864; x_wconf 82' lang='lat' dir='ltr'>Colonia</span> <span class='ocrx_word' id='word_1_247' title='bbox 679 3794 765 3864; x_wconf 91' lang='lat' dir='ltr'>datis</span> <span class='ocrx_word' id='word_1_248' title='bbox 786 3795 947 3864; x_wconf 88' lang='lat' dir='ltr'>subsidiis</span> <span class='ocrx_word' id='word_1_249' title='bbox 974 3793 1159 3862; x_wconf 86' lang='lat' dir='ltr'>melioravit</span> 
     </span>
    </p>
   </div>
   <div class='ocr_carea' id='block_1_13' title="bbox 54 3884 1158 4280">
    <p class='ocr_par' dir='ltr' id='par_1_18' title="bbox 54 3884 1158 3980">
     <span class='ocr_line' id='line_1_35' title="bbox 54 3884 1158 3980; baseline 0.008 -28"><span class='ocrx_word' id='word_1_250' title='bbox 54 3885 79 3946; x_wconf 84' lang='lat' dir='ltr'>tt</span> <span class='ocrx_word' id='word_1_251' title='bbox 92 3884 216 3958; x_wconf 85' lang='lat' dir='ltr'>Scotis</span> <span class='ocrx_word' id='word_1_252' title='bbox 206 3911 239 3958; x_wconf 93' lang='lat' dir='ltr'>nr</span> <span class='ocrx_word' id='word_1_253' title='bbox 258 3899 454 3980; x_wconf 91' lang='lat' dir='ltr'>perpetuum</span> <span class='ocrx_word' id='word_1_254' title='bbox 473 3893 614 3962; x_wconf 83' lang='lat' dir='ltr'>tradidit</span> <span class='ocrx_word' id='word_1_255' title='bbox 639 3893 713 3962; x_wconf 87' lang='lat' dir='ltr'>Fuit</span> <span class='ocrx_word' id='word_1_256' title='bbox 730 3894 792 3963; x_wconf 90' lang='lat' dir='ltr'>sub</span> <span class='ocrx_word' id='word_1_257' title='bbox 811 3891 935 3962; x_wconf 90' lang='lat' dir='ltr'>Otlonc</span> <span class='ocrx_word' id='word_1_258' title='bbox 953 3895 1067 3963; x_wconf 87' lang='lat' dir='ltr'>tercio</span> <span class='ocrx_word' id='word_1_259' title='bbox 1094 3891 1158 3961; x_wconf 90' lang='lat' dir='ltr'>Se·</span> 
     </span>
    </p>

    <p class='ocr_par' dir='ltr' id='par_1_19' title="bbox 55 3976 1158 4178">
     <span class='ocr_line' id='line_1_36' title="bbox 55 3976 1111 4106; baseline 0.016 -63"><span class='ocrx_word' id='word_1_260' title='bbox 55 3976 90 4044; x_wconf 93' lang='lat' dir='ltr'>dit</span> <span class='ocrx_word' id='word_1_261' title='bbox 105 3989 190 4057; x_wconf 89' lang='lat' dir='ltr'>annis</span> <span class='ocrx_word' id='word_1_262' title='bbox 208 3990 413 4081; x_wconf 85' lang='lat' dir='ltr'>quindecim,</span> <span class='ocrx_word' id='word_1_263' title='bbox 432 3991 652 4106; x_wconf 86' lang='lat' dir='ltr'>sepultusque</span> <span class='ocrx_word' id='word_1_264' title='bbox 671 3999 723 4062; x_wconf 87' lang='lat' dir='ltr'>cst</span> <span class='ocrx_word' id='word_1_265' title='bbox 740 3993 782 4062; x_wconf 92' lang='lat' dir='ltr'>ad</span> <span class='ocrx_word' id='word_1_266' title='bbox 801 3999 950 4062; x_wconf 88' lang='lat' dir='ltr'>sanctum</span> <span class='ocrx_word' id='word_1_267' title='bbox 969 3993 1111 4065; x_wconf 87' lang='lat' dir='ltr'>Petrum</span> 
     </span>
     <span class='ocr_line' id='line_1_37' title="bbox 112 4087 1158 4178; baseline 0.007 -29"><span class='ocrx_word' id='word_1_268' title='bbox 112 4101 179 4154; x_wconf 87' lang='lat' dir='ltr'>xxx.</span> <span class='ocrx_word' id='word_1_269' title='bbox 193 4087 337 4159; x_wconf 88' lang='lat' dir='ltr'>Sanctus</span> <span class='ocrx_word' id='word_1_270' title='bbox 355 4089 550 4160; x_wconf 91' lang='lat' dir='ltr'>Heribertus</span> <span class='ocrx_word' id='word_1_271' title='bbox 575 4092 631 4178; x_wconf 84' lang='lat' dir='ltr'>qui</span> <span class='ocrx_word' id='word_1_272' title='bbox 657 4091 821 4162; x_wconf 85' lang='lat' dir='ltr'>abbatiam</span> <span class='ocrx_word' id='word_1_273' title='bbox 849 4092 981 4161; x_wconf 85' lang='lat' dir='ltr'>Tuitii</span> <span class='ocrx_word' id='word_1_274' title='bbox 972 4111 1004 4164; x_wconf 90' lang='lat' dir='ltr'>ro</span> <span class='ocrx_word' id='word_1_275' title='bbox 1031 4091 1158 4160; x_wconf 90' lang='lat' dir='ltr'>bonore</span> 
     </span>
    </p>

    <p class='ocr_par' dir='ltr' id='par_1_20' title="bbox 57 4171 1158 4280">
     <span class='ocr_line' id='line_1_38' title="bbox 57 4171 1158 4280; baseline 0.018 -43"><span class='ocrx_word' id='word_1_276' title='bbox 57 4171 97 4242; x_wconf 89' lang='lat' dir='ltr'>dei</span> <span class='ocrx_word' id='word_1_277' title='bbox 112 4187 271 4265; x_wconf 84' lang='lat' dir='ltr'>genitricis</span> <span class='ocrx_word' id='word_1_278' title='bbox 290 4190 430 4258; x_wconf 90' lang='lat' dir='ltr'>instituit</span> <span class='ocrx_word' id='word_1_279' title='bbox 439 4189 587 4278; x_wconf 87' lang='lat' dir='ltr'>‚ibique</span> <span class='ocrx_word' id='word_1_280' title='bbox 606 4192 757 4280; x_wconf 89' lang='lat' dir='ltr'>sepultus</span> <span class='ocrx_word' id='word_1_281' title='bbox 777 4192 886 4260; x_wconf 89' lang='lat' dir='ltr'>multis</span> <span class='ocrx_word' id='word_1_282' title='bbox 905 4191 1069 4268; x_wconf 88' lang='lat' dir='ltr'>miraculis</span> <span class='ocrx_word' id='word_1_283' title='bbox 1088 4189 1158 4256; x_wconf 91' lang='lat' dir='ltr'>cla-</span> 
     </span>
    </p>
   </div>
   <div class='ocr_carea' id='block_1_14' title="bbox 57 4275 1157 4454">
    <p class='ocr_par' dir='ltr' id='par_1_21' title="bbox 57 4275 1157 4452">
     <span class='ocr_line' id='line_1_39' title="bbox 57 4275 1157 4376; baseline 0.013 -37"><span class='ocrx_word' id='word_1_284' title='bbox 57 4275 112 4341; x_wconf 89' lang='lat' dir='ltr'>mit</span> <span class='ocrx_word' id='word_1_285' title='bbox 134 4279 198 4351; x_wconf 83' lang='lat' dir='ltr'>luit</span> <span class='ocrx_word' id='word_1_286' title='bbox 215 4285 277 4354; x_wconf 92' lang='lat' dir='ltr'>sub</span> <span class='ocrx_word' id='word_1_287' title='bbox 296 4285 452 4356; x_wconf 88' lang='lat' dir='ltr'>Heinrico</span> <span class='ocrx_word' id='word_1_288' title='bbox 472 4287 633 4358; x_wconf 88' lang='lat' dir='ltr'>secundo.</span> <span class='ocrx_word' id='word_1_289' title='bbox 669 4289 764 4358; x_wconf 90' lang='lat' dir='ltr'>Sedit</span> <span class='ocrx_word' id='word_1_290' title='bbox 781 4293 877 4360; x_wconf 90' lang='lat' dir='ltr'>annis</span> <span class='ocrx_word' id='word_1_291' title='bbox 896 4291 1012 4376; x_wconf 91' lang='lat' dir='ltr'>viginti</span> <span class='ocrx_word' id='word_1_292' title='bbox 1030 4296 1063 4355; x_wconf 90' lang='lat' dir='ltr'>ct</span> <span class='ocrx_word' id='word_1_293' title='bbox 1080 4303 1157 4354; x_wconf 94' lang='lat' dir='ltr'>uno.</span> 
     </span>
     <span class='ocr_line' id='line_1_40' title="bbox 81 4392 962 4454; baseline 0.018 -20"><span class='ocrx_word' id='word_1_294' title='bbox 81 4392 198 4447; x_wconf 67' lang='lat' dir='ltr'>coabbati</span> <span class='ocrx_word' id='word_1_295' title='bbox 214 4407 334 4452; x_wconf 76' lang='lat' dir='ltr'><strong>FONTES</strong></span> <span class='ocrx_word' id='word_1_296' title='bbox 354 4398 962 4454; x_wconf 60' lang='lat'>218</span> 
     </span>
    </p>
   </div>
   <div class='ocr_carea' id='block_1_15' title="bbox 0 0 1474 4834">
    <p class='ocr_par' dir='ltr' id='par_1_22' title="bbox 0 0 1474 4834">
     <span class='ocr_line' id='line_1_41' title="bbox 0 0 1474 4834; baseline 0 0"><span class='ocrx_word' id='word_1_297' title='bbox 0 0 1474 4834; x_wconf 95' lang='lat' dir='ltr'> </span> 
     </span>
    </p>
   </div>
  </div>
 </body>
</html>
