2888 4824
422 249 460 294 ux
480 247 610 294 soannsc
628 245 668 294 ou
687 246 773 294 nan.
1098 216 1171 288 nis

15 387 86 456 itai
109 387 369 475 maqripicontia
389 391 505 454 uestra
526 387 669 472 quedam
688 385 850 454 sermonis
874 387 938 454 orei
959 385 1171 472 breoitoquiu.

15 478 117 572 Rapio
132 489 332 555 maiestatis
344 488 480 554 interest
492 485 672 553 sommium
690 484 752 552 sibi
767 483 928 570 poputum
941 486 976 553 in
992 485 1174 572 natatilia

15 603 99 672 pace
120 603 274 672 repere,
293 587 467 671 equitatem
483 584 638 652 iudicium
655 587 689 651 et
707 585 868 651 iustitiam
887 585 1028 652 interra
1045 585 1173 670 saeue,

15 703 105 772 stunc
127 702 235 772 erqo,
257 683 485 752 satoaocstra
504 685 690 752 reuerentia
707 682 809 766 sifus
829 687 880 750 est
901 683 1028 774 dicere,
1055 698 1174 752 uereor

15 787 187 868 ecorura,
215 783 304 870 quod
314 781 384 868 *nac
404 784 444 851 de
466 801 573 850 causa
586 799 658 850 oum
672 783 811 850 armatis
826 779 1038 850 bellatoribus
1054 784 1173 850 ciuita-

15 889 78 948 tem
106 884 332 970 occupastis,
358 899 518 968 serasque
539 886 714 967 portarum
739 880 875 966 infriuqi
900 883 1114 967 precepistis,
1139 885 1176 949 ut

15 982 218 1067 burqcnscs
240 999 263 1048 a
274 983 419 1068 propria
442 983 576 1048 ciuitate
595 983 739 1066 possetis
761 979 955 1062 occludere,
979 985 1012 1048 et
1035 981 1174 1048 candens

15 1081 234 1148 intromissis
256 1083 350 1148 nouis
369 1081 536 1165 inquilinis
550 1081 710 1165 potestati
731 1083 842 1146 oestro
859 1077 1029 1146 subiicere.
1054 1079 1092 1148 Si
1108 1097 1172 1148 au-

20 1185 83 1246 tem
99 1177 172 1246 boc
195 1179 289 1265 quod
307 1178 396 1246 absit
411 1183 530 1246 contra
544 1180 705 1246 iustitiam
717 1182 881 1246 attentare
894 1180 1172 1267 presumpseritis,

17 1296 67 1344 mc
83 1281 249 1346 uestrum
261 1277 496 1346 cancellarium
509 1277 727 1361 confunditis,
742 1280 775 1344 et
789 1275 945 1346 barionem
961 1278 1173 1364 mapniricen·

20 1381 62 1444 tie
77 1381 203 1444 cestre
216 1377 395 1463 plurimum
418 1377 605 1444 diminuitis.
633 1377 846 1464 Quapropter
864 1380 1006 1444 oestrum
1024 1376 1173 1464 beniqni-

21 1480 124 1542 tatem
146 1477 334 1545 clementer
351 1475 533 1560 admoneo,
549 1479 709 1562 quatemus
725 1473 811 1544 banc
827 1473 941 1543 urbem
964 1473 1042 1544 mibi
1057 1476 1172 1562 dique-

23 1577 100 1642 mini
115 1577 318 1658 restituere,
338 1577 372 1642 et
384 1577 534 1643 couciocs
552 1594 575 1642 a
594 1575 737 1642 oiotentn
754 1573 982 1642 molestatione
1003 1575 1173 1645 dimittam.

23 1672 93 1742 Rex
115 1681 240 1742 sutem
268 1675 410 1762 expletis
437 1673 644 1742 sermonibus
671 1672 820 1741 ciusdem
841 1674 1011 1762 episcopi,
1029 1673 1097 1742 tule
1114 1685 1193 1742 rc·‘

29 1791 200 1860 sponsum
220 1772 312 1841 dedit
328 1773 362 1840 in
378 1771 550 1842 ,audientia
565 1773 808 1840 circumstantis
825 1771 955 1860 populi:
986 1773 1174 1842 Venerando

25 1875 147 1956 pastor
163 1875 202 1940 et
217 1874 387 1958 episcope,
401 1873 489 1940 siout
505 1876 564 1940 tua
582 1873 671 1940 nouit
683 1871 848 1938 industria
864 1871 958 1938 decct
974 1888 1085 1957 repom
1098 1870 1172 1940 ubi-

31 1988 88 2054 que
110 1969 215 2038 bctla'
223 1973 443 2056 supprimere,
460 1975 493 2037 et
503 1974 719 2056 qrassatorcs
732 1972 868 2036 austera
887 1971 1092 2038 correctione
1101 1989 1171 2056 po-
1208 2018 1210 2023 -

29 2073 132 2136 tenter
149 2069 330 2156 afstiqerc,
346 2069 516 2137 discernas
534 2071 637 2156 iqitur
651 2073 809 2154 quantum
821 2067 915 2136 nobis
929 2068 1071 2138 domun
1085 2074 1174 2136 esset

32 2172 63 2232 et
75 2168 357 2254 opprobrium,si
375 2171 410 2236 in
425 2169 564 2250 confinio
578 2169 761 2236 maiestatis
777 2171 890 2236 nostre
900 2167 1065 2253 populare
1080 2185 1171 2235 com

33 2267 220 2336 mitteretur
241 2266 304 2336 boc
324 2267 473 2353 pretium.
499 2266 643 2352 Idcoquc
660 2285 735 2334 cum
752 2265 905 2334 militibus
921 2266 1015 2336 nobis
1030 2267 1171 2334 adiunc-

34 2367 72 2430 tis
88 2370 121 2432 et
134 2368 316 2452 armiqoris
329 2367 492 2437 ciuitatem
512 2364 599 2434 banc
612 2369 765 2451 potenter
783 2367 1003 2450 introibimus,
1029 2370 1063 2434 ei
1082 2367 1171 2451 epis-

35 2481 144 2548 copum
160 2481 240 2532 cum
254 2463 523 2551 ministerialibus
537 2466 607 2534 suis
620 2464 836 2532 reconciliare
844 2465 1055 2550 demoniacus,
1069 2465 1171 2532 Post-

37 2579 129 2646 quam
147 2569 262 2632 autem
273 2564 484 2650 inteitiqimus
496 2565 686 2650 episcopum
698 2564 786 2648 soris
802 2580 876 2630 esse
897 2581 971 2632 cum
985 2563 1108 2631 ciuibus
1125 2564 1174 2632 ad

37 2663 298 2730 committendum
318 2667 504 2748 campestre
522 2663 684 2748 pretium,
706 2666 913 2732 matruamus
935 2663 1000 2730 iter
1019 2666 1056 2730 ut
1070 2662 1170 2746 festi-

38 2763 147 2828 nanter
163 2764 238 2830 eius
252 2763 499 2848 insequercmur
514 2763 706 2830 coercitum.
731 2760 841 2847 iqitnrr
856 2759 949 2830 nobis
969 2761 1169 2847 aliquantis-

38 2875 90 2940 per
106 2860 385 2946 suspectantibus,
402 2879 475 2928 cum
493 2878 587 2930 nemo
604 2863 813 2946 compareret
828 2861 883 2944 qui
896 2859 1096 2928 intrantibus
1108 2877 1168 2928 ur-

40 2953 82 3022 bis
93 2960 309 3044 patefaceret
326 2962 465 3038 ecitum,
482 2962 516 3028 ct
535 2961 586 3028 sic
604 2959 764 3026 bactenus
786 2962 933 3026 nostrnnn
949 2958 1031 3027 bone
1051 2958 1168 3026 cotun-

42 3057 111 3122 tutis
134 3061 347 3144 propositum
369 3059 603 3145 impediretur,·
625 3058 794 3126 securibus
812 3061 845 3126 et
864 3057 994 3128 matteis
1012 3062 1122 3126 vectes
1138 3063 1172 3128 et

44 3153 149 3226 octoas
172 3157 312 3244 irnfrinpi
329 3159 555 3243 precepimus,
570 3161 603 3224 et
621 3159 761 3244 ocstiqia
772 3157 982 3243 precedentis
1001 3159 1169 3226 caercitus

44 3249 160 3338 insequi
176 3256 419 3340 mandarimus,
436 3260 598 3341 qnatenus
611 3256 754 3324 edictum
769 3255 887 3324 betium
900 3257 1169 3344 intercipcrcruus

47 3349 236 3422 antboritate
251 3357 357 3441 reqia,
371 3359 409 3422 ut
419 3359 562 3440 utraque
571 3371 658 3440 pars
672 3357 742 3422 sine
752 3353 904 3438 conflictu
919 3371 993 3422 cum
1004 3373 1092 3440 pace
1103 3372 1167 3421 re·

49 3446 121 3516 diret
144 3453 192 3520 ud
207 3455 358 3540 propria.
389 3453 464 3522 Non
489 3455 572 3522 enirn
594 3454 750 3522 estimare
775 3452 873 3522 debes
896 3454 986 3537 quod
1006 3453 1168 3522 aduersus

15 3603 16 3606 ,
51 3541 228 3620 Heinricum
240 3552 427 3638 pontificem
446 3551 559 3638 aliquo
576 3553 673 3621 modo
688 3551 827 3636 fellitum
842 3569 997 3639 qeramus
1013 3552 1167 3636 aninum,

51 3659 130 3725 quem
140 3651 244 3733 pauto
259 3652 390 3736 pridem
405 3669 449 3718 ec
464 3651 548 3720 bono
562 3650 699 3739 fauore,
718 3653 749 3716 tc
761 3654 912 3738 roqante,
927 3649 1168 3736 postulabimus

49 3739 76 3805 in
90 3747 293 3834 episcopum·
308 3751 452 3835 quinimo
471 3751 635 3818 ciuitatem
648 3748 735 3818 banc
750 3749 810 3817 sub
821 3754 971 3818 nostram
984 3751 1169 3835 protectio-

52 3853 113 3908 nem
129 3843 260 3934 benique
272 3850 484 3934 suscepimus,
500 3852 594 3918 cuius
606 3848 806 3931 iamdudum,
818 3849 987 3934 promissa
997 3849 1169 3934 fidelitate,

53 3933 205 4025 turpensis
226 3949 333 4032 effecti
356 3966 477 4016 summ.
508 3947 550 4018 Ut
568 3953 678 4016 autem
695 3949 905 4034 aopnooeris,
929 3948 1017 4033 quod
1037 3949 1071 4016 in
1091 3948 1169 4016 doto

55 4034 100 4102 tibi
110 4057 169 4110 non
181 4045 357 4132 loquimur,
373 4051 406 4114 ct
418 4049 573 4133 episcopo
587 4049 656 4114 siue
671 4048 799 4114 ciuitati
812 4065 878 4116 non
891 4049 1079 4132 irascimur,
1094 4063 1169 4116 cccc

55 4131 109 4201 iarn
119 4141 241 4224 urbem,
255 4163 356 4232 quom
368 4147 535 4231 inopinate
552 4147 715 4234 commus,
735 4149 768 4214 et
784 4147 929 4216 cccmus
946 4145 1069 4214 dubus
1083 4162 1168 4231 pos-

58 4232 145 4306 sidere
162 4261 358 4329 possumus,
389 4243 446 4314 tibi
465 4243 600 4332 benique
620 4245 841 4335 restituimus,
863 4249 897 4316 et
915 4245 1069 4330 moronis
1090 4259 1169 4312 noce
