2888 4824
428 291 465 336 ex
486 291 613 337 rouxurr
634 293 672 336 nr
693 293 776 337 nrxx.
1095 265 1166 334 lr37

33 430 76 496 stt
97 445 204 515 saper
219 429 379 516 papalem
402 427 616 498 Hedreorarm.
642 428 927 520 Arohiopisoopus
951 438 1062 502 autem
1084 433 1168 503 Tre-

32 529 189 596 vorensis
206 529 425 598 oanoellarius
441 528 548 598 Gallie
557 547 676 598 manus
690 529 738 597 illi
755 531 1032 622 superimposuit,
1049 532 1096 601 ito
1111 532 1168 600 di-

33 644 132 694 oeus:
160 626 355 697 descendet
372 629 407 696 a'n
427 632 459 696 te
474 629 611 714 spiritur
624 629 785 714 sapientie
804 628 1016 715 intelligentie
1032 632 1169 700 scientie

27 727 169 810 pletatis
197 726 403 811 fortitudinis
430 731 463 796 et
482 728 617 811 eoadlla',
637 727 866 814 replearispae
889 730 1010 812 spirata
1041 731 1170 799 tarem

34 824 177 894 Domini.
211 826 360 895 Morehio
388 825 522 915 quidem
547 825 824 914 Brnndonburgie
849 828 939 913 regis
967 830 1168 897 camerarius

33 925 195 993 annulum
212 926 243 994 ei
261 924 416 1016 tradidit,
434 928 481 994 ita
503 924 636 994 dioeus:
662 924 783 1012 decipe
803 926 1011 1013 sipnnoalam
1027 943 1168 994 emner-

33 1021 118 1107 eln'e,
133 1028 176 1092 ut
188 1022 371 1092 nemmem
387 1042 524 1112 raptum
540 1025 575 1092 in
592 1041 655 1092 seo
675 1025 788 1112 pipere
803 1039 994 1110 censerem,
1016 1026 1105 1111 puod
1126 1025 1170 1093 ad

33 1124 222 1191 incursione
248 1122 469 1192 darderontm
487 1125 609 1191 memte
627 1125 748 1191 virtute
769 1124 938 1208 defendor.
964 1125 1040 1192 Dux
1056 1131 1169 1193 autem

36 1220 183 1290 saxonie
208 1224 298 1310 regis
322 1223 523 1292 iustioiarius
548 1222 686 1291 donavit
702 1223 767 1311 ipsi
785 1223 948 1312 gladium,
966 1223 1014 1291 ila
1030 1221 1167 1292 dioens:

33 1319 151 1406 Accipe
177 1320 345 1408 sceptrum
366 1323 509 1413 reptem,
533 1326 571 1390 at
591 1320 731 1390 rebelles
747 1339 865 1390 severo
880 1323 1084 1390 correctione
1100 1341 1167 1408 po-

36 1424 136 1487 tenter
153 1419 311 1508 affligas,
327 1439 504 1507 omnesque
514 1419 688 1488 benevolos
703 1422 737 1488 in
751 1421 932 1507 tranquille
945 1439 1031 1506 paee
1044 1419 1167 1508 puder-

34 1535 97 1586 nes.
123 1519 206 1588 Dux
231 1519 385 1607 equidem
407 1520 548 1589 Bovario
566 1536 679 1588 eomes
697 1519 813 1588 Palatii
823 1525 893 1589 'seu
910 1518 1055 1609 dapifer,
1074 1519 1168 1588 dedit

39 1618 97 1704 ipsi
114 1618 258 1704 globum
275 1638 427 1709 aureum,
452 1621 499 1688 ita
518 1617 658 1688 dioens:
685 1617 806 1705 deripe
830 1617 962 1705 plebum
983 1617 1168 1705 rplterieam

36 1719 198 1786 etampes
219 1722 306 1786 terre
329 1720 485 1786 notiones*
505 1717 653 1786 Romnae
675 1734 779 1804 repen
793 1717 935 1801 redime,
951 1721 989 1785 at
1000 1717 1168 1804 pluriores

37 1820 195 1901 oupertus
222 1816 390 1903 appellari
409 1817 533 1886 onnes.
558 1815 630 1886 Rex
647 1815 769 1896 dehine
784 1817 959 1906 Bohemie,
978 1817 1070 1902 regis
1089 1817 1167 1904 pin-

40 1932 149 2007 eeruu,
178 1914 224 1984 de
251 1933 422 1986 oonsensu
441 1915 654 1986 coloniensis
672 1916 915 2004 archiepiscopi
933 1921 1166 1984 eoroonm‘ur-

39 2019 191 2099 geuteam
210 2017 309 2104 eopiti
325 2016 397 2084 elus
416 2016 694 2105 superimpressil,
711 2017 759 2083 ito
775 2014 908 2083 dioens:
921 2013 1041 2099 Accipe
1054 2013 1166 2099 splen-

40 2112 159 2198 dorem,
177 2117 215 2181 et
230 2116 278 2182 a'o
296 2115 332 2182 in
344 2116 498 2182 oirtrmria
516 2113 646 2182 aelatae
659 2112 1171 2196 montemepssulanum

42 2229 192 2280 roronem
210 2213 321 2282 eterne
332 2213 504 2297 felleitnlis
523 2211 647 2281 ludere
668 2215 879 2282 mereatis'in
892 2212 981 2280 celis.
1008 2211 1088 2279 Post
1104 2211 1169 2279 hee

43 2317 142 2380 autam
159 2314 414 2381 oireumstoutos
429 2313 596 2402 principes
612 2310 792 2382 adorantes
806 2313 1015 2381 maiestatem
1029 2311 1167 2400 regiam,

44 2409 302 2482 aodamavemnt
325 2412 390 2501 ipsi
415 2411 556 2480 salutem
576 2410 710 2480 laudem
728 2416 762 2480 et
779 2411 928 2498 gloriam.
954 2407 1168 2478 decedentes

45 2525 167 2598 quoque
195 2501 388 2597 singulatim
413 2511 570 2599 primates
596 2509 640 2579 od
664 2510 779 2597 rogale
810 2511 929 2580 solium
953 2509 1170 2598 prestiterunt

44 2606 140 2676 eidem
157 2608 272 2678 debite
290 2607 458 2678 fidelitatis
476 2609 676 2696 homagium.

107 2707 203 2776 Tune
226 2709 279 2776 his
303 2709 385 2777 mira
410 2707 619 2778 solemnitate
644 2708 810 2797 peremtio,
835 2704 924 2774 idem
940 2722 1000 2774 rex
1015 2722 1075 2794 per
1090 2704 1167 2794 ple-

46 2821 110 2872 nam
125 2805 371 2876 hebdomadam
386 2806 543 2878 festivam
557 2807 705 2897 explevit
718 2807 850 2895 ouriam,
865 2806 1061 2892 punctisque
1074 2805 1167 2892 prin-

47 2903 163 2990 oipibus
188 2923 252 2974 suo
276 2905 412 2975 ditionis
437 2905 595 2995 patoleoit
621 2905 862 2975 exoellentiam.
888 2903 1026 2972 Domum
1045 2907 1166 2972 oetavo

48 2999 90 3069 die
107 3006 348 3076 eonveuientes
366 3004 529 3075 offieiules
546 3005 692 3094 imperii,
718 3007 904 3074 statuerunt
920 3019 1077 3071 areanum
1094 3002 1168 3070 ool-

48 3099 199 3196 loquium,
225 3109 264 3173 ut
285 3103 327 3172 do
354 3103 588 3176 commoditate
605 3105 702 3191 regis
721 3107 899 3172 traolaront
916 3102 1063 3190 speciale
1082 3117 1167 3168 oon-

50 3200 158 3294 silium,
185 3209 353 3292 quatenus
383 3202 550 3289 magniflui
575 3203 655 3293 viri,
682 3203 811 3272 soilieet
835 3197 914 3269 Otto
941 3199 1167 3268 Traiootensis
1196 3265 1198 3270 ,

51 3300 216 3392 episeopus
243 3303 316 3370 eius
339 3308 496 3392 patruus,
523 3307 557 3370 ot
582 3301 758 3370 Heinrious
780 3299 957 3368 Brabautie
976 3298 1044 3367 dux
1060 3298 1167 3385 ipsius

52 3401 241 3492 avunculus,
266 3401 416 3472 eiusdem
439 3401 530 3488 ragis
555 3400 787 3469 oonsiliatores
814 3403 849 3466 et
872 3399 1087 3466 auxiliatores
1109 3394 1167 3463 lo·

53 3505 127 3588 rant,
144 3505 177 3570 et
192 3501 373 3568 iuvenilem
390 3500 533 3568 antimum
551 3500 660 3569 elusa
681 3498 760 3568 belli
778 3498 917 3584 strepitu
934 3498 1167 3584 temperarent.

52 3592 195 3668 Dominus
228 3616 309 3668 varo
334 3598 523 3667 Lublrertus
549 3599 673 3684 regalis
699 3597 804 3666 abbas
828 3593 1093 3683 Egmondensis,
1117 3593 1168 3661 vir

55 3699 180 3766 naturus
199 3702 233 3767 ot
250 3699 427 3788 egregius,
455 3698 654 3766 eonstitutus
681 3702 734 3765 est
763 3696 836 3763 eius
861 3691 1167 3762 viooeanoellarius.

55 3787 163 3870 Qubus
180 3798 228 3865 ita
245 3797 353 3883 gestis
371 3814 430 3866 rex
446 3796 481 3864 in
498 3813 622 3884 magna
639 3793 841 3882 gratitudine
859 3793 988 3861 eunetis
999 3791 1168 3880 prineipi-
1285 3799 1288 3808 ⁴

56 3885 105 3958 bus
128 3895 303 3988 valedixit,
329 3900 363 3965 et
385 3895 545 3964 universa
574 3900 685 3964 eastra
709 3891 850 3962 Romani
873 3891 969 3978 regni
994 3887 1167 3959 studiosus

56 3991 252 4072 perlustravit

42 4079 43 4124 ³
117 4087 232 4162 Omnes
250 4091 376 4180 ubique
395 4091 580 4162 pastellanil
599 4091 663 4160 sibi
680 4089 825 4160 debitam
842 4088 1064 4158 exhibuerunt
1081 4083 1166 4153 obe-

59 4181 208 4283 dientiam,
233 4197 443 4281 preterquam
468 4191 564 4261 solus
595 4190 811 4260 pastellonius
837 4187 926 4278 opud
954 4183 1166 4275 Imperatoris

45 4277 188 4376 lusum.
213 4288 422 4380 Quapropter
448 4289 523 4380 ipse
548 4307 607 4360 rex
631 4291 697 4360 inm
718 4287 842 4358 dietum
860 4292 1002 4356 oestrum
1021 4300 1094 4350 oum
1112 4281 1166 4348 in-
