2886 4834
385 231 546 296 onnonroor
568 247 779 295 cornrmmrsr.
1025 233 1028 236 ’
1098 221 1143 290 83

40 389 173 456 Advocati
196 388 321 455 Aleotie
344 407 401 455 rer
425 392 551 474 postor.

14 543 15 586 3
93 545 186 614 rinno
205 545 404 615 moenevii.
434 563 548 614 eomes
566 541 798 630 Friburgensis
824 547 912 634 oepit
930 551 1007 614 ante
1025 545 1146 616 festum

40 645 124 712 saneti
141 645 368 734 Martiniplus
387 662 485 732 quam
504 641 725 734 quadraginta
743 643 885 714 oolonos
910 646 1037 733 imperii
1054 643 1146 714 irau-

39 744 175 833 dulenter,
195 743 315 812 divites
334 749 367 812 et
384 743 558 814 honestos.
589 741 640 810 llx
664 741 715 810 his
739 741 826 812 lame
849 743 1013 832 quosdam
1038 747 1147 832 perire

38 845 92 912 sine
108 843 195 916 omni
215 845 322 929 gratia
340 842 494 911 faciebat.
528 841 578 910 lix
595 840 660 910 hoo
679 841 865 910 advocatus
883 841 1012 912 Alsatie
1031 862 1145 914 eomes

38 941 234 1010 Plimetarum
253 941 441 1011 civitatibus
459 943 583 1030 imperii
601 940 781 1032 mandavit,
795 948 960 1028 quatenus
979 941 1148 1032 adipsum

37 1059 118 1128 prope
134 1040 306 1112 Brisaeum
330 1043 561 1132 pervenirent,
579 1041 705 1128 imperii
728 1058 895 1130 pauperes
918 1041 1089 1110 vindioare
1116 1051 1149 1110 et

38 1156 76 1205 res
98 1141 227 1208 oomilis
252 1139 483 1226 Friburgensis
506 1157 566 1228 pro
589 1139 716 1206 viribus
741 1138 929 1208 devastare.
978 1138 1041 1220 Qui
1060 1143 1148 1210 oiroa

38 1237 135 1306 lestum
161 1239 273 1308 saneti
298 1240 430 1308 Martini
452 1239 565 1328 plures
592 1237 689 1306 villas
716 1237 839 1330 iortos,
871 1257 955 1326 quas
981 1242 1147 1309 exereitus

37 1337 125 1405 nullus
142 1356 290 1425 unquam
315 1339 506 1429 invaserat,
540 1339 763 1428 intraverunt,
799 1344 833 1406 et
857 1337 990 1406 fodinas
1017 1340 1148 1425 argenti

38 1434 251 1506 destruxerunt
268 1443 303 1505 et
320 1437 464 1506 oultores
483 1455 596 1506 eorum
614 1443 809 1522 coegerunt.
834 1435 888 1506 Ad
905 1436 1147 1524 Friburgenses

37 1541 195 1624 teneam,
234 1535 297 1604 sed
321 1555 382 1604 eos
406 1535 520 1605 ledere
545 1536 723 1604 noluerunt
741 1538 818 1622 quia
837 1554 910 1604 oum
928 1537 1011 1624 ipsis
1030 1554 1148 1625 paoem

38 1631 137 1702 labere
155 1633 299 1702 lidelitor
315 1636 547 1723 promiserunt.
580 1635 686 1702 Panrn
705 1633 815 1702 villorn
835 1634 972 1702 duorum
992 1634 1147 1705 domino-

37 1749 89 1798 mm
103 1732 213 1803 ledere
233 1735 428 1825 noluerunt,
460 1734 523 1802 sed
539 1735 604 1822 ipsi
631 1736 716 1802 inter
743 1752 780 1802 se
807 1734 977 1820 litigantes
996 1741 1075 1823 post
1092 1755 1146 1804 re-

38 1848 146 1900 cessum
160 1833 335 1902 oivitatnm
352 1833 497 1906 totaliter
515 1832 761 1901 destruxerunt.

90 1944 181 2018 Anno
200 1950 414 2018 m.oo.xo.viii.
432 1951 521 2020 eirea
537 1949 799 2038 puriioationem
813 1967 979 2038 pauperes
997 1951 1143 2041 quinque
1162 1956 1229 2010 1298

38 2054 215 2118 mercatores
250 2046 517 2134 Argentinenses
546 2048 756 2134 Hagonoiam
786 2049 1026 2138 transiverunt,
1060 2067 1146 2136 quos

38 2143 109 2212 eires
125 2153 287 2234 oeperunt
308 2153 344 2216 el
371 2146 676 2234 Argentinensibns
701 2147 839 2216 reddere
865 2149 1053 2216 noluerunt.
1097 2147 1146 2216 lle

38 2245 153 2331 oonsilio
170 2252 284 2314 autem
301 2247 502 2314 venerabilis
520 2246 644 2314 domini
662 2247 814 2335 episoopi
833 2245 974 2314 Conradi
989 2246 1031 2315 de
1045 2245 1146 2315 Lieh-

37 2341 153 2430 tenherg
169 2344 371 2430 Haginoiam
390 2345 545 2414 obsidere
572 2345 705 2412 firmiter
721 2345 964 2432 proponebant.
1010 2344 1146 2414 Delibe-

38 2442 140 2510 rotione
158 2460 262 2532 super
278 2443 342 2512 hoo
361 2443 468 2534 laeta,
493 2445 581 2512 misit
603 2446 785 2532 episeopus
802 2441 1058 2530 Argentinensis
1079 2443 1146 2512 Co-

37 2537 293 2610 lombariensibus
311 2543 439 2632 literas,
459 2545 668 2612 continentes
686 2542 776 2627 qood
790 2544 876 2608 oleos
893 2542 1145 2628 Arpeotioeoeoe

38 2635 213 2723 llopiooiom
230 2639 379 2708 obsidere
401 2634 639 2728 proponerent,
658 2645 842 2727 propterea
866 2641 956 2725 qood
977 2644 1064 2710 oioer
1086 2659 1145 2708 eo-

38 2753 94 2802 rom
108 2741 269 2824 cepissent
284 2745 317 2806 et
332 2757 391 2808 eoo
406 2741 547 2808 reddere
563 2741 752 2809 reoloisreot.
786 2739 856 2824 Epo
874 2756 952 2808 oero
969 2742 1047 2824 poio
1059 2740 1145 2822 fide-

39 2832 140 2904 litatem
156 2840 204 2906 eir
221 2856 360 2906 seroore
372 2841 512 2924 promisi
534 2857 601 2908 ooo
617 2857 675 2908 eoo
692 2838 800 2906 oodoo
816 2837 1001 2923 retioooere
1026 2841 1060 2906 io
1082 2837 1147 2906 dor

38 2940 125 3019 porte,
140 2954 200 3004 ooo
214 2941 355 3023 proptor
377 2937 440 3006 ltoo
456 2939 531 3008 oolo
547 2938 750 3024 imperialem
766 2937 923 3004 ireoodoro
935 2941 1145 3022 potestatem.

41 3029 309 3106 columbarienses
326 3055 406 3106 vero
425 3037 559 3106 domino
585 3039 748 3125 episeopo
767 3035 1017 3106 mandaverunt:
1044 3037 1147 3106 Amici

39 3135 118 3198 orriri
130 3133 254 3218 fremor
269 3153 400 3222 semper
416 3153 529 3206 summ
546 3141 579 3204 et
594 3153 667 3204 erse
684 3135 848 3218 ootomos,
865 3137 899 3202 io
914 3136 1005 3204 dolio
1022 3154 1080 3206 ooo
1097 3137 1147 3204 le·

39 3227 98 3296 dero
111 3235 298 3319 maraton·
323 3236 477 3304 oiootom
491 3235 639 3304 dorrrioos
656 3239 768 3302 morter·
783 3252 842 3302 ooo
860 3234 971 3302 ledere
988 3239 1022 3301 et
1036 3253 1097 3304 ooe
1113 3237 1147 3304 io

39 3327 214 3400 odiotoriom
229 3351 324 3427 soora
340 3351 462 3402 oooore
475 3335 631 3414 voluerit,
643 3336 750 3419 ipoom
765 3332 991 3402 odtoooormor
1007 3333 1146 3420 dilipeo-
1166 3353 1170 3361 ·

40 3428 90 3511 lor,
111 3436 253 3498 oestrom
274 3449 375 3517 sopor
398 3431 461 3502 doe
484 3433 739 3519 iodipootiooom
770 3433 896 3500 nonime
917 3431 1146 3516 formidantes.

96 3543 188 3614 Cives
207 3546 474 3633 Argentinenses
492 3569 512 3618 v
530 3549 606 3617 idos
625 3547 757 3616 lebrarii
786 3543 869 3638 [leb.
888 3544 927 3637 9]
953 3553 989 3616 ut
1007 3545 1146 3615 obside·

40 3647 95 3707 rent
110 3642 304 3733 Haginoiam
330 3649 544 3716 eommunitor
570 3648 753 3715 exiverunt.
791 3647 832 3714 Et
857 3646 960 3734 prima
984 3652 1084 3714 noete
1111 3646 1154 3714 in*

40 3739 80 3805 via
94 3743 195 3812 media
211 3745 463 3834 pernoctabant.
507 3746 667 3835 Sequenti
685 3745 738 3813 die
757 3763 830 3813 oum
848 3743 1014 3812 hominum
1032 3745 1146 3814 multi·

39 3836 135 3908 tudine
148 3849 381 3930 pervenerunt.
409 3845 489 3914 Com
506 3847 606 3931 igitur
624 3846 788 3914 eivitatem
806 3844 922 3932 paneis
941 3841 1060 3912 diebus
1079 3843 1146 3912 oh-

42 3936 197 4030 sedissent,
213 3947 246 4010 et
258 3942 330 4010 ¹dno
349 3947 535 4032 perignem
555 3943 711 4011 suburbia
729 3941 946 4030 delevissent,
965 3948 998 4010 et
1015 3943 1146 4031 aliquos

41 4027 166 4106 lomines
193 4041 415 4130 oooidissent3
441 4051 518 4110 luno
545 4042 677 4130 quidam
703 4041 744 4110 de
768 4041 935 4127 Heginoio
961 4041 1146 4110 multitudi-

42 4145 99 4200 nem
121 4139 234 4207 eivinm
252 4138 544 4227 Argentinensium
571 4143 781 4209 intraverunt.
816 4141 857 4208 Et
881 4141 1045 4227 quosdam
1071 4141 1146 4208 vul-

41 4243 225 4329 neraverunt,
245 4240 376 4327 aliquos
395 4239 590 4310 oeciderunt
607 4247 640 4308 et
657 4238 700 4307 od
717 4240 852 4327 propria
869 4236 1046 4308 redierunt.

909 4348 947 4398 6*
