2886 4834
405 223 533 269 annones
554 223 795 270 ,tnoexrroexsss
1115 197 1159 264 97

1 363 2 434 Ῠ
37 369 144 431 sancto
167 360 316 430 Erhardo
340 359 577 450 Ratisponensi
601 362 764 449 episeopo
797 368 830 429 et
855 361 1004 440 Hildolio
1030 364 1161 432 Treue-
1195 375 1246 429 crs

37 463 118 532 rausi
135 461 299 550 baptizata
318 461 352 527 in
371 477 469 529 sacro
489 460 580 528 sonte
599 462 708 528 visum
726 463 859 549 recepit.
879 515 886 528 .
906 514 912 528 .
932 515 938 528 .

104 559 200 629 Anno
232 559 400 628 dominice
426 560 664 627 incarnationis
692 558 863 628 dccxxiii.
897 567 958 627 etc.
1003 559 1164 647 Sequenti

38 677 117 728 anuo
141 665 279 726 sanctus
304 659 477 726 Pirminius
505 661 538 725 in
556 656 668 743 Augia
689 658 799 726 insula
824 665 999 746 serpentes
1024 659 1162 748 fugavit,

37 765 65 826 et
81 758 286 826 cenobialem
304 759 406 826 vitam
423 757 467 824 ibi
485 758 664 824 instituens
684 757 846 825 Ethonem
864 764 984 845 postea
999 755 1163 844 Argenti-

1 879 2 950 ζ
36 857 378 946 nensemepr'scopum,
394 855 756 944 quietiamEthouheim
775 856 949 924 cenobium
967 860 1163 946 construxit,

34 974 86 1044 pro
117 973 154 1022 se
182 955 335 1023 abbatem
367 956 547 1023 constituit.
583 955 727 1044 ipseque
747 951 908 1022 Alsatiam
933 953 1163 1024 Alemanniam

1 1063 2 1070 ’
35 1055 309 1142 atqueBaxariam
327 1055 390 1121 alia
405 1059 653 1122 constructurus
668 1051 810 1120 cenobia
824 1056 926 1142 petiit,
938 1073 1077 1140 quorum
1095 1073 1163 1122 no-

34 1156 113 1221 nina
129 1153 194 1220 hec
214 1159 306 1221 sunt:
324 1152 443 1221 Altahe
462 1153 609 1220 Phevers
628 1151 787 1220 Murbach
806 1153 979 1221 schuttera
999 1153 1163 1239 Gengen-

35 1253 111 1319 bach
136 1251 317 1320 swarzaha
343 1252 570 1338 Wissenburg
594 1251 796 1320 Horenbach
821 1252 1064 1320 hlorsmrinster
1089 1251 1162 1320 Nu-

35 1352 127 1419 wilre.
147 1403 154 1416 .
174 1403 208 1417 ..

99 1448 200 1518 Anno
220 1449 343 1518 domini
361 1449 597 1517 dccclxxxvii.
623 1448 785 1518 Richarda
803 1450 1006 1538 imperatrix,
1026 1449 1162 1518 adulte·-

34 1550 64 1615 rii
86 1550 169 1616 vitio
197 1567 272 1616 cunr
289 1548 483 1635 Liutnurdo
501 1548 709 1616 Verceliensi
728 1551 888 1637 episcopo
907 1551 1078 1638 incusata,
1104 1549 1162 1616 di-

34 1650 102 1715 vino
129 1647 256 1715 iudicio
282 1665 320 1714 sc
347 1647 389 1716 ab
411 1649 503 1716 ¹omni
528 1665 667 1715 uxorum
691 1650 922 1716 commixtione
949 1650 1111 1733 integram
1130 1657 1163 1715 et

34 1748 187 1832 virginem
207 1745 421 1834 approbarit,
447 1750 597 1834 quamvis
621 1748 685 1814 iam
712 1746 888 1814 duodecim
906 1749 1003 1814 annis
1021 1749 1056 1814 in
1074 1765 1162 1814 ocn-

35 1846 116 1930 iugio
136 1847 344 1934 imperatoris
364 1847 523 1933 apparuit.
557 1844 706 1932 Moxque
732 1845 773 1912 ab
791 1851 989 1934 imperatore
1007 1853 1162 1933 separata

33 1945 59 2010 in
75 1943 252 2012 Andelahe
271 1945 446 2012 cenobium
473 1945 636 2029 virginum
662 1963 681 2011 o
706 1962 743 2012 se
763 1951 988 2012 constructum
1007 1947 1160 2034 secessit,

32 2043 136 2130 ibique
156 2042 221 2111 deo
241 2044 393 2112 serviens
412 2044 507 2128 virgo
525 2045 641 2128 regina
659 2045 849 2130 permansit.
867 2097 874 2110 .
893 2096 899 2109 .
919 2097 926 2109 .

96 2140 198 2210 Anno
213 2141 338 2212 domini
356 2142 578 2210 dcccclxxiii.
613 2139 691 2210 Otto
709 2161 851 2227 magnus
871 2149 932 2210 ete.
967 2141 1161 2229 Imperatrix

31 2238 219 2308 hdciheidis
234 2247 313 2328 post
325 2241 433 2328 ipsum
450 2246 566 2308 sancte
585 2246 619 2308 et
637 2241 794 2326 religioso
814 2243 932 2308 vivens
950 2240 1053 2326 longo
1074 2247 1160 2308 tem-

31 2356 120 2426 pore,
143 2340 248 2408 multa
265 2340 405 2408 contulit
423 2340 574 2408 ecelesiis
593 2339 635 2408 de
654 2340 758 2426 regali
777 2340 1017 2408 munificencia.
1059 2340 1100 2410 Et
1118 2339 1160 2408 od

31 2439 170 2506 ultimum
197 2457 298 2527 super
319 2439 411 2506 littus
434 2437 540 2506 Rheni
565 2437 709 2508 huminis
728 2439 838 2508 nobile
866 2439 1041 2508 cenobium
1073 2457 1160 2507 con-

32 2540 144 2606 struxit
161 2536 288 2605 dictum
307 2539 439 2606 nomine
458 2537 588 2626 Schlse,
608 2537 733 2604 etillud
752 2537 876 2625 prediis
895 2544 928 2606 et
945 2538 1019 2604 aliis
1038 2538 1158 2625 opibus

32 2635 147 2704 ditavit.
176 2636 241 2704 Ubi
261 2642 293 2704 et
310 2638 384 2724 ipsa
401 2643 521 2723 postea
539 2637 683 2704 moriens
702 2637 834 2722 quievit.
854 2689 861 2702 .
880 2688 911 2703 ..
1158 2627 1160 2632 ’

93 2733 196 2804 Anno
215 2734 338 2804 domini
356 2737 429 2802 mii.
449 2742 509 2804 ete.
535 2734 606 2804 Leo
624 2753 712 2824 popa
736 2735 791 2822 qui
809 2741 843 2802 et
858 2735 969 2804 Bruuc
992 2733 1033 2801 do
1048 2739 1159 2802 castro

31 2831 226 2918 Egensheim
245 2840 343 2902 natrrs
362 2839 424 2900 est.

94 2931 197 3000 Anno
217 2931 340 3000 domini
358 2951 464 3000 mxu.
491 2933 727 3000 monasterium
752 2937 865 3026 sancte
890 2931 994 3000 Murio
1019 2932 1158 3019 virginis

33 3029 59 3096 in
74 3030 262 3118 Argentina
280 3033 386 3117 surgit
403 3033 508 3120 primo
527 3050 546 3100 a
565 3030 759 3100 fundatione
779 3050 848 3099 sua.
867 3085 873 3098 .
893 3084 899 3099 .
920 3084 926 3098 .
1020 3062 1021 3066 ¹

95 3129 197 3198 Anno
217 3127 339 3198 domini
358 3131 521 3198 mxxviii.
548 3129 766 3198 Wernharius
784 3127 1043 3216 Argentinensis
1063 3133 1158 3220 epis-

34 3244 127 3315 copus
146 3230 275 3317 primus
294 3229 384 3297 obiit.
410 3227 451 3309 Et
469 3227 665 3296 Wiihelnrus
685 3227 842 3296 succedit.

94 3326 197 3396 Anno
223 3327 345 3395 domini
368 3328 501 3395 mxxxi
519 3329 755 3395 monasterium
782 3327 887 3395 sancti
913 3327 1039 3395 Thone
1067 3345 1156 3420 apo-

35 3425 99 3491 stoli
117 3427 151 3493 in
171 3425 356 3511 Argentina
370 3445 390 3494 a
402 3425 576 3494 Wiihelmo
596 3431 821 3518 consecrator,
838 3433 871 3494 et
888 3428 995 3494 sancti
1013 3425 1098 3494 Petri
1116 3423 1158 3492 ab

34 3522 139 3592 codem
159 3524 342 3593 inchoatur.

96 3624 198 3692 Anno
218 3622 341 3691 domini
359 3625 476 3691 mxhv.
495 3623 682 3692 dedicatum
708 3629 741 3691 et
758 3624 995 3691 monasterium
1013 3619 1156 3689 Hchen-

36 3715 108 3806 burg
124 3724 160 3789 in
178 3721 304 3790 honore
330 3722 428 3790 beate
454 3721 558 3790 Marie
584 3723 724 3809 virginis
752 3741 772 3789 a
797 3720 978 3789 venerabili
1001 3722 1156 3789 Brunonc

36 3813 209 3888 Leucorum
227 3819 260 3888 id
280 3827 333 3888 est
350 3821 556 3890 Tullensium
576 3822 753 3911 episeopo,
772 3825 892 3910 postea
911 3821 1106 3908 apostolico.

95 3915 193 3988 Anno
220 3919 343 3987 domini
362 3919 502 3987 m.xl.vii.
539 3919 735 3988 Wiihelmus
768 3917 1025 4006 Argentinensis
1062 3919 1157 4010 epis-

37 4029 128 4102 copus
149 4017 238 4085 obiit.
267 4018 326 4085 Cui
345 4019 461 4087 Hetzel
480 4020 633 4086 succesit.

96 4114 194 4185 huno
213 4115 335 4185 domini
361 4118 526 4185 mlxxvii.
561 4117 739 4186 Bertoldus
759 4117 825 4186 dnx
844 4116 1082 4186 Corinthiorum
1101 4116 1156 4201 ouri

36 4216 62 4274 ct
76 4212 254 4305 zeringen,
275 4217 323 4284 vir
342 4216 544 4307 canthelium,
573 4216 661 4284 obiit.

63 4331 195 4378 cornuum
212 4335 335 4380 roxrns.
352 4338 377 4382 a.
944 4327 957 4376 i
