2884 4834
413 259 540 307 ivnonas
562 259 801 309 wonunrrrvsrs.
1106 236 1174 305 197

49 402 195 468 stiterunt
217 398 241 466 li
264 398 375 468 libras.
421 397 549 468 Eodem
575 416 664 467 anno
688 397 808 468 iactum
836 395 997 488 organum
1023 404 1172 472 constitit
1189 413 1256 469 raso

49 499 145 588 clxiii,
182 504 296 587 preter
325 498 464 587 pretium
491 499 641 586 magistri
665 497 757 586 quod
788 498 850 567 fuit
881 507 1106 589 computatum
1132 501 1176 571 ad

51 597 166 666 cciibr.
671 595 674 600 ’

109 693 244 765 Accidit
269 713 357 765 anno
384 695 508 765 domini
533 696 668 764 mcclx.
695 701 792 765 sexto
817 696 884 765 kal.
910 696 1065 766 februarii
1092 695 1175 790 [ian.

49 790 103 884 27]
128 795 344 864 Eberhardus
369 797 464 864 miles
488 795 575 863 iilius
602 794 761 864 Gerhardi
785 812 858 863 oum
884 796 1081 883 quibusdam
1105 799 1178 870 suis

8 849 10 954 Ῐ
49 895 237 962 concivibus
265 894 444 982 egrediens
471 893 687 962 Wormatiam
711 896 863 983 pervenit
895 897 928 963 in
953 895 1064 964 villam
1092 893 1175 965 0st-

8 1009 9 1076 3
50 993 161 1083 hoven,
181 995 300 1062 volens
318 993 364 1062 ibi
382 993 557 1063 advocatie
577 1011 637 1061 sne
663 995 828 1062 iusticiam
854 1011 1009 1062 exercere
1035 997 1069 1062 in
1095 995 1175 1064 nui-

7 1079 9 1174 }
48 1093 103 1160 lius
121 1091 334 1181 dispendium
357 1098 414 1161 aut
438 1109 630 1180 gravamen.
664 1091 707 1160 Et
732 1111 806 1161 oum
830 1092 959 1161 illorum
985 1094 1019 1160 in
1037 1112 1174 1164 numero

7 1181 8 1216 ³
49 1197 154 1260 essent
181 1190 387 1281 vigintiduo,
414 1196 679 1280 supervenerunt
702 1190 855 1261 dominus
874 1192 1041 1280 Philippus
1065 1194 1175 1261 iunior

7 1311 9 1386 ᾗ
50 1289 84 1358 de
100 1290 306 1382 Hoheniels,
330 1309 427 1378 quem
446 1291 561 1360 Simon
577 1288 672 1358 miles
691 1289 733 1358 de
753 1289 928 1358 Guntheim
946 1309 1060 1358 seeum
1079 1285 1089 1324 ¹
1108 1309 1174 1361 uno

7 1391 9 1468 Ξ
50 1407 112 1457 com
129 1389 262 1458 Jacobo
280 1390 381 1458 milite
400 1390 487 1459 dioto
514 1387 556 1458 de
582 1389 710 1478 Lapide
737 1395 771 1457 et
788 1390 861 1458 aliis
886 1390 1015 1480 multis,
1041 1395 1172 1459 centum

7 1487 9 1524 ²
49 1496 76 1556 et
90 1490 173 1556 ultra
187 1491 332 1579 armatis,
343 1507 444 1578 super
460 1490 553 1558 oivcs
562 1487 829 1556 Wormatienses
848 1490 1064 1579 congregati,
1082 1489 1174 1558 nulla

49 1588 247 1656 diffidatione
265 1591 447 1679 premissa,
471 1589 635 1656 hostiliter
659 1589 755 1675 ipsos
779 1589 984 1655 invaserunt.
1017 1585 1173 1657 Attamen

48 1689 116 1755 lieet
144 1689 270 1756 civium
299 1687 591 1756 Wormatiensium
616 1692 731 1755 eontra
756 1691 868 1756 tantos
894 1691 1011 1754 essent
1035 1689 1173 1776 paucis-

48 1789 242 1877 simi,tamen
261 1788 442 1855 auxiliante
460 1785 595 1854 domino
610 1787 694 1873 ipsis
712 1786 855 1854 honeste
873 1791 951 1854 ante
970 1788 1171 1854 cemiterium

49 1883 212 1954 Ostboven
232 1892 463 1975 occurrerunt,
483 1885 672 1954 condictum
689 1884 805 1952 durum
824 1887 995 1975 ineuntes,
1023 1884 1065 1952 de
1084 1885 1173 1953 dex·

47 1987 141 2052 trariis
160 1987 310 2074 ipsorum
328 1987 463 2072 triginta
481 2001 542 2053 sex
559 1986 796 2054 interimentes.
823 1983 972 2051 Tandem
984 2001 1064 2051 vero
1083 1986 1171 2072 eapti

48 2091 115 2152 sunt
132 2084 175 2152 de
193 2085 323 2153 civibus
339 2084 649 2152 Wormaoiensibus
668 2087 806 2173 septem,
824 2081 982 2150 videlieet
997 2083 1171 2152 Emoricho

48 2183 261 2274 Camerarius,
280 2183 477 2251 Wilbelmus
497 2183 538 2251 de
556 2183 778 2272 Frisenheim,
796 2182 929 2250 Utricus
947 2179 1045 2249 irater
1062 2182 1171 2250 Eber-

47 2283 148 2374 hardi,
173 2283 357 2351 Germanus
381 2282 422 2350 de
441 2283 688 2372 Boogenheim,
713 2282 886 2350 iohannes
910 2279 951 2348 de
975 2280 1170 2372 Hcobbeim,

49 2381 152 2450 Simon
179 2381 222 2449 de
246 2381 446 2468 Hugeiheim
473 2387 507 2449 et
532 2380 659 2450 Cuntzo
690 2380 776 2450 iilius
802 2382 929 2449 sororis
957 2379 1101 2448 Cunradi
1127 2379 1170 2449 dc

6 2507 7 2510 ¹
48 2479 167 2548 Arbore
193 2479 367 2549 Rosarum.
406 2479 548 2549 Deduoti
574 2487 684 2549 autem
710 2483 844 2548 suntin
868 2485 1011 2547 castnrm
1037 2479 1169 2547 Gundt-

47 2579 125 2646 hoim
151 2585 183 2647 ct
206 2579 329 2648 ibidem
356 2580 497 2648 vinculis
523 2581 717 2670 mancipati,
744 2584 978 2668 permanentes
996 2577 1117 2646 ibidem
1135 2575 1168 2646 in

48 2680 230 2767 captivitato
250 2680 410 2767 usquein
428 2678 514 2747 diem
533 2678 824 2766 sonctiLamperti
844 2674 949 2766 [sept.
970 2673 1044 2766 17].

6 2779 7 2846 r
112 2777 181 2846 Hiis
207 2779 320 2866 itaque
345 2779 395 2846 sio
421 2775 593 2846 traditiose
620 2778 767 2866 peractis
800 2777 958 2844 continuo
987 2775 1168 2861 insurgens

47 2879 218 2965 episcopus
234 2878 490 2945 Wormatiensis
508 2875 737 2967 Eberhardus,
770 2880 803 2943 ct
829 2873 1023 2942 convocatis
1041 2874 1168 2942 civibus

46 2994 97 3062 per
112 2978 231 3044 iustam
250 2977 450 3044 sententiam
467 2975 598 3044 Jacobo
624 2976 735 3061 militi,
755 2993 818 3044 suo
844 2973 1048 3040 ministeriali
1069 2978 1169 3040 ante-

48 3073 145 3166 dicto,
173 3077 296 3143 curiam
321 3093 415 3143 suam
440 3076 616 3143 honestam
643 3079 677 3142 et
701 3075 841 3164 bonam,
866 3089 970 3161 prope
993 3071 1170 3140 ecclesiam

50 3173 127 3240 beati
143 3173 282 3242 Andree
304 3176 401 3244 sitam
413 3226 422 3264 ,
439 3175 538 3242 iussit
560 3171 707 3241 funditus
731 3172 856 3240 destrui
882 3177 915 3239 et
942 3171 1098 3239 subverti.
1129 3170 1172 3238 Et

49 3271 84 3338 ad
108 3275 204 3340 istam
236 3272 495 3341 destructionem
528 3273 729 3340 universitas
760 3271 871 3339 animo
906 3269 1035 3338 ardenti
1063 3271 1171 3337 extitit

48 3377 262 3462 promptuosa,
285 3391 345 3460 pro
370 3389 411 3440 co
436 3369 526 3459 quod
551 3369 659 3439 dictus
678 3369 827 3438 iacobus
854 3374 888 3437 et
912 3387 974 3436 sua
998 3367 1169 3457 parentela

50 3471 200 3538 civitatem
220 3472 336 3558 sepius
356 3469 585 3560 osscnderunt,
614 3476 646 3537 ot
665 3471 805 3536 maxime
830 3467 920 3555 quod
943 3465 1051 3534 dictus
1077 3467 1169 3554 epis-

50 3569 142 3656 copus
166 3569 588 3644 reconciliationeminter
614 3567 797 3657 predictum
827 3565 989 3634 Jaoobum
1018 3570 1050 3632 et
1076 3565 1168 3632 cives

50 3665 176 3758 iecerat,
200 3667 291 3757 quod
310 3669 383 3757 ipse
404 3665 552 3736 Jacobus
569 3667 732 3735 violenter
752 3664 963 3755 postmodum
978 3663 1168 3749 infregerat.

50 3765 215 3835 Destructa
234 3773 288 3834 est
301 3773 411 3834 autern
427 3765 546 3834 domus
559 3765 679 3834 Jacobi
696 3783 784 3833 anno
802 3764 937 3832 mcclx.
955 3761 1168 3849 ieria'quinta

50 3871 114 3933 ante
129 3867 392 3956 purificationem
414 3861 496 3954 [ian.
517 3862 593 3956 29].
632 3865 673 3932 Et
695 3865 787 3932 cives
811 3861 852 3930 de
874 3859 1080 3952 Oppenhoim
1104 3861 1169 3930 boc

50 3969 181 4053 temporo
204 3967 256 4034 sui
287 3965 459 4032 iuramenti
489 3965 696 4032 immemores
717 3962 880 4030 Jacobum
911 3961 953 4028 de
977 3957 1104 4049 Lopide
1136 3965 1169 4028 et

51 4079 119 4132 suos
133 4064 281 4132 fautores
296 4066 329 4131 in
349 4081 463 4132 eornm
483 4063 616 4131 civitate
636 4061 865 4150 detinuerunt,
883 4060 996 4128 literas
1016 4060 1113 4127 etiam
1134 4060 1167 4126 in

51 4163 154 4230 nalum
173 4165 292 4233 civium
307 4161 601 4232 Wormatiensium
617 4160 744 4230 eisdem
762 4158 974 4230 tradiderunt.
1001 4159 1041 4227 Et
1059 4158 1167 4226 statim

78 4271 104 4334 1)
120 4270 230 4327 nabunt
