2890 4832
272 190 341 258 326
599 217 733 264 cresson
754 219 868 264 vrras.
891 218 1083 264 nncrauunrr.

269 359 362 425 iuxta
380 356 586 424 mausoleum
612 355 810 426 nobilissimi
827 357 971 446 presulis
990 362 1023 424 ct
1041 355 1229 425 archiducis
1248 355 1386 445 Philippi,

271 454 361 544 quod
380 457 459 522 est
450 475 483 522 m
502 455 639 524 dextera
660 457 804 525 ecclesie
821 463 914 545 parte
934 463 1048 525 contra
1063 460 1194 544 portam
1211 456 1387 544 australem,
1434 457 1436 544 l

271 562 368 624 sexto
399 555 561 624 kalendas
585 556 690 623 martii
721 551 836 646 [1226
864 555 929 624 leb.
955 553 1019 647 ab]
1047 554 1200 624 dominus
1228 549 1436 623 Conradus
1434 585 1436 604 =

269 655 464 723 Portuensis
491 656 671 743 episcopus
697 662 731 723 et
751 653 844 723 sedis
863 656 1049 744 apostolice
1066 655 1199 741 legatus
1218 672 1327 722 coram
1341 655 1388 721 in·
1434 691 1435 696 =

270 753 471 828 numerabili,
494 752 701 822 multitudine
727 753 860 823 diverse
888 753 1059 841 dignitatis
1085 753 1212 821 ordinis
1237 771 1336 821 sexus
1361 761 1391 820 et

271 855 369 922 etatis
389 854 554 941 sepelivit.
580 850 712 933 Quanta
737 853 803 920 illic
827 852 977 940 quotidie
994 853 1151 921 miracula
1169 853 1251 920 liant
1266 855 1299 920 in
1316 853 1389 919 libro

270 954 426 1020 virtutum
453 954 525 1020 eius
549 953 665 1040 partim
683 951 911 1022 declarabitur.
937 953 1062 1021 Passus
1081 957 1134 1020 est
1151 958 1264 1020 aulem
1281 951 1389 1020 beatus

271 1059 393 1139 martyr
418 1070 507 1119 anno
535 1054 640 1137 gratie
666 1053 839 1121 millesimo
869 1051 1097 1121 ducentesimo
1121 1052 1389 1138 vicesimoquinto

271 1152 396 1219 mensis
423 1151 613 1220 novembris
638 1151 691 1220 die
715 1153 875 1242 septimo,
894 1169 983 1220 anno
1000 1149 1215 1240 pontificatus
1234 1151 1288 1218 sui
1305 1149 1390 1217 deci·

271 1269 325 1319 rno
334 1303 344 1340 ,
362 1250 424 1318 sub
442 1249 591 1320 Honorio
608 1269 696 1340 papa
715 1253 827 1340 tertio,
854 1253 1035 1340 imperante
1052 1249 1219 1318 Friderieo
1238 1248 1390 1336 secundo,

271 1349 493 1419 monarchiam
524 1350 587 1417 celi
617 1356 651 1417 et
681 1357 768 1419 terre
802 1349 975 1420 obtinente
1009 1349 1143 1418 domino
1174 1356 1293 1417 nostro
1318 1347 1393 1416 lesu

272 1448 403 1516 Christo
412 1501 421 1537 ‚
450 1450 505 1536 qui
523 1467 597 1516 oum
615 1457 707 1538 patre
726 1455 760 1518 et
784 1451 900 1538 spiritu
918 1455 1037 1519 sancto
1054 1449 1136 1518 vivit
1153 1454 1187 1517 et
1204 1452 1324 1534 regnat
1340 1465 1392 1536 per

271 1547 399 1616 infinita
416 1547 744 1624 seculaseeulorum.
769 1546 896 1635 Arnen.¹

346 1648 456 1732 Caput
478 1646 638 1714 decimum
665 1650 844 1734 septimum.
884 1647 1044 1736 Superest
1072 1663 1161 1714 nunc
1184 1652 1223 1714 ut
1252 1645 1392 1714 dieamus

273 1753 398 1833 quanta
422 1746 591 1814 celeritate
617 1753 649 1816 et
673 1749 853 1816 severitate
877 1747 1088 1834 omnipotens
1115 1744 1199 1814 deus
1219 1745 1333 1813 famuli
1350 1745 1393 1812 sui

275 1847 472 1931 sanguinem
490 1852 556 1913 turn
573 1865 632 1934 per
649 1865 687 1914 se
704 1848 813 1936 ipsum
831 1853 896 1914 turn
915 1845 1168 1934 perhumanum
1187 1845 1392 1912 ministeriun

271 1943 497 2013 vindicaverit.
529 1943 694 2026 Quantum
719 1947 805 2014 enirn
829 1945 1034 2034 displicuerit
1057 1944 1302 2030 sacrilegorum
1319 1942 1393 2010 laci·
1435 1993 1436 1997 η

270 2061 346 2134 nus,
364 2045 443 2113 licet
460 2046 612 2132 martyris
630 2047 747 2132 passio
765 2045 933 2134 placuerit,
950 2061 1039 2132 pena
1057 2043 1273 2130 subsequens
1293 2043 1393 2110 mani-
1435 2055 1436 2058 ’

270 2142 381 2210 lestat.
399 2143 474 2211 Vox
488 2146 668 2212 animarum
685 2162 745 2232 pro
762 2143 892 2212 Christo
906 2142 1154 2211 interfectorum
1173 2141 1339 2211 eiusmodi
1352 2147 1395 2210 est
1435 2155 1436 2196 t

270 2243 305 2308 in
324 2241 546 2330 Apocalypsi:
568 2243 674 2330 Usque
689 2262 755 2329 quo
769 2243 917 2312 dominus
930 2245 1064 2310 sanctus
1077 2246 1219 2308 eluente
1235 2257 1304 2309 noa
1317 2241 1393 2308 urdi-
1435 2251 1436 2288 l

270 2358 330 2406 eus
347 2345 381 2406 et
393 2359 458 2408 aaa
481 2343 628 2410 vindicus
645 2345 838 2428 sanquinem
854 2347 1000 2410 nostrum
1016 2342 1056 2408 de
1072 2340 1123 2408 dte
1137 2342 1191 2426 qai
1203 2339 1393 2408 tantumn
1435 2349 1436 2361 ¹

271 2441 390 2508 terra?
406 2440 482 2508 Non
499 2441 554 2508 diu
573 2443 781 2530 exspectavit
793 2442 966 2531 Dominus,
984 2458 1052 2508 non
1069 2459 1203 2530 annum,
1221 2457 1292 2508 non
1307 2457 1392 2507 men·

272 2557 353 2627 sem,
375 2539 435 2606 sed
454 2542 563 2608 statim
581 2543 731 2629 martyris
750 2543 802 2609 sui
819 2541 1011 2628 Engelberti
1030 2540 1228 2625 sanguinem
1243 2539 1287 2606 ad
1306 2553 1343 2606 se
1357 2537 1391 2604 de

270 2645 358 2705 terra
372 2639 746 2708 clamantemvindicare
761 2641 858 2729 cepit.
877 2637 1308 2723 Vindicavitautcmgladio
1319 2644 1392 2705 mat-

272 2737 373 2826 eriali,
391 2738 571 2806 vindicavit
588 2739 702 2824 gladio
721 2739 890 2828 spirituali,
908 2739 1020 2828 idque,
1040 2739 1127 2806 sieut
1143 2743 1266 2825 martyr
1281 2743 1391 2805 octavo
1434 2787 1435 2790 ,

272 2836 325 2904 die
342 2837 383 2903 ab
401 2838 491 2905 obito
509 2855 570 2905 suo
583 2838 751 2906 ludevico
761 2837 908 2907 Rodensi
919 2837 1116 2926 predixerat,
1126 2842 1192 2904 tam
1204 2836 1355 2904 celeriter
1366 2839 1393 2900 et
1432 2857 1435 2890 ε

271 2942 337 3001 tam
355 2937 472 3004 aeriter
490 2944 525 3004 ut
541 2955 560 3004 a
578 2937 676 3005 nobis
692 2937 781 3006 credi
800 2955 868 3006 non
887 2943 1013 3025 posset.
1040 2937 1188 3018 Nuceria,
1204 2937 1326 3024 inquit,
1337 2950 1390 3018 pre
1432 2961 1433 2964 ¹

272 3038 380 3110 oeric,
403 3051 460 3101 eos
476 3053 587 3102 omnes
605 3039 659 3120 qut
675 3055 726 3104 me
746 3037 937 3104 oeciderunt
955 3036 1009 3103 cel
1026 3053 1164 3120 quorum
1181 3034 1322 3102 emollio
1340 3049 1389 3099 oe-

273 3133 359 3198 cisus
381 3150 452 3199 uam
481 3134 567 3201 male
585 3138 753 3219 perituros
760 3189 769 3224 ,
794 3140 827 3203 et
845 3134 909 3202 bec
931 3136 1027 3202 eitius
1053 3151 1152 3219 quum
1177 3133 1271 3200 credi
1286 3133 1389 3218 possit.

272 3229 396 3311 Quarto
416 3233 501 3299 enirn
521 3233 574 3300 die
592 3253 679 3302 unus
698 3236 876 3302 satellitum
892 3233 1096 3302 funestorum
1114 3231 1325 3300 abHeinrioo
1339 3247 1390 3298 co-

272 3331 349 3398 mite
369 3331 466 3398 Tuitii
491 3339 620 3421 captus,
638 3335 673 3400 in
698 3334 809 3402 insula
828 3331 932 3400 Rheni
951 3340 1028 3400 ante
1046 3333 1187 3400 civitatis
1206 3331 1315 3398 menia
1331 3333 1390 3396 rote

272 3429 436 3517 supplicio
455 3431 595 3498 allectus
615 3434 757 3500 estsine
777 3433 843 3502 ulla
861 3431 1095 3500 misericordia.
1114 3430 1188 3498 Non
1206 3431 1310 3497 multo
1324 3431 1390 3516 post

230 3567 231 3570 =
273 3530 356 3596 alius
377 3529 509 3616 quidam
528 3532 654 3618 capitur
669 3537 702 3598 et
718 3533 849 3600 vinetus
868 3530 1039 3599 Coloniam
1058 3530 1209 3618 mittitur,
1228 3528 1285 3596 ubi
1302 3525 1389 3616 pedi·

273 3627 336 3694 bus
355 3627 397 3696 ad
425 3647 530 3715 equos
555 3631 677 3716 ligatus
705 3649 779 3698 cum
801 3649 860 3718 per
882 3631 1011 3718 plateas
1038 3629 1180 3696 civitatis
1205 3625 1389 3696 horrendum

274 3727 308 3792 in
326 3727 459 3795 modum
476 3734 600 3796 tractus
620 3735 721 3818 esset,
741 3729 893 3798 membris
917 3728 1068 3798 omnibus
1087 3728 1196 3796 securi
1215 3724 1388 3806 confractis,

274 3825 307 3889 in
325 3831 397 3892 rota
416 3833 507 3894 extro
527 3845 640 3894 muros
658 3830 788 3915 positus
808 3834 868 3896 est.
895 3827 998 3896 Aiunt
1015 3827 1100 3896 duos
1119 3826 1204 3894 alios
1224 3825 1300 3892 alibi
1317 3839 1387 3890 eon·

276 3923 399 3989 similes
426 3923 561 3994 dedisse
586 3944 700 4014 penas
728 3926 834 3994 Ceteri
858 3945 939 3995 vero
967 3933 1032 3994 tarn
1049 3925 1179 3994 nobiles
1198 3943 1294 4012 quam
1312 3919 1386 3990 seni

276 4038 390 4088 eorum
414 4025 527 4090 timore
554 4027 667 4093 mortis
692 4027 801 4094 natale
820 4027 926 4095 solum
945 4043 1019 4094 cum
1035 4023 1310 4114 possessionibus
1327 4019 1385 4087 suis

275 4120 521 4210 relinquentes,
541 4141 613 4190 cum
631 4124 717 4192 duce
735 4143 797 4194 suo
817 4125 939 4193 Satano
957 4139 1064 4212 usque
1081 4122 1181 4192 hodie
1200 4121 1385 4190 circumeunt

276 4225 394 4286 terram
420 4226 452 4286 et
474 4222 807 4307 perambulenteam.
842 4223 919 4312 lpse
943 4231 1050 4292 autem
1075 4223 1177 4291 totius
1202 4221 1276 4290 mali
1300 4219 1384 4303 eaput
