2886 4834
420 193 547 240 tutanos
569 193 809 239 aaaaumnausas.
1140 167 1184 234 99

120 328 286 416 Sequenti
311 347 402 399 auno
425 329 641 400 Gehehardas
666 333 849 420 episeopus
877 331 966 400 obiit.
1011 333 1071 400 Cui
1095 333 1182 401 Bur·
1203 347 1265 402 atat

57 427 190 496 ahardus
206 431 384 498 successit.
405 483 412 497 .
431 483 438 498 .
457 484 464 498 .

118 525 221 596 Anno
242 527 367 598 domiui
385 530 477 598 mci.
496 529 703 598 combustum
721 536 773 598 est
790 531 1029 598 monasterium
1045 525 1184 618 Argen-

56 627 179 696 tiueuse
198 629 317 697 tercio.
334 681 341 696 .
359 681 367 696 .
386 681 392 696 .
797 705 800 710 ,

118 723 221 793 Anno
250 726 374 794 domini
401 727 564 796 m.c.i.viii.
604 727 840 796 monasterium
872 727 906 793 in
937 725 1033 796 Novo
1066 727 1184 796 Castro

56 831 267 892 consecratur
285 825 347 894 sub
365 825 516 912 glorioso
534 825 701 894 Fridericc
726 827 924 914 imperatore
951 843 1040 893 anuo
1058 827 1185 914 imperii

56 923 118 990 eius
144 930 249 991 sexto
273 925 308 992 in
332 924 450 1013 predio
474 923 627 993 Reinoldi
653 925 802 1014 comitis,
830 929 946 1011 quarto
973 941 1081 993 nonas
1108 927 1184 992 maii

56 1019 128 1110 [mai
144 1019 188 1113 lt]
216 1041 238 1091 a
263 1021 459 1092 reverendis
483 1024 653 1112 episcopis
679 1022 847 1091 Burcurdo
866 1020 1125 1107 Argentiuensis
1151 1031 1185 1091 ot

53 1120 200 1188 Heinrico
217 1123 397 1190 Trecensis
417 1122 560 1191 ecclesie
574 1125 607 1190 in
623 1121 751 1190 horrore
769 1129 885 1190 sancte
900 1121 1016 1190 Crucis
1035 1129 1069 1189 ct
1086 1121 1183 1190 beate

54 1220 146 1286 ilario
165 1221 319 1306 uirginis
523 1239 527 1244 ·

115 1317 218 1386 Anno
234 1317 360 1388 domini
371 1319 517 1388 mcixii.
531 1325 594 1386 etc.
614 1319 741 1388 Eodem
758 1336 847 1386 anno
862 1317 1016 1404 Horhurg
1031 1320 1183 1386 acomite

55 1415 189 1503 Hugcne
213 1417 261 1486 de
278 1418 480 1504 Dageshurg
498 1417 686 1486 destruitur.
708 1419 786 1505 Ipso
804 1433 893 1485 anno
911 1416 1099 1485 Burcardus
1117 1416 1183 1486 Aa·

55 1517 264 1600 gentineusis
283 1520 463 1606 episcopus
482 1517 570 1586 obiit.
598 1517 658 1584 Cui
676 1515 838 1586 Rudolius
857 1517 1031 1584 successit.
1050 1570 1057 1582 .
1076 1570 1108 1584 ..

117 1614 219 1684 Anno
251 1615 375 1684 domini
403 1616 585 1684 meinati.
622 1616 830 1684 combustum
862 1621 915 1682 est
947 1616 1183 1685 monasterium

55 1709 298 1800 Argentinense
316 1721 444 1803 quarto.

116 1811 218 1882 huno
241 1813 365 1882 domini
383 1813 591 1882 meinuviii.
617 1813 705 1880 iacta
731 1818 784 1880 cst
802 1811 904 1880 cedes
923 1830 1045 1897 magna
1063 1813 1097 1880 in
1114 1812 1183 1880 La·

56 1911 212 1994 gelnheim
226 1915 321 1981 iuxta
336 1911 588 2001 columbarum,
604 1911 742 1979 Conone
757 1911 798 1980 de
813 1910 970 1996 Horhurg
982 1917 1015 1978 et
1028 1911 1182 1997 Egelolio

57 2006 91 2075 de
107 2010 310 2098 Ursclingen
327 2012 412 2080 inter
429 2028 466 2078 se
485 2010 712 2099 preliautibus

118 2107 218 2179 huno
249 2109 373 2180 domini
395 2109 612 2178 mcixmviiii.
639 2116 701 2176 etc.
737 2105 862 2175 Eodem
892 2121 981 2174 auno
1009 2105 1182 2175 cunradus

57 2205 84 2270 in
98 2208 211 2294 vigilia
232 2209 359 2278 'ihomc
377 2208 521 2298 apostoli
541 2204 631 2298 [dec.
643 2205 707 2299 20]
726 2205 982 2292 Argentincusis
1000 2207 1182 2294 episcopus

10 2325 12 2400 p
59 2303 186 2399 cligitur,
207 2309 266 2396 qui
284 2309 431 2396 proximo
451 2324 539 2375 anno
558 2306 677 2374 ecdem
692 2306 746 2374 dic
764 2303 996 2393 sepeliebatur.
1026 2303 1181 2373 EtHein-

58 2403 134 2473 ricus
152 2406 314 2476 cathedre
342 2406 514 2495 preficitur.

10 2517 12 2584 t
121 2503 222 2576 Anno
242 2505 366 2574 domini
384 2506 545 2574 mcixxx.
570 2502 723 2571 dedicata
750 2509 803 2570 cst
826 2504 929 2572 maior
946 2503 1092 2570 ecclesia
1120 2504 1181 2571 lu-

60 2597 175 2672 icricris
192 2605 393 2672 Monasterii
418 2603 508 2693 apud
525 2601 749 2690 hohenburg,
773 2602 808 2668 in
834 2599 960 2668 honore
986 2606 1102 2669 sancte
1128 2600 1181 2668 dci

10 2709 12 2852 ,
60 2703 219 2782 genitricis
238 2703 342 2771 Murio
361 2723 381 2771 a
398 2701 581 2771 Mantuano
599 2701 786 2789 apostolice
805 2697 896 2766 sedis
914 2699 1038 2784 legato.
1056 2751 1064 2765 .
1083 2751 1090 2765 .
1109 2751 1116 2765 .

10 2859 12 2882 s
122 2800 222 2871 huno
242 2801 367 2871 domini
390 2803 587 2869 mcixxxu.
614 2806 676 2867 ctc.
714 2799 793 2887 Ipso
821 2815 910 2864 anno
936 2803 1078 2865 castrum
1102 2797 1178 2866 Bri-

63 2898 151 2968 sache
169 2921 189 2971 a
207 2919 290 2988 rege
309 2901 466 2969 Heinrieo
480 2901 634 2968 initiatur.

122 2996 222 3068 Anno
241 3000 364 3068 domini
381 2999 576 3068 mc.lxxx.vi.
603 3002 674 3066 erat
690 2996 808 3084 hyems
827 2994 950 3084 calida,
975 2995 1021 3062 ita
1039 2993 1129 3081 quod
1146 2995 1179 3062 in

10 3107 11 3146 t
62 3091 213 3166 decembri
232 3105 266 3167 ct
282 3099 430 3167 ianuario
448 3098 549 3166 multe
567 3097 703 3164 arbores
721 3093 887 3182 sscrcrent,
902 3095 936 3161 in
959 3091 1078 3180 quibus
1093 3095 1180 3162 circa

61 3190 245 3266 februarium
271 3217 353 3286 pyra
371 3199 554 3284 quantitate
577 3193 761 3263 immodum
786 3194 938 3260 avellano
956 3209 1078 3278 magna
1096 3211 1181 3261 cou-

63 3294 282 3378 spiciehantur.
317 3297 384 3366 Sed
402 3297 549 3384 proxime
568 3294 721 3382 sequenti
740 3309 840 3381 anno,
859 3291 986 3359 seilicet
1004 3307 1093 3358 anno
1111 3291 1177 3359 do·

10 3425 11 3430 =
63 3392 373 3485 mini'm.c.ixxx.vii.,
399 3397 486 3463 eirea
504 3395 653 3462 martium
670 3409 793 3477 magna
811 3391 897 3458 aeris
916 3389 1127 3456 inclementia
1146 3393 1179 3456 et

10 3483 12 3578 t
65 3495 213 3577 asperitas
242 3495 367 3581 algoris
394 3495 534 3562 veniens
562 3491 630 3558 iere
656 3507 765 3576 usquc
792 3488 835 3556 ad
854 3489 916 3556 hal.
941 3485 1177 3574 inuitauerit,

64 3585 101 3654 ita
116 3593 203 3676 quod
220 3593 255 3659 in
273 3599 486 3682 pentecoste,
506 3590 662 3660 videlicet
678 3589 713 3656 in
730 3587 839 3656 medio
858 3587 943 3654 maio
953 3636 962 3673 ,
984 3585 1042 3653 nix
1059 3603 1180 3672 magna

10 3713 11 3732 1
66 3689 168 3758 cecidit
185 3698 220 3759 et
237 3689 306 3760 iere
332 3693 443 3761 omnia
460 3707 559 3780 poma
577 3689 752 3777 perierant.
786 3683 911 3755 Eodem
939 3701 1028 3752 anno
1046 3682 1180 3770 Argan-

66 3783 120 3854 tina
135 3790 167 3856 in
184 3807 302 3858 mense
318 3789 468 3878 predicto
486 3806 529 3856 ex
545 3803 667 3873 magna
684 3791 777 3873 parte
794 3782 950 3854 incendio
967 3787 1100 3852 uastata
1118 3789 1180 3852 est.

126 3887 225 3957 Anno
244 3887 368 3958 domini
391 3905 517 3958 mcxc.
544 3887 641 3954 beate
666 3885 821 3952 memorie
845 3881 1019 3950 Heinrieus
1044 3881 1180 3968 Argen-

67 3980 190 4054 tinensis
216 3990 454 4076 episcopusin
479 3983 743 4054 annunciacionc
768 3987 885 4050 sancte
912 3979 1016 4048 hiarie
1041 3982 1179 4066 virginis

10 4075 12 4162 t
68 4075 109 4146 die
124 4085 244 4170 pasche
263 4087 370 4176 [murz
388 4083 453 4177 25]
480 4103 522 4154 ex
548 4085 611 4154 hac
634 4083 709 4151 lucc
727 4081 889 4166 migravit.
924 4076 985 4146 Cui
1004 4077 1179 4148 Cunradus

10 4177 11 4182 ’
68 4186 221 4252 successit.
270 4177 392 4254 Postea
425 4201 514 4253 auno
540 4181 663 4251 domini
695 4179 864 4248 m.o.xc.iii.
890 4175 979 4246 idem
1005 4175 1178 4246 Cunradus
