2886 4834
271 216 338 283 102
623 243 755 290 annuens
774 210 1029 290 hrennrrnrnsirs.

187 395 254 448 troo
272 383 360 451 bona
379 367 594 450 eorrtessrene
624 387 657 449 et
680 381 785 467 longa
809 379 995 468 egritudine
1021 379 1110 470 apud
1134 380 1319 448 Bisuntium
1341 380 1399 449 dc-

268 481 423 568 iungitur.

343 578 442 649 Anno
461 576 585 646 domini
611 579 724 645 mcci.
756 555 1020 666 preclarissimus
1051 579 1207 666 princeps
1231 577 1398 664 Philippus

269 697 382 746 narsus
418 678 598 745 exercitum
632 677 797 762 colligens
822 677 1000 744 Mosellam
1026 677 1195 766 transivit,
1229 677 1397 744 Coloniam

271 776 421 865 obsedit,
439 776 629 844 Brunonem
647 777 843 864 episcopum
860 777 958 864 cepit,
977 781 1011 843 et
1028 777 1077 844 sio
1095 777 1263 843 civitatem
1290 779 1323 846 ct
1349 781 1398 841 to-

270 884 336 944 tam
354 876 558 964 provinciam
576 874 619 942 ad
637 873 840 942 deditionem
858 875 979 961 coegit,
1014 875 1137 942 Postea
1153 873 1399 961 Aquisgranun

269 976 409 1042 veniens
435 992 508 1041 curn
531 974 641 1042 multis
668 973 869 1062 principibus
896 972 1056 1063 insede,
1081 991 1149 1040 unu
1175 991 1249 1041 eum
1275 991 1397 1062 regma,

269 1074 364 1160 regni
383 1072 481 1162 sedit,
500 1090 540 1140 ae
558 1071 679 1140 deinde
697 1089 856 1160 prospere
874 1071 917 1139 ad
934 1075 1067 1160 propria
1084 1071 1190 1140 rediit.

342 1170 442 1240 Anno
468 1171 593 1239 meoii.
625 1169 798 1238 Cunradus
824 1172 1005 1259 episcopus
1026 1168 1288 1257 Argentinensis
1316 1168 1400 1237 obiit.

271 1269 330 1338 Cui
356 1270 532 1338 Heirrrious
559 1269 600 1337 de
619 1269 788 1355 Veringen
816 1271 992 1338 suecessit.
1033 1269 1097 1339 llio
1127 1271 1287 1356 religiose
1320 1269 1401 1356 cepit

273 1371 388 1437 vivere
413 1375 446 1436 et
469 1386 606 1455 guerras
633 1374 666 1436 et
696 1369 801 1456 prelia
826 1367 1003 1437 declinare.
1039 1369 1118 1457 lpso
1137 1375 1305 1456 tempore,
1330 1368 1411 1434 cun&

271 1466 373 1535 sedes
391 1467 665 1552 hloguntinensis
685 1473 778 1535 esset
794 1469 829 1535 in
847 1483 967 1558 errore,
984 1468 1041 1536 vix
1059 1486 1079 1535 a
1096 1466 1230 1536 domino
1247 1465 1398 1558 Aposto-

270 1566 335 1634 lioo
362 1566 529 1633 licentiam
548 1565 765 1634 ordinationis
793 1584 854 1635 sue
877 1568 1072 1655 impetravit.
1112 1565 1262 1634 Tandem
1285 1570 1323 1632 ut
1338 1563 1399 1632 Sc-

271 1665 434 1732 nonensis
460 1665 732 1753 archiepiscopus
759 1665 868 1752 ipsum
894 1671 1123 1755 consecraret,
1159 1666 1217 1732 vix
1248 1662 1398 1749 obtinuit,

271 1781 360 1831 anno
387 1762 509 1830 domini
534 1765 680 1832 mccvii.
720 1762 782 1843 Qui
806 1765 839 1831 in
865 1769 1063 1852 pentecoste
1083 1760 1167 1854 [iun.
1187 1759 1251 1854 to]
1281 1763 1316 1830 in
1340 1759 1398 1830 hr-

270 1863 410 1949 gentina
428 1861 601 1930 celebrans
620 1861 765 1952 ordines,
783 1863 839 1931 xvi
857 1863 920 1932 hal.
937 1863 1006 1930 iulii
1026 1859 1110 1954 [iun.
1130 1859 1194 1954 to]
1214 1861 1285 1929 iere
1305 1861 1399 1948 quin-

271 1965 394 2047 gentos
414 1961 552 2029 clericos
572 1961 735 2028 ordinavit
751 1967 784 2028 et
801 1963 1029 2049 consecravit,
1049 1978 1271 2029 summevero
1292 1977 1398 2027 saecr-

272 2059 386 2127 dotum
410 2065 542 2127 centum
569 2065 603 2127 ct
620 2065 763 2147 quatuor
780 2062 896 2128 extitit.
934 2061 1013 2148 Ipsa
1037 2060 1091 2128 dio
1110 2059 1398 2128 christianissimus

270 2175 329 2226 rex
346 2159 543 2246 Philippus
533 2178 568 2227 nr
585 2159 665 2226 urbe
684 2157 744 2226 luit
761 2175 834 2225 oum
850 2159 1053 2273 principibus
1073 2160 1153 2226 suis

345 2255 445 2324 Anno
472 2256 595 2324 domini
618 2276 659 2324 rn.
663 2258 777 2326 ccviii.
803 2277 877 2326 curn
899 2259 1068 2346 piissimus
1092 2276 1151 2326 rex
1172 2256 1376 2344 Philippus
1368 2273 1397 2320 ιιι

272 2355 445 2442 procinctu
469 2357 593 2424 itineris
613 2363 705 2424 esset
726 2355 858 2424 eundi
849 2377 883 2424 ιιι
902 2356 1099 2446 Saxonianr,
1125 2349 1187 2422 ut¹
1208 2355 1337 2422 diutina
1359 2352 1397 2419 ihi

273 2453 371 2520 hnem
389 2455 540 2542 accipere
559 2453 711 2545 deberet,
738 2460 839 2542 atque
856 2455 1057 2542 Babenbcrg
1079 2455 1233 2523 venisset
1260 2460 1296 2522 et
1321 2453 1397 2518 mili-

272 2557 340 2620 turn
358 2553 590 2622 collectionem
608 2559 810 2643 expectaret,
820 2554 931 2642 ibique
950 2572 1070 2622 venam
1086 2552 1263 2622 incidisset
1282 2558 1315 2620 et
1333 2569 1397 2618 cun
1433 2597 1434 2628 ι

273 2649 471 2738 quibusdam
488 2654 582 2738 regni
601 2651 753 2720 hdelibus
771 2653 804 2720 in
823 2659 954 2722 secreto
972 2653 1048 2720 loco
1066 2653 1179 2742 palatii
1198 2653 1396 2738 quiesceret:

273 2750 442 2818 Palatinus
462 2750 503 2818 de
522 2751 751 2841 Witelsbacb,
770 2754 826 2838 qui
843 2751 988 2820 lubricus
1008 2757 1078 2819 crat
1095 2757 1129 2820 et
1146 2751 1322 2818 multorum
1339 2766 1395 2816 no-

273 2847 385 2916 bilium
402 2848 576 2938 homicida,
594 2852 735 2919 veniens
755 2851 841 2918 sicut
867 2850 923 2918 diu
948 2850 1059 2918 dolum
1086 2852 1119 2917 in
1146 2848 1246 2918 corde
1280 2864 1395 2916 eonce-

272 2953 383 3035 perat,
410 2948 576 3014 introitum
593 2950 687 3036 petiit
713 2955 747 3016 et
769 2951 973 3038 impetravit,
1005 2949 1124 3037 spatha
1142 2953 1293 3017 extracta
1311 2945 1397 3059 quasi

273 3045 437 3112 ioculator
453 3045 564 3113 ludum
583 3048 764 3138 simulans,
784 3054 883 3116 nacta
906 3049 1151 3138 opportunitate
1177 3065 1293 3134 regern
1319 3047 1396 3112 circa

275 3145 437 3211 ceruicem
453 3147 636 3236 percussit,
662 3153 694 3214 et
718 3148 828 3215 statim
852 3145 969 3233 lugere
988 3147 1084 3235 oepit
1119 3146 1160 3215 ut
1186 3145 1228 3214 de
1253 3147 1323 3214 ictu
1345 3143 1433 3250 illo

274 3241 505 3310 vitamhnivit.
538 3243 665 3333 Corpus
692 3245 842 3313 eiusdem
864 3243 1172 3335 ibidemhumatur,
1204 3243 1395 3332 sedpostca
1432 3269 1433 3361 p

274 3342 427 3409 revoluto
458 3348 604 3431 tempore
632 3343 839 3413 uFriderico
866 3363 946 3430 rege
982 3343 1110 3432 Spiram
1133 3343 1175 3412 ad
1203 3343 1394 3431 sepulturam

272 3440 400 3526 regiam
419 3458 500 3508 ossa
527 3439 757 3530 deportantur,
784 3462 824 3511 ao
841 3444 988 3530 gloriose
1006 3443 1050 3510 ihi
1068 3443 1279 3511 tumulantur.
1313 3439 1394 3508 Mar-

275 3537 430 3607 sohalous
448 3557 529 3608 vero
556 3538 597 3608 do
617 3539 767 3632 Calatlrin
784 3543 873 3609 illum
900 3559 1106 3630 persequens
1131 3539 1221 3630 apud
1240 3537 1393 3628 quandam

275 3639 447 3723 grangiam
474 3641 570 3706 sitam
601 3639 690 3727 apud
706 3639 894 3708 Danubium
919 3639 1059 3722 occidit,
1087 3645 1120 3708 et
1145 3645 1245 3728 eaput
1271 3640 1342 3706 eius
1365 3635 1393 3700 in

275 3753 394 3822 aquam
412 3739 560 3824 proiecit.
585 3737 714 3824 Regina
730 3756 811 3807 vero
829 3739 942 3808 audita
953 3737 1061 3828 ipsius
1077 3745 1191 3827 morte,
1208 3744 1241 3805 et
1256 3738 1393 3805 sentiens
1431 3797 1432 3822 ἶ

275 3834 408 3900 unicum
434 3836 587 3904 solatium
611 3838 644 3904 in
672 3856 712 3905 eo
741 3839 818 3924 quia
843 3839 1018 3927 peregrina
1044 3844 1114 3906 erat
1138 3835 1342 3926 perdidisse,
1367 3835 1393 3898 ct
1431 3839 1432 3851 ¹

277 3948 349 3996 cum
377 3940 470 4000 esset
501 3953 670 4020 pregnans
698 3937 847 4006 dolorem
874 3935 980 4004 dolori
1007 3936 1196 4023 cumulem,
1230 3933 1273 4002 ad
1297 3933 1391 4015 Stoup

276 4034 419 4097 castrnm
445 4031 589 4100 deducta
619 4041 671 4102 est
691 4054 768 4105 cun
794 4034 1018 4104 testinatione.
1057 4035 1119 4104 Ubi
1145 4040 1224 4122 post
1240 4031 1392 4102 modicum

276 4134 407 4216 tempus
433 4129 582 4198 abortum
609 4131 696 4200 iecit.
728 4132 769 4201 Et
794 4133 842 4202 sio
860 4135 961 4203 vitam
979 4153 1053 4203 oum
1071 4134 1140 4203 ictu
1165 4132 1285 4222 hnivit,
1312 4123 1392 4198 etad

312 4238 343 4303 l)
361 4251 457 4303 guerra
475 4236 541 4292 oder
557 4239 601 4292 ein
619 4237 758 4296 dlrnliches
776 4248 847 4297 wort
863 4241 938 4296 fehlt.
