2890 4832
380 264 416 310 nx
439 263 605 308 ooorrmoo
628 261 803 308 cononrunsr.
1097 232 1162 300 361

27 402 143 471 luisset
152 453 162 490 ,
193 404 338 470 moritur.
374 401 433 469 Cui
459 401 559 488 Hngo
582 400 775 469 Hostiensis
801 399 981 488 episcopus
1000 398 1162 489 succedit,
1183 407 1249 462 1227

29 509 58 568 ot
76 501 261 586 Gregorius
280 503 475 569 nominatur.

98 599 181 688 lpsc
209 618 300 668 anno
325 601 359 667 in
377 599 431 668 die
449 599 553 668 llario
572 598 775 686 Magdalene
792 595 867 688 [iuli
886 597 950 690 22]
971 615 1030 666 rex
1046 597 1165 667 Dano-

29 717 111 787 rnm,
130 701 363 786 prevaricator
381 699 458 767 lrdei
478 705 511 766 et
528 699 701 766 iuramenti
712 716 773 786 pro
785 697 997 766 absolutione
1013 715 1075 764 sua
1088 715 1167 785 pre-

30 798 109 886 stiti,
141 796 319 866 vindicare
347 816 385 866 se
409 804 519 888 parat,
550 804 583 864 et
610 803 780 866 contracta
805 797 932 864 inlinita
961 795 1167 865 multitudine

31 898 179 964 comitem
211 897 255 965 dc
281 897 392 965 Zuirin
419 896 506 966 bello
533 897 681 964 lacescit.
713 895 847 984 Aque,
874 895 1038 964 adiutorio
1057 896 1167 964 archi-

32 996 178 1082 cpiscopi
207 997 401 1064 Bremensis
426 1003 459 1065 et
487 993 734 1064 ducisAlberti
753 995 795 1064 de
815 994 978 1084 Saxonia,
1004 994 1091 1064 idem
1109 1013 1169 1062 rex

31 1101 226 1183 superatus,
253 1113 313 1183 per
338 1093 450 1182 lugam
468 1097 526 1163 vix
543 1094 674 1186 evadit,
695 1101 847 1183 exparte
866 1112 928 1162 sua
947 1100 1088 1180 quatuor
1106 1095 1168 1162 mi-

29 1193 109 1261 libus
127 1195 279 1262 virorum
298 1195 512 1282 interemptis.

97 1293 180 1380 lpso
208 1295 315 1362 eciam
339 1311 428 1362 anno
455 1291 533 1362 Otto
558 1295 738 1381 episcopus
770 1293 995 1360 Traieotensis
1028 1291 1168 1358 electam

34 1391 171 1458 militiam
190 1398 401 1481 congregat,
424 1401 567 1460 castrum
584 1391 742 1461 lluvorde
761 1397 1013 1480 expugnaturus
1031 1395 1168 1477 propter

35 1490 251 1558 rebellionem
270 1491 420 1558 eiusdem
438 1493 537 1560 castri
555 1493 787 1578 possessoriS,
807 1493 863 1578 qui
882 1493 913 1558 ei
931 1494 1002 1558 iure
1020 1489 1168 1574 homagii

37 1589 214 1657 tenebatur.
250 1589 399 1678 Cumque
425 1592 460 1658 in
487 1591 541 1660 die
559 1589 649 1658 beati
667 1589 881 1658 Pani-aleonis
902 1585 977 1679 [iuli
996 1584 1060 1678 28]
1080 1587 1169 1655 idem

37 1689 211 1776 episcopus
241 1695 275 1757 et
298 1707 412 1758 comes
432 1689 602 1758 Gelrensis
622 1707 693 1758 oum
713 1690 830 1758 electis
849 1695 882 1758 et
899 1688 1037 1756 famosis
1055 1687 1168 1754 militi-

40 1786 94 1854 bus
112 1789 224 1856 minus
245 1794 358 1878 caute,
385 1789 483 1858 locus
510 1791 596 1857 enim
616 1794 705 1856 totus
723 1787 908 1876 paludosus
929 1793 998 1875 ost,
1023 1791 1168 1854 castrum

39 1887 253 1975 impetissent,
272 1889 305 1954 in
325 1889 422 1955 talem
438 1887 665 1966 difficultatem
679 1886 984 1956 deveneruntunde
998 1902 1066 1953 non
1079 1901 1167 1972 pos-

43 1991 107 2051 sent
130 1985 318 2073 procedere
342 2005 406 2054 nco
432 1989 561 2056 reverti.
587 1985 661 2066 Quo
680 1988 753 2054 viso
773 1987 872 2054 castri
890 1984 1087 2053 defensores
1107 2001 1167 2052 su-

40 2081 99 2150 lrito
117 2083 372 2154 descendentes
386 2088 562 2156 universos
581 2085 875 2174 comprehendunt,
886 2086 1082 2172 episcopum
1093 2100 1167 2150 cum

43 2179 126 2250 tratre
144 2185 320 2272 preposito
334 2185 573 2254 nefandissime
589 2185 790 2273 decapitant,
809 2185 942 2252 inclitos
954 2183 1073 2251 milites
1089 2181 1167 2250 illos

43 2298 73 2346 se
90 2281 274 2351 defendere
291 2302 360 2351 non
378 2285 550 2373 valentes,
575 2290 690 2372 utpote
708 2284 778 2353 luto
798 2302 899 2372 super
916 2300 1030 2369 genua
1047 2279 1168 2350 deten-

44 2385 99 2469 tos,
115 2384 235 2468 partim
254 2383 472 2468 submergunt
486 2386 602 2472 partim
618 2383 797 2452 transfixos
814 2382 989 2450 crudeliter
1003 2379 1168 2449 occidunt.

106 2481 235 2549 Eodem
261 2499 349 2550 anno
375 2484 482 2551 electa
500 2482 668 2572 expeditio
688 2500 785 2550 eruce
805 2483 1010 2568 signatorum
1030 2479 1072 2546 ab
1091 2498 1168 2548 om-

46 2576 130 2646 nibus
148 2581 264 2649 mundi
281 2581 428 2668 partibus
447 2588 537 2650 mota
555 2588 708 2650 cassatur
726 2587 758 2650 et
777 2580 977 2668 dissipatur,
1001 2578 1168 2646 Friderioc

45 2675 230 2763 imperatore
256 2682 342 2748 sicut
365 2680 487 2748 dudum
515 2683 711 2770 promiserat
743 2698 811 2748 non
837 2677 1080 2747 transfretante.
1116 2674 1168 2744 Ob

49 2791 133 2859 quam
159 2796 297 2846 causam
315 2799 335 2846 a
353 2779 516 2866 Gregorio
542 2799 631 2868 papa
649 2780 960 2848 excommunicatur.
987 2774 1061 2845 Hoc
1079 2793 1168 2844 anno

47 2873 73 2938 in
89 2873 253 2946 decembri
273 2883 392 2946 ventus
411 2877 542 2947 validus
560 2884 671 2968 partes
691 2877 891 2946 edificiorum
911 2877 1044 2965 stravit,
1060 2875 1169 2942 arbo-

49 2989 92 3037 res
116 2975 274 3046 radicitus
303 2978 394 3045 eruit.
422 2975 559 3066 Hiemps
577 2979 675 3046 nimis
694 2983 765 3045 crat
783 2977 947 3066 pluviosa.
981 2975 1060 3064 lpso
1079 2991 1167 3042 anno

50 3067 187 3143 dominus
211 3075 388 3146 Heinrious
416 3078 538 3144 tercius
563 3077 667 3146 abbas
687 3076 776 3144 obiit.
804 3075 864 3144 Cui
882 3074 1035 3144 dominus
1055 3073 1169 3143 Simon

53 3176 211 3242 successit.

114 3267 206 3342 llnno
226 3274 349 3342 domini
367 3276 580 3344 m.cc.xx.viii.
597 3267 608 3310 ¹
633 3274 820 3342 Fridericns
838 3274 1018 3362 imperator
1036 3271 1168 3341 tandem

55 3381 127 3436 mare
145 3374 278 3464 transit,
306 3378 340 3440 et
362 3381 557 3461 recuperata
582 3373 769 3442 Jerusalem
788 3377 821 3440 et
837 3379 931 3459 parte
949 3369 1033 3440 torre
1053 3375 1169 3438 sancte

55 3480 115 3532 cum
147 3469 336 3542 sarracenis
362 3491 471 3560 usque
498 3471 541 3541 ad
567 3478 689 3542 certum
719 3473 892 3540 terminum
918 3475 1052 3555 treugas
1079 3468 1168 3536 iacit.

57 3559 113 3630 Sed
128 3572 201 3654 quia
217 3573 314 3658 quasi
327 3571 528 3640 inobediens
544 3578 577 3640 ct
591 3571 895 3640 excommunicatus
916 3567 1079 3656 transivit,
1097 3567 1168 3634 lac·
1250 3609 1252 3616 -

57 3663 112 3730 lum
127 3684 218 3736 suum
237 3670 418 3756 Gregorius
436 3689 523 3760 papa
541 3688 608 3738 non
627 3669 790 3758 approbat
807 3685 870 3736 nec
887 3669 994 3756 ipsum
1012 3665 1168 3734 absolvit.

59 3756 114 3828 Sed
136 3767 269 3836 reditum
296 3771 369 3838 eins
395 3775 565 3856 metuens,
593 3775 710 3836 terram
735 3787 827 3836 suam
848 3772 881 3834 et
899 3773 1009 3834 castra
1025 3783 1085 3853 per
1102 3765 1169 3834 Jo-

58 3853 179 3932 hannem
198 3885 351 3935 socerum
369 3869 577 3956 imperatoris
594 3869 766 3957 impugnat
784 3873 817 3935 ct
835 3870 994 3954 occupat,
1019 3865 1168 3952 pluribus

61 3955 226 4034 civitatibus
251 3966 487 4053 Longobardie
513 3973 546 4035 et
570 3967 641 4035 aliis
668 3967 752 4034 locis
772 3965 835 4034 sibi
855 3970 972 4032 centra
988 3965 1168 4052 imperato-

61 4069 115 4124 rem
139 4064 353 4134 confederatis
379 4072 412 4134 et
438 4067 595 4134 auxilium
621 4065 803 4134 serentibus
830 4065 977 4134 militaro.
1009 4062 1168 4130 Romanis

89 4197 113 4263 l]
129 4201 182 4259 hier
199 4207 257 4261 sind
275 4208 302 4260 in
322 4207 370 4262 der
388 4207 428 4262 hs.
449 4208 509 4260 vier
525 4205 613 4261 zellen
631 4205 685 4261 und
704 4208 765 4260 eine
783 4203 863 4260 halbe
881 4203 1040 4272 cusrodiant,
1059 4203 1103 4258 die
1121 4204 1169 4258 mit

64 4275 151 4326 dlossor
165 4276 241 4332 mithe
259 4275 333 4332 wohl
352 4274 422 4332 noch
439 4275 550 4345 gelesen
568 4274 679 4332 werden
697 4276 824 4330 konnton.
