2950 4836
354 791 605 864 CHRONICON
632 793 1001 870 OSTERHOVIENSE.
1055 799 1149 868 1285
1171 839 1216 846 -
1240 798 1345 866 1313.

199 1151 266 1206 ¹28⁵
351 1115 593 1218 Moclxxmv.
612 1147 779 1220 Gotiridus
794 1147 1001 1220 Patamensis
1024 1151 1206 1240 episeopus
1232 1150 1327 1218 obiit.
1350 1149 1414 1217 Do-

280 1251 388 1318 minus
404 1246 633 1316 Wembardns
649 1247 690 1316 de
707 1250 887 1317 l’rambacb
904 1249 1056 1317 eiusdem
1074 1249 1218 1317 eoelesie
1234 1249 1411 1316 canonicus

280 1346 439 1418 succedit.
465 1344 592 1414 Eodem
612 1365 700 1416 anno
720 1346 820 1414 Judei
844 1349 879 1415 in
906 1347 1075 1416 Baoherac
1101 1346 1226 1414 bonum
1254 1347 1413 1414 hominem

280 1447 491 1514 christianum
509 1443 728 1512 Wemhorum
745 1447 878 1513 nomine
904 1445 1034 1513 occulte
1052 1443 1265 1532 occiderunt,⁴
1294 1445 1351 1530 qui
1369 1442 1414 1510 di-

281 1546 365 1612 citur
381 1541 546 1608 miraculis
565 1541 736 1610 claruisse.
764 1543 876 1611 Simile
901 1544 1001 1632 priori
1025 1559 1113 1610 anno
1132 1541 1259 1610 accidit
1275 1541 1415 1608 Monaci.

352 1639 582 1707 ltlcclrmmvi.
620 1639 782 1709 Dominus
814 1641 944 1710 Ulrious
982 1641 1080 1708 buius
1121 1639 1187 1708 loci
1226 1641 1416 1727 prepositus

280 1738 389 1807 dictus
418 1735 460 1804 de
477 1733 621 1822 Aeming
645 1739 795 1824 regimini
823 1741 937 1806 cessit.
964 1737 1024 1806 Cui
1044 1738 1260 1805 substituitur
1276 1755 1341 1824 per
1356 1755 1415 1804 ro-

280 1845 348 1904 tum
366 1835 596 1922 compromissi
624 1833 777 1904 dominus
795 1835 918 1905 Albaro
944 1837 1126 1904 eanonicus
1145 1833 1417 1921 Windebergen-

280 1936 339 2023 sis,
358 1931 525 2021 quondam
544 1932 648 2000 abbas
667 1933 800 2024 ibidem,
823 1936 858 2002 in
876 1933 930 2002 die
948 1931 1037 2001 beati
1056 1933 1205 2018 Gregorii
1222 1949 1325 2020 pape.

351 2031 595 2098 Meclxxmvii.
621 2030 813 2100 Celebratur
847 2032 1023 2100 concilium
1049 2031 1138 2118 apud
1163 2031 1377 2118 Herbipolim
1400 2049 1418 2096 a

279 2129 414 2197 domino
438 2127 594 2197 iohanne
619 2128 778 2197 cardinali
805 2131 967 2218 episcopo
986 2129 1178 2198 Tusculano
1206 2147 1250 2196 ax
1277 2127 1418 2196 ordina-

279 2228 370 2295 tione
387 2225 527 2294 Houorii
545 2228 650 2313 quarti
669 2229 786 2294 summi
803 2227 983 2316 pontilicis.
1010 2227 1069 2295 Cui
1092 2227 1277 2294 intererant
1309 2227 1419 2295 archi-

279 2325 431 2412 episcopi
441 2323 659 2409 Moguntinus
679 2324 959 2412 Salozpurgensis
974 2330 1008 2392 et
1019 2324 1308 2414 blaidburgensiS,
1325 2326 1418 2412 epis-

279 2423 356 2510 copi
373 2423 586 2510 septuaginta
604 2427 637 2490 et
654 2423 709 2490 alii
726 2423 843 2511 prelati
861 2441 935 2491 cum
950 2423 1040 2491 clero
1058 2423 1092 2490 in
1109 2439 1248 2490 numero
1266 2425 1419 2510 copioso.

278 2520 317 2588 ln
335 2537 402 2607 quo
427 2520 568 2588 concilio
596 2519 746 2592 secunda
769 2522 925 2590 sessione
950 2520 1149 2608 appellatum
1176 2525 1229 2588 est
1254 2521 1300 2588 ab
1329 2524 1420 2608 epis-

279 2636 367 2706 copo
390 2617 540 2685 Tollensi
567 2622 600 2685 et
627 2624 841 2706 procuratore
870 2618 1062 2688 Coloniensi
1089 2619 1130 2686 ab
1165 2619 1256 2686 omni
1282 2620 1418 2686 actione

277 2718 386 2805 ipsius
401 2716 542 2784 concilii.
577 2715 636 2783 Cui
654 2716 870 2804 appellationi
898 2716 1031 2785 adhesit
1054 2721 1145 2784 totus
1165 2716 1285 2782 clerus.
1322 2715 1418 2784 Unde

279 2816 478 2882 convocatio
504 2813 565 2881 iuit
588 2814 714 2881 inutilis
743 2820 775 2882 et
810 2815 883 2884 sine
910 2815 1027 2882 iruotu.
1076 2811 1245 2882 Honorius
1278 2820 1416 2900 quartus

277 2929 365 3000 papa
383 2911 474 2980 obiit.
505 2911 620 2978 Frater
644 2911 763 2980 tovius
790 2911 965 2980 cardinalis
985 2911 1117 2998 eligitur
1138 2913 1172 2978 in
1189 2929 1334 3001 papam,
1362 2913 1416 2998 qrri

279 3027 317 3078 se
334 3011 470 3078 vocavit
486 3009 672 3096 Nyoolaum
691 3016 852 3098 quadum.

356 3107 607 3174 Meolxxmviii.
649 3108 810 3176 Dominus
840 3106 963 3176 Albero
997 3107 1097 3174 buius
1128 3107 1195 3174 loci
1225 3109 1416 3194 prepositus

279 3201 362 3271 obiit
384 3205 419 3270 in
435 3204 550 3288 vigilia
566 3207 747 3274 nativitatis
766 3208 872 3274 saneti
889 3205 1053 3274 lobannis
1080 3205 1236 3292 baptiste.
1273 3203 1336 3272 Cui
1354 3205 1417 3272 do-

278 3303 386 3370 minus
404 3302 532 3369 Ulrious
550 3302 647 3370 buius
667 3305 810 3372 ecclesia
829 3306 1012 3372 carronicus
1030 3302 1139 3371 dictus
1163 3302 1205 3370 de
1223 3299 1418 3370 Holczbaim

277 3418 337 3488 per
362 3401 561 3468 electionem
585 3403 779 3470 canonicam
807 3402 960 3471 suooedit
983 3403 1019 3468 in
1043 3405 1164 3470 octava
1187 3401 1416 3488 apostolomm

278 3498 365 3566 Petri
393 3504 427 3566 et
455 3499 557 3566 Pauli.
597 3500 639 3568 Et
665 3517 707 3568 ex
736 3502 957 3588 permissione
989 3497 1116 3567 ordinis
1143 3503 1177 3565 et
1205 3499 1304 3566 iussu
1336 3499 1416 3566 sub-

278 3601 460 3682 sequenter
482 3597 517 3663 in
544 3596 597 3664 die
628 3599 735 3665 sancti
759 3597 879 3666 Jacobi
905 3617 925 3664 a
947 3597 1131 3665 venerabili
1158 3601 1252 3684 patra
1280 3595 1414 3664 domino

278 3693 488 3762 Wernhardo
513 3695 703 3764 Pataviensi
730 3697 893 3784 episcopo
917 3697 950 3762 in
975 3695 1115 3782 primum
1138 3693 1293 3762 abbatem
1316 3694 1414 3762 buius

277 3791 345 3858 looi
368 3792 583 3860 benedicitur.
625 3791 689 3872 Qui
713 3795 843 3878 invenit
865 3794 1043 3862 ecclesiam
1069 3794 1103 3859 in
1128 3795 1218 3859 statu
1242 3792 1416 3880 temporali

278 3887 421 3958 debilem
447 3897 481 3959 et
505 3893 636 3977 magnis
665 3891 786 3959 debitis
815 3892 1004 3977 obligatam.
1038 3890 1228 3958 'leuabatur
1251 3891 1331 3978 ipsa
1354 3907 1414 3957 ec·

278 3986 382 4054 olosia
404 3989 492 4056 iusta
518 3991 770 4078 computatione
801 3989 913 4057 habita
939 4007 1050 4057 eoram
1075 3987 1327 4056 venerabilibus
1354 4005 1413 4076 pa-

278 4083 379 4152 tribus
409 4084 571 4154 Ludwioo
596 4087 836 4177 Urspergensi,
862 4087 972 4156 Ulrico
998 4085 1268 4176 Novocellense‚
1301 4085 1413 4153 Chun-

278 4182 358 4250 rado
376 4181 667 4269 Windebergense
685 4187 838 4276 prelatis,
866 4187 922 4272 qui
941 4185 1096 4254 electioni
1115 4191 1269 4272 exparte
1289 4183 1411 4252 ordinis
