2884 4834
415 243 544 290 cnutum
565 241 803 290 wonrrtrrrnsrs.
1097 214 1163 283 201

56 381 249 452 iudicandum
266 399 368 471 super
385 382 515 451 edificia
531 383 636 452 solius
654 383 809 471 civitatis
828 379 918 470 quod
934 381 1052 452 dicitur
1065 380 1165 449 adcr—
1184 389 1248 447 raet

55 481 196 566 uincere,
221 487 255 550 ot
281 483 345 550 alia
369 483 471 550 multo
495 487 528 550 ct
551 499 674 568 magna
697 483 768 549 iura
789 481 911 550 ibidem
929 479 1112 550 affirmabat
1130 498 1169 549 se

55 581 176 670 habere,
202 581 330 650 civibus
358 581 421 648 sibi
448 580 490 649 ed
509 583 620 650 omnia
638 579 882 649 resistentibus,
907 579 987 668 lpso
1005 597 1087 649 vero
1106 580 1168 648 de-

14 751 15 782 p
55 680 152 748 luncto
177 675 313 748 illustris
340 679 494 748 dominus
519 679 683 748 Henricns
703 679 789 746 filius
809 697 890 748 snus
909 681 974 767 ipsi
992 681 1168 768 suscessit,

14 805 15 848 3
56 779 99 866 qui
115 777 272 866 idipsum
289 781 366 846 totis
384 779 510 848 viribus
529 784 644 848 contra
662 780 827 846 civitatem
843 784 876 846 ct
894 779 987 846 cives
1006 777 1169 847 affirmare

14 901 16 908 >
54 879 180 966 incepit,
206 877 357 965 spolians
382 879 477 966 ipsos
504 883 537 946 et
563 879 650 946 alios
672 870 780 964 qnos1
805 877 914 965 potuit
939 877 1169 963 aggravando.

55 975 187 1044 Tandem
204 993 285 1044 vero
302 982 380 1066 post
401 977 503 1045 multa
521 983 685 1064 tempora,
704 975 926 1044 mediantibus
942 978 1021 1044 viris
1040 976 1169 1044 discre-

54 1077 86 1142 tis
106 1082 138 1144 ct
156 1071 330 1164 pacificis,¹
351 1075 394 1144 ad
413 1075 479 1144 hoc
495 1075 688 1165 perductum
709 1081 762 1144 est
778 1075 892 1143 divino
908 1075 1032 1142 auxilio
1042 1128 1052 1165 ,
1078 1073 1169 1163 quod

14 1235 15 1248 2
54 1173 147 1242 dictus
163 1173 318 1242 dominus
334 1173 497 1242 Henricus
514 1193 626 1244 comes
644 1177 678 1242 in
700 1173 877 1242 duodecim
901 1175 1056 1263 personis
1080 1192 1168 1242 con-

54 1273 203 1362 cordavit,
223 1273 316 1360 quod
333 1273 495 1362 quidquid
517 1275 563 1342 illi
581 1275 720 1342 scmtari
737 1278 881 1362 possent
897 1279 1009 1360 etque
1027 1274 1167 1361 prestito

14 1417 16 1436 ,
53 1373 220 1440 iuramento
244 1371 409 1463 dicerent,
435 1367 540 1441 ratum
565 1378 599 1442 et
622 1373 747 1440 firmum
776 1371 866 1460 apud
888 1373 996 1460 ipsum
1026 1377 1059 1440 et
1085 1389 1167 1440 suos

14 1465 15 1514 ἒ
53 1471 179 1538 heredes
196 1477 361 1559 perpetuo
378 1478 595 1560 permaneret.
623 1470 687 1552 Qui
703 1471 880 1539 duodecim
896 1477 1019 1539 statuta
1033 1471 1097 1540 sibi
1113 1469 1168 1539 die

14 1619 15 1624 ,
55 1585 147 1637 comm
161 1569 254 1639 dicto
277 1569 412 1640 domino
435 1565 606 1640 comitc'et
620 1572 690 1640 suis
712 1571 929 1660 consiliariis,
947 1569 981 1638 in
999 1571 1169 1658 presentia

14 1691 15 1728 1
54 1674 80 1734 et
91 1670 120 1735 in
138 1669 265 1756 palatio
282 1670 485 1738 venerahilis
507 1670 631 1739 domini
648 1669 828 1738 Eberhardi
843 1671 994 1758 episcopi
1009 1669 1178 1740 Worma-.

53 1769 153 1835 tiensis
173 1773 208 1835 et
223 1769 400 1838 multomm
417 1769 626 1838 dominorum
644 1774 677 1838 ct
698 1769 836 1837 aliorum
858 1774 1107 1858 comparentes,
1127 1787 1168 1837 ea

14 1877 15 1884 ’
53 1884 104 1951 que
118 1873 338 1956 perceperant
352 1868 408 1936 vel
426 1871 625 1957 perscrutati
639 1875 750 1956 erant,
770 1869 843 1937 sive
859 1885 924 1954 que
942 1867 1096 1935 sciebant
1111 1873 1169 1937 aut

52 1965 120 2051 ipsis
135 1969 273 2052 cognita
290 1967 420 2035 luerent
437 1975 540 2056 super
557 1968 710 2036 omnibus
725 1966 870 2057 iuribus,
890 1983 955 2054 quc
972 1967 1044 2055 ipsc
1059 1965 1167 2040 domi.-

53 2079 103 2130 nus
125 2081 238 2134 comcs
258 2066 292 2132 in
310 2067 445 2135 civitate
466 2065 628 2158 habebut,
646 2067 785 2154 prestito
803 2067 986 2133 iuramento
1004 2065 1166 2153 corporali

14 2187 18 2228 3.
52 2161 258 2248 proferebant.
291 2163 457 2234 Videlicet
485 2165 575 2253 quod
599 2165 747 2255 prelatus
776 2164 930 2232 dominus
955 2181 1067 2233 comes
1097 2182 1166 2234 non

52 2259 125 2328 aliud
148 2264 230 2331 iuris
254 2262 392 2332 haberet
406 2266 440 2332 in
463 2265 612 2354 civitate,
631 2266 695 2333 nisi
710 2263 885 2332 duodecim
899 2263 1001 2331 libras
1016 2281 1166 2332 worma-

52 2359 152 2428 tiensis
168 2368 314 2452 monete,
334 2381 418 2451 quas
436 2381 562 2454 comes,
581 2365 637 2451 qui
654 2364 785 2450 cligitur
797 2365 831 2430 in
848 2361 935 2431 lesto
951 2365 1059 2432 sancti
1073 2363 1165 2431 ller-

53 2458 100 2524 tini
118 2462 261 2548 singulis
281 2464 397 2552 annis,
423 2463 487 2530 sibi
506 2463 560 2530 vel
583 2464 770 2549 cuicunque
793 2461 1011 2530 destinaverit
1033 2461 1165 2531 solvere

53 2562 79 2623 et
93 2557 165 2628 dere
182 2566 327 2648 quatuor
340 2562 480 2651 vicibus
498 2561 658 2630 uidelicet
673 2563 707 2629 in
722 2565 863 2648 quatuor
877 2560 1091 2650 temporibus,
1110 2565 1165 2628 te-

51 2664 184 2748 neretur,
211 2665 247 2727 ct
269 2661 378 2749 ipsum
401 2660 569 2729 dominum
595 2662 747 2730 sonitem
774 2661 870 2726 etium
895 2659 1018 2726 habere
1045 2661 1166 2726 curiam

50 2772 137 2844 prope
156 2764 308 2827 sanctum
324 2759 487 2828 Kilianum
505 2761 612 2827 sitam.
630 2760 668 2827 ln
682 2759 745 2827 hiis
767 2764 833 2825 tam
852 2759 926 2846 ipse
939 2775 1037 2844 quom
1053 2757 1165 2825 domi-

50 2869 101 2920 nus
119 2856 329 2926 Eberhardus
351 2875 464 2926 comes
490 2859 576 2926 lilius
606 2860 678 2928 eius
701 2873 761 2947 pro
780 2875 817 2924 se
840 2863 873 2924 et
890 2857 1042 2925 omnibus
1062 2856 1165 2924 here·

50 2948 131 3020 dibus
146 2957 217 3024 sive
234 2957 490 3026 successoribus
517 2958 587 3026 suis
607 2957 783 3026 manifeste
807 2957 1078 3045 consentientes,
1104 2956 1164 3024 lit-

49 3053 122 3119 teras
138 3073 216 3122 suas
236 3056 440 3124 venerahilis
459 3055 583 3124 domini
598 3059 705 3125 nostri
722 3056 872 3144 episcopi
887 3061 921 3122 et
938 3071 1049 3123 eorum
1068 3055 1164 3140 sigil-

49 3146 81 3214 lis
96 3153 303 3222 confirmatas
323 3173 424 3244 super
438 3154 504 3223 hoc
523 3154 738 3224 tradiderunt.
757 3154 910 3222 Similiter
926 3159 959 3220 et
977 3155 1068 3223 cives
1084 3171 1164 3222 suas

49 3245 157 3320 litteras
183 3271 259 3320 cum
285 3254 396 3340 sigillo
422 3271 535 3322 eorum
557 3271 657 3341 super
679 3253 798 3322 eodem
824 3251 1053 3342 contulerunt,
1080 3270 1164 3340 pro-

50 3343 164 3418 litentes
190 3353 291 3420 etiam
308 3371 350 3420 ex
367 3359 506 3440 utruque
526 3359 620 3440 parte
636 3355 706 3421 suis
724 3353 842 3420 litteris
859 3351 920 3419 sub
944 3351 1057 3418 debito
1074 3351 1165 3417 inra-

51 3450 150 3538 menti‚
176 3451 268 3538 quod
294 3452 336 3520 ad
361 3453 503 3520 invicem
527 3469 628 3539 super
649 3451 802 3520 omnibus
826 3451 909 3538 ipsis
933 3449 1164 3516 iniuriantibus

49 3550 181 3632 perpetui
200 3549 346 3618 debeant
368 3567 445 3619 esse
468 3549 658 3641 adiutores,
679 3549 805 3620 civibus
827 3547 1069 3636 excipientibus
1095 3547 1163 3616 do·

50 3643 151 3713 minum
169 3665 283 3734 regem
303 3655 336 3718 et
354 3665 467 3718 eorum
482 3649 686 3738 episcopum.
712 3648 799 3718 Acta
817 3653 895 3716 sunt
912 3645 975 3715 hec
992 3663 1080 3715 anno
1094 3646 1164 3715 do-

23 3829 26 3833 ·
50 3741 113 3810 nini
129 3748 282 3816 moclxi.

109 3839 203 3914 Anno
221 3847 380 3915 mcclni.
396 3864 416 3914 e
432 3845 516 3915 duce
533 3845 698 3937 palatino,
716 3847 750 3913 in
771 3845 986 3934 Heydellrerg
1009 3861 1083 3912 cum
1106 3863 1163 3913 ar-

51 3941 131 4008 matis
145 3952 382 4036 commorante,
402 3946 493 4014 cives
517 3944 784 4014 Wormetienses
808 3963 876 4012 non
897 3963 1010 4031 porum
1031 3943 1164 4012 damni-

52 4031 123 4106 ficati
143 4049 235 4134 sunt,
255 4051 289 4114 et
306 4045 464 4134 captivati
482 4049 560 4112 sunt
576 4044 678 4132 aliqui
696 4043 737 4112 de
759 4043 887 4112 civibus
902 4043 1162 4112 Wormatiensi-

51 4130 102 4201 bus
123 4139 154 4207 in
174 4141 367 4212 Becherach
387 4149 420 4210 et
438 4143 628 4233 depredati,
656 4148 689 4211 et
707 4143 856 4213 similitor
880 4142 935 4210 alii
956 4142 997 4210 ab
1020 4141 1163 4210 homini-

79 4246 104 4310 t]
120 4247 183 4305 olias
200 4251 298 4322 quibos
316 4250 379 4307 liert
397 4251 457 4306 elne
475 4237 575 4306 endere
592 4249 632 4306 lrs.
