2886 4834
267 197 336 267 122
636 227 799 278 corrnruus
820 229 857 276 aa
878 210 1042 278 unsarana:

185 371 250 426 ¹²8⁷
267 365 416 453 partibus
435 363 609 434 Alemanie
631 365 780 458 decepit,
799 367 831 434 in
852 372 976 436 tautum
999 367 1202 456 quodmulti
1228 389 1270 438 ex
1296 370 1395 438 nobi-

264 463 353 532 libus
375 461 564 554 Alemauic,
584 467 639 552 qui
658 465 700 534 dc
714 472 819 534 morte
832 468 939 555 ipsius
955 465 1085 536 liudolfi
1101 469 1190 554 regis
1205 470 1282 556 plus
1300 488 1395 556 quarn

266 562 307 632 de
323 565 391 631 vita
408 564 517 652 ipsius
537 572 725 655 sperantes,
743 567 921 657 perierunt,
942 572 975 634 et
990 566 1099 636 adbuc
1114 567 1236 636 cotidie
1255 576 1397 656 pereunt

265 669 468 751 cooperante
482 663 656 732 clementia
671 663 791 732 diviua.
819 664 923 746 Quam
940 667 1085 753 iniquam
1099 667 1294 736 suasionem
1312 666 1395 754 dya-

265 761 334 832 boli
352 765 458 830 secuti
482 768 559 830 suut
579 765 758 852 episcopus
782 764 969 854 CurieusiS,
986 765 1090 834 abbas
1106 767 1211 834 sancti
1228 766 1313 834 Galli
1331 765 1396 832 lra-

266 867 316 930 ter
336 863 422 951 eius,
443 868 475 930 et
489 868 557 930 tres
575 865 713 932 comites
729 862 846 932 iratres
861 865 1013 952 episcopi
1031 869 1065 932 ct
1077 865 1208 933 abbatis
1224 864 1397 953 predicto-

267 979 336 1028 rum
354 960 395 1028 dc
411 960 615 1032 Moutelorti.
639 963 681 1030 Et
697 961 801 1030 iracto
824 962 936 1032 ledere
955 969 987 1030 et
1005 965 1206 1054 iuramento,
1227 963 1322 1051 quod
1336 965 1396 1052 ipsi

267 1059 402 1128 domino
422 1059 565 1128 Rudollo
593 1059 740 1130 iecerunt
761 1068 861 1132 autea
878 1061 1008 1132 modico
1030 1063 1147 1152 elapso
1171 1069 1342 1153 tempore,
1366 1069 1398 1130 et

267 1158 432 1228 mandatis
460 1159 609 1228 eiusdem
630 1159 752 1230 domiui
774 1159 903 1230 Rudollr
925 1160 1062 1230 obedire
1080 1180 1147 1230 nou
1167 1167 1345 1252 curarunt,
1367 1168 1398 1228 et

265 1261 481 1349 prolicientes
503 1261 617 1346 iugum
637 1262 688 1330 sui
707 1259 843 1329 dominii
863 1279 967 1330 suave
989 1267 1142 1350 tanquam
1163 1260 1319 1330 indomiti
1346 1279 1397 1328 rc-

267 1359 486 1430 calcitrarunt.

338 1457 491 1526 Audiens
513 1459 574 1526 bec
598 1457 934 1528 corninustludoltus
950 1477 1024 1547 rex,
1044 1459 1220 1546 quitatum
1238 1458 1396 1526 muudum

267 1574 329 1624 suo
355 1559 503 1624 continet
529 1559 662 1646 pugilo,
688 1560 735 1626 ira
761 1565 881 1626 motus,
901 1557 1064 1627 advorsus
1089 1576 1149 1626 eos
1173 1560 1235 1626 iter
1252 1559 1397 1646 arripuit.

267 1653 415 1726 Colleoto
435 1659 581 1726 exercitu
598 1676 719 1742 magno
737 1656 870 1726 obsedit
885 1657 1018 1745 opidum
1036 1657 1152 1747 Wille,
1172 1657 1264 1745 quod
1279 1664 1397 1746 postca

266 1772 345 1822 nou⁴
361 1755 463 1824 multo
488 1763 635 1845 tempore
656 1759 861 1844 expugnavit
887 1762 920 1824 et
942 1755 1094 1824 custodie
1114 1758 1327 1846 mancipavit.
1360 1756 1397 1824 Et

267 1852 429 1924 recedens
455 1855 574 1924 abhinc
599 1855 762 1924 ordinavit
782 1873 898 1944 pacem
927 1855 1013 1924 inter
1037 1856 1188 1924 comitem
1212 1855 1255 1924 de
1279 1855 1396 1924 Mont-

266 1953 400 2043 peliart,
420 1960 453 2022 el
469 1954 635 2023 dominum
658 1955 785 2023 Petrum
808 1956 1001 2044 episcopum
1022 1957 1055 2022 et
1073 1956 1165 2022 cives
1180 1954 1396 2025 Basilienses.

267 2050 329 2133 Qui
348 2071 462 2122 comes
482 2053 549 2122 iere
567 2061 714 2142 quartam
734 2061 859 2143 partem
877 2055 995 2122 civium
1016 2054 1252 2122 Basilicusium
1279 2062 1315 2122 et
1336 2071 1396 2142 po-

267 2153 368 2220 tiores
390 2171 432 2220 cx
445 2155 494 2222 eis
513 2159 546 2221 et
563 2154 693 2221 nobiles
717 2155 800 2222 alios
821 2154 934 2242 plures
954 2154 1167 2241 episcopatus
1189 2152 1343 2222 eiusdem
1367 2159 1396 2220 et

267 2251 401 2318 aliarum
421 2253 559 2339 partium
576 2250 747 2322 Alemanic
764 2252 946 2322 durissimis
963 2252 1103 2320 vinculis
1120 2254 1191 2320 suis
1211 2253 1395 2320 incarcere

267 2351 372 2418 tenuit
390 2353 584 2438 captivatos.
611 2349 674 2432 Qui
690 2369 806 2420 omnes
823 2371 883 2439 per
901 2351 1096 2420 adiutorium
1123 2351 1248 2421 domiui
1265 2350 1394 2418 Rudollr

266 2449 356 2534 regis
373 2467 392 2518 a
408 2451 596 2538 captivitate
611 2451 667 2518 illa
681 2450 936 2522 strictaiuerunt
949 2451 1089 2539 liberati,
1100 2449 1294 2538 adquorum
1313 2449 1394 2518 libc-

266 2549 445 2639 rationem,
473 2551 547 2638 ipso
572 2549 706 2618 domino
729 2549 872 2620 liudolfo
898 2569 965 2618 uon
993 2551 1174 2639 existente,
1201 2549 1309 2618 multa
1332 2566 1393 2616 nou

267 2647 460 2716 suilccisset
474 2651 626 2737 pecunia.
653 2649 690 2716 lu
714 2668 780 2736 quo
800 2650 970 2738 conllictu,
990 2668 1062 2716 curn
1084 2651 1261 2737 episcopus
1282 2649 1394 2716 Petrus

265 2747 462 2816 Basiliensis
482 2755 515 2816 et
531 2751 598 2838 sui,
618 2749 702 2816 inter
722 2767 807 2835 quos
835 2756 905 2818 erat
928 2749 1049 2818 nobilis
1069 2747 1202 2835 quidam
1231 2747 1274 2814 de
1303 2748 1394 2816 Bris-

267 2848 382 2935 gavia,
410 2849 519 2934 quiin
546 2849 642 2936 triplo
669 2847 744 2936 plus
765 2847 932 2916 habebant
953 2849 985 2914 iu
1013 2847 1126 2915 militia
1152 2865 1250 2934 quam
1284 2863 1394 2917 comes

265 2943 580 3034 Montispeiliardis;
608 2965 684 3016 mox
708 2965 779 3016 curu
804 2947 1027 3036 nobilisille,
1054 2948 1148 3016 ouius
1173 2965 1298 3014 nomen
1331 2962 1392 3012 uon

265 3045 450 3134 ignoratur,
475 3045 618 3114 vidisset
642 3045 854 3114 aduersarios
879 3049 912 3114 in
937 3046 1088 3136 remotis,
1114 3046 1235 3114 laxatis
1253 3045 1391 3112 habenis

267 3141 378 3227 lugam
397 3141 504 3234 dedit,
524 3151 556 3212 et
574 3147 650 3233 ipso
670 3144 818 3232 fugiente
838 3165 910 3214 cnm
930 3163 1050 3232 magna
1068 3145 1199 3234 militia,
1219 3143 1305 3212 dans
1324 3143 1392 3211 aliis

267 3243 451 3331 exemplum
470 3242 628 3334 fugiendi,
656 3251 689 3314 et
706 3245 874 3330 lugierunt
891 3244 1003 3334 plures
1029 3262 1103 3312 oum
1121 3257 1172 3312 eo.
1189 3244 1231 3312 Et
1249 3241 1393 3312 contudit

266 3342 385 3430 sicper
397 3359 491 3410 suam
501 3341 613 3430 lugam
628 3350 662 3412 et
677 3343 865 3430 denigravit
880 3344 1000 3412 bonam
1019 3343 1135 3412 lamam
1152 3343 1263 3410 militie
1279 3342 1389 3410 Tbeu-

265 3442 375 3509 tonice
393 3443 541 3528 regionis
550 3495 561 3533 ,
592 3461 656 3530 que
681 3443 768 3511 lamo
784 3461 951 3530 nunquam
969 3442 1088 3512 luisset
1104 3443 1137 3510 iu
1156 3441 1303 3510 debitum
1323 3459 1391 3508 mc-

266 3539 342 3608 dum
362 3547 395 3608 et
412 3541 547 3611 odorem
565 3542 686 3610 bonum
705 3548 905 3632 restaurata,
930 3543 957 3610 si
984 3559 1051 3610 uon
1075 3544 1266 3629 peregisset
1290 3539 1391 3608 dorni-

266 3657 329 3706 nus
359 3639 520 3709 Rudolius
561 3659 619 3708 rex
648 3641 888 3730 Romanorum,
929 3646 1027 3730 prout
1060 3642 1093 3708 in
1118 3639 1332 3728 expeditione
1361 3638 1391 3704 in

265 3738 450 3824 Bysuntum
474 3739 640 3818 videbitur
668 3742 829 3810 contineri
855 3739 940 3808 inira
959 3741 1090 3828 scripta.
1117 3739 1216 3808 Cives
1235 3745 1344 3806 autem
1361 3741 1391 3802 et

266 3836 386 3904 milites
404 3838 625 3928 Basilienses,
646 3841 701 3927 qui
721 3859 794 3908 cum
812 3841 886 3928 ipso
905 3844 999 3908 erant
1017 3839 1178 3927 episcopo
1197 3837 1313 3924 lugere
1333 3854 1389 3902 nc-

267 3937 431 4025 scientes,
460 3939 537 4024 quia
554 3939 739 4007 habuerant
755 3940 891 4008 odorem
910 3939 997 4006 bone
1021 3938 1123 4028 lame,
1149 3939 1294 4004 inierunt
1312 3951 1389 4004 con-

267 4032 387 4102 llictum
407 4052 480 4102 curn
499 4039 619 4106 comite
636 4037 886 4129 lilontpeiliard,
915 4039 1055 4106 etmulti
1081 4055 1123 4104 ex
1148 4037 1196 4104 eis
1214 4037 1387 4124 perierunt,

266 4132 383 4228 reliqui
408 4139 516 4201 autem
536 4138 655 4224 captivi
682 4135 941 4226 deducebantur.
987 4136 1028 4204 Et
1046 4138 1094 4204 sio
1114 4135 1255 4204 obtinuit
1281 4149 1387 4204 comes

268 4230 309 4298 de
328 4231 562 4321 lilontpeiliard
580 4237 762 4327 victoriam,
788 4255 885 4324 quam
903 4254 969 4304 nou
990 4235 1207 4326 obtinuisset,
1227 4235 1256 4304 si
1275 4231 1387 4302 nobilis
