2950 4836
442 269 615 318 nuenarius
635 269 824 318 anianensis.
1128 243 1199 312 525

57 405 294 496 spiritualibus
316 405 403 478 adeo
428 407 623 497 proiecerit,
659 408 749 496 quod
766 409 949 494 religionis
974 401 1195 495 ligerecino
1214 427 1283 488 lara

58 507 278 576 obseruantia
305 507 478 596 specialis,
509 514 542 576 et
568 509 678 590 cultusv
697 507 752 576 dei
776 524 836 594 per
864 508 968 594 ipsius
994 507 1199 594 diligentiam

57 605 182 674 buissel
203 606 427 694 ‘multipliciter
453 607 648 694 ampliatus,
680 607 725 674 ila
751 623 886 693 quoque
912 607 944 672 in
972 608 1128 694 personis
1154 609 1198 676 ibi

58 705 269 791 subregulo
296 705 448 772 educatis
478 706 682 794 excreverit,
716 711 753 772 ut
776 705 827 773 sui
852 705 1020 790 regiminis
1050 713 1197 794 temporo

57 821 102 870 err
120 803 275 872 eiusdem
301 804 366 872 loci
393 803 565 872 monacbis
591 803 773 872 Formbacb
800 802 939 892 Aspacb
965 800 1198 874 Oborn.lllacb

58 903 140 970 Prul
160 909 194 970 ct
214 902 352 972 Piburob
369 902 509 970 abbates
528 903 625 970 electi
644 907 770 970 essent.
795 903 833 969 ln
846 903 1089 990 temporalibus
1108 919 1197 992 quoa

54 1001 422 1089 qucpossessionibus
441 1001 568 1070 bonore
586 1009 620 1070 et
633 1017 717 1090 pace
736 1007 768 1069 et
786 1001 898 1088 quricte
917 1019 976 1089 per
993 1001 1197 1070 destructio-

53 1117 136 1166 nem
156 1108 339 1168 castrorum
365 1101 566 1190 vicinorum,
598 1099 756 1168 uidelicet
772 1099 963 1187 Flinspcrolr
990 1106 1024 1166 et
1040 1099 1197 1168 Zirbcrcb

55 1207 90 1265 ct
106 1198 225 1286 Mose,
247 1200 280 1266 in
296 1198 438 1268 turribus
455 1198 605 1267 eiusdem
624 1199 769 1267 ecclesio
785 1197 1009 1266 habundantia
1031 1216 1073 1266 ex
1091 1199 1196 1285 digua

53 1315 120 1384 pro
141 1298 257 1366 merito
275 1297 390 1366 lavore
408 1299 590 1387 principum
606 1303 640 1365 el
658 1297 814 1365 nobilium
835 1304 921 1364 terre
939 1297 1090 1364 Bawaric
1110 1297 1196 1365 lacta

53 1403 141 1462 erat.
186 1395 223 1464 ln
249 1395 453 1466 ediboiorum
479 1414 614 1484 quoquae
632 1395 774 1464 diversis
798 1395 875 1462 binc
903 1395 980 1463 indo
1011 1399 1196 1475 structuris,

52 1502 124 1561 lam
145 1496 178 1562 in
197 1495 517 1564 renovationeobori
531 1513 628 1583 quarn
640 1495 713 1562 aliis
731 1493 816 1562 inira
834 1501 930 1583 septa
948 1495 1082 1562 claustri
1097 1513 1194 1582 qulam

55 1603 172 1681 extra,
200 1600 232 1661 ot
249 1593 425 1662 utilissimo
443 1593 633 1682 nquueductu
655 1592 699 1662 ad
725 1611 822 1662 usum
845 1593 1026 1660 molendini
1044 1601 1078 1662 et
1096 1611 1195 1661 mun·

54 1691 229 1760 dationem
248 1711 342 1782 aree,
362 1700 452 1761 lania
471 1711 531 1780 per
547 1693 656 1780 ipsum
675 1692 823 1780 preclara
843 1709 944 1779 opera
963 1692 1195 1779 cernebantur,

54 1797 95 1857 ut
113 1793 231 1860 merito
254 1799 372 1880 posset
396 1791 509 1860 dicere
534 1809 607 1858 cum
626 1790 749 1858 Cesare
766 1787 939 1876 Augusto:
973 1790 1091 1857 Urbem
1108 1792 1195 1858 tole-

54 1891 180 1957 rr'ciorn
194 1891 317 1973 locem,
333 1907 560 1968 ,marmoream
577 1891 735 1974 relinquo.
761 1889 842 1956 Erat
859 1889 1003 1975 denique
1021 1889 1054 1956 in
1074 1887 1195 1977 hospi·

55 1989 197 2056 talitatis
216 1991 321 2074 gratia
340 1995 432 2058 tolus
451 1989 586 2078 bylone,
606 1989 739 2056 omnino
753 1986 923 2076 providus,
938 1986 1073 2055 cuilibet
1087 1987 1193 2055 ordini

55 2086 215 2172 dignitati
227 2087 665 2158 conditionietativclsexni
676 2085 1195 2174 adeosecuulcrmaus,urquusl

57 2185 217 2254 omnibus
233 2188 341 2256 omnia
357 2185 475 2276 iactae,
489 2187 522 2253 in
538 2205 576 2254 se
595 2192 628 2253 et
642 2187 674 2253 in
687 2186 844 2254 bonorem
855 2185 960 2272 ipsius
974 2185 1039 2253 loci
1055 2185 1194 2253 allectus

55 2285 206 2352 omnium
225 2293 431 2373 provocaret.
467 2282 614 2352 Ovirom
638 2285 725 2352 omni
751 2284 909 2370 religiosa
931 2282 1031 2351 laude
1049 2282 1195 2370 dignum,

55 2385 115 2470 quui
134 2383 199 2452 sub
219 2391 310 2452 lanta
334 2392 465 2473 tamque
485 2383 573 2452 fideli
597 2383 820 2451 sollicitudine
848 2389 897 2450 tot
919 2383 1016 2450 annis
1043 2383 1107 2472 ipsi
1133 2401 1195 2451 ec-

55 2484 165 2550 clesic
185 2501 324 2570 preesse
340 2502 411 2574 non
431 2484 553 2572 timuit,
578 2499 641 2550 neo
660 2489 787 2572 tamen,
814 2481 847 2548 in
875 2499 935 2570 spo
958 2479 1089 2570 quidem
1116 2479 1195 2550 boni

56 2583 290 2671 suceessoriS,
305 2583 403 2650 uiuus
422 2589 453 2650 el
472 2581 647 2650 incolumis
666 2579 772 2649 cidem
791 2575 941 2666 regimini
958 2579 1079 2647 cedere
1097 2598 1195 2647 rccu-

55 2681 166 2746 savil!
194 2679 272 2767 ipso
297 2680 428 2768 quidcrn
454 2681 518 2748 die.
534 2680 623 2748 beati
642 2679 790 2765 Gregorii
810 2675 916 2768 [mbrz
937 2675 1000 2769 12]
1026 2679 1059 2745 in
1078 2696 1195 2746 manus

56 2777 185 2846 domini
205 2779 411 2870 Theoderici,
431 2787 508 2847 tunc
526 2778 656 2848 abbatis
674 2779 706 2844 in
725 2775 943 2864 niderspach,
962 2777 1018 2864 qui
1036 2794 1078 2847 ex
1096 2795 1195 2844 mun-

59 2876 142 2944 dale
162 2876 285 2946 domirri
306 2877 390 2946 Petri
417 2877 615 2946 uenerabilis
635 2877 786 2966 episcopi
807 2875 1014 2944 Patuuiensis
1032 2892 1196 2944 accesso·
1269 2883 1272 2890 ’

56 2982 107 3042 rat
126 2977 364 3046 monasterium
381 2975 583 3064 altahense,
602 2975 688 3042 idem
708 2973 861 3042 dominus
879 2973 1098 3064 HermaonuS,
1116 2992 1195 3042 ucr-

55 3080 162 3159 geute
182 3074 313 3162 quidem
332 3073 487 3144 deorsum
506 3094 547 3143 ea
566 3073 736 3142 debilitate
754 3073 870 3142 senilis
889 3073 987 3140 etatis
1006 3071 1195 3159 conditione

56 3191 234 3261 corporea,
252 3173 313 3244 scd
332 3175 448 3262 spiritu
466 3175 500 3241 in
518 3173 710 3242 sublimiora
728 3171 923 3259 scandente,
938 3173 1059 3240 mitram
1080 3179 1112 3240 ct
1130 3172 1195 3252 ba÷

56 3271 170 3339 curium
191 3291 262 3340 cum
282 3275 369 3342 onruri
388 3291 466 3342 cura
480 3273 639 3360 pastorali
655 3289 764 3340 coram
779 3271 899 3359 positis
912 3269 1075 3358 tratribus,
1090 3271 1195 3338 nrani-

57 3388 113 3437 mo
133 3372 301 3438 cessionis
320 3373 381 3440 iam
401 3371 457 3439 diu
476 3371 608 3439 lervcns
627 3369 806 3457 desiderio,
826 3370 1019 3454 resignarit.
1060 3369 1109 3436 Ex
1127 3371 1194 3456 quo

59 3469 219 3556 planctus
245 3469 457 3540 familiaribus
484 3471 591 3559 ipsias
618 3466 766 3538 ecclesie
792 3475 822 3534 cl
841 3467 959 3534 vicinis
979 3467 1081 3534 oritur
1099 3467 1194 3539 curnis

56 3568 216 3636 insolitus
235 3574 334 3656 atque
352 3569 483 3657 gravis,
515 3569 660 3636 amiralio
679 3572 789 3634 autem
807 3565 942 3654 prelatis
961 3564 1033 3632 aliis
1052 3583 1110 3652 per
1128 3565 1194 3632 Ba·
1265 3615 1269 3622 .

58 3667 196 3734 uraniam
215 3669 405 3736 constitutis
433 3685 474 3735 eo
494 3666 583 3754 quod
608 3685 645 3733 se
660 3665 717 3736 ‚illi
741 3665 774 3732 in
793 3665 932 3732 utilitate
950 3663 1119 3748 regiminis
1139 3669 1195 3750 aut

57 3767 234 3853 proposito
266 3766 527 3834 renunciationis
561 3767 693 3854 inpares
721 3765 931 3850 estimarent,
972 3759 1126 3829 omnibus
1159 3759 1193 3830 iu

59 3882 236 3932 commune
263 3865 457 3952 optantibus
486 3869 576 3932 tanto
607 3863 738 3932 cessuri
765 3877 997 3930 successorem
1025 3859 1193 3948 ydoneum

58 3981 100 4028 ex
116 3961 228 4030 divina
247 3963 454 4052 prouidentia
472 3961 658 4049 subrogari.
676 3955 687 3997 ¹

95 4105 126 4170 1)
145 4103 235 4157 dieser
257 4101 349 4158 absara
372 4103 492 4158 weicber
517 4105 543 4158 iu
569 4103 618 4156 der
643 4103 682 4156 bs.
708 4099 882 4154 uuurittelbar
904 4099 953 4154 aui
967 4099 1015 4154 das
1034 4097 1117 4152 letale
1136 4097 1195 4152 iabr

58 4170 108 4224 der
125 4170 239 4226 annalen
259 4171 335 4240 salgi,
354 4171 446 4226 wrrrde
465 4171 523 4226 also
543 4171 609 4224 ruach
624 4171 775 4224 Hermanno
792 4169 956 4234 resignation
975 4167 1040 4222 aber
1056 4165 1126 4222 nocb
1145 4181 1195 4218 vor

56 4237 104 4292 der
122 4237 193 4292 wabl
212 4240 303 4296 selures
320 4239 494 4309 nacblolgcrs
513 4240 548 4293 iru
568 4239 625 4292 iabr
646 4241 710 4293 1273
728 4235 913 4306 gesclrricbeu.

525 4349 725 4357 .-———-—--
