2888 4824
298 243 372 312 ΜΟ
650 270 817 323 canonicor(
836 271 1070 320 umuoamrrnsa.

217 422 285 478 raso
302 410 365 480 irco
381 416 464 479 nutu
482 409 536 478 dei
553 408 641 478 idern
660 427 781 498 corpus
800 411 965 497 quesitum
982 416 1016 479 ct
1034 411 1213 501 iuventam,
1230 411 1267 478 in
1287 411 1422 500 predicta

296 511 431 578 civitate
457 511 492 577 in
518 509 663 578 ecclesia
687 508 824 576 fratrum
845 507 1093 578 Predicatorum
1114 509 1298 579 honorilice
1318 513 1420 599 sepul·

299 616 365 678 tum
385 615 447 677 ost

371 707 445 776 lloc
463 725 552 776 anno
569 708 759 796 perniciosa
773 705 942 776 discordia
958 707 1044 776 inter
1060 725 1200 794 regnum
1217 713 1251 776 ct
1270 708 1421 776 sacerdo

297 807 376 874 tiam
393 808 457 874 iam
483 805 640 874 tredecim
667 807 764 873 annis
791 806 903 874 habita
921 812 1074 895 exparte
1101 805 1163 874 fuit
1180 806 1314 875 sedata.
1355 807 1432 876 Nam

297 905 483 974 Fridericus
507 904 676 993 quondam
699 907 880 993 imperator
903 904 1013 973 idibus
1039 905 1227 974 decembris
1255 903 1351 997 [dec.
1369 905 1419 996 lt]

298 1005 332 1072 in
351 1004 467 1073 Sicilia
485 1010 538 1072 est
554 1003 732 1072 defunctus
751 1023 791 1072 ac
808 1005 842 1072 in
859 1003 1008 1072 Palermo
1029 1004 1190 1092 sepultus.

371 1102 445 1172 Hoc
462 1121 551 1171 anno
570 1105 699 1172 cunctis
716 1104 759 1170 ab
775 1104 924 1172 exercitu
939 1102 1083 1171 fidelium
1096 1104 1131 1170 in
1147 1103 1305 1170 Damiata
1323 1109 1359 1170 ut
1374 1104 1422 1170 sili

298 1201 473 1271 videbatur
489 1201 672 1290 dispositis,
690 1201 817 1270 iecerat
835 1203 923 1270 enim
940 1220 1000 1270 rex
1016 1201 1154 1269 Francia
1173 1203 1207 1270 in
1224 1202 1285 1269 illa
1304 1203 1423 1290 episco-

299 1307 411 1390 patum
428 1300 618 1389 prebendas
637 1307 672 1369 et
689 1301 872 1371 canonicos
887 1300 930 1369 ob
949 1301 1071 1370 cultum
1090 1299 1258 1388 divinum,
1278 1300 1345 1369 sed
1362 1303 1422 1387 quia

299 1418 398 1469 nemo
415 1405 528 1489 potest
545 1399 687 1468 dominis
707 1402 832 1470 servire
851 1399 1010 1489 diversis,
1035 1399 1100 1468 deo
1128 1395 1315 1468 scilicet'et
1339 1401 1421 1486 carni,

298 1517 374 1566 narn
398 1517 459 1566 rex
475 1498 612 1567 Francie
638 1499 728 1568 inani
746 1500 854 1587 gloria
878 1500 986 1567 elatus
1010 1499 1121 1588 solus,
1149 1498 1302 1568 exclusis
1322 1499 1423 1566 ceteris

298 1598 502 1687 peregrinis,
532 1597 693 1666 bellorum
724 1600 894 1668 victoriam
923 1597 986 1666 sibi
1016 1599 1156 1684 suisque
1184 1597 1346 1666 voluerat
1373 1596 1420 1665 ad·

299 1697 416 1786 scribi,
450 1713 515 1765 nec
544 1699 761 1785 pugnantium
787 1697 923 1786 predam
948 1697 1110 1784 equaliter
1134 1695 1322 1786 dispertiri:
1356 1715 1422 1784 qua·

298 1801 435 1885 propter
452 1794 528 1863 dum
545 1797 579 1862 in
604 1803 720 1882 quarta
744 1797 931 1886 ieriapost
956 1801 1106 1865 octavam
1129 1795 1256 1883 pasche
1289 1791 1377 1886 [apr.
1393 1791 1420 1884 i]

300 1895 467 1964 exercitus
494 1893 619 1962 domini
651 1913 726 1964 cum
753 1896 945 1966 Sarracenis
981 1894 1175 1963 fiducialiter
1205 1896 1421 1978 committeret

299 1993 433 2062 occulto
456 1992 510 2062 dei
526 1992 650 2062 iudicio
669 1997 777 2064 victus
796 2000 866 2086 est,
900 2000 999 2084 capto
1017 1994 1089 2080 regi
1111 1993 1248 2062 Francie
1268 1999 1307 2062 et
1324 1994 1420 2062 occiso

298 2110 433 2181 quoque
452 2092 549 2162 fratre
567 2095 673 2183 ipsius
688 2094 843 2184 Ruberto,
863 2112 920 2183 ac,
946 2095 1032 2162 sicut
1056 2094 1203 2160 narravit
1219 2091 1433 2178 Eberhardus

266 2187 269 2192 '
297 2193 458 2278 magister
474 2190 670 2260 Alamannie
688 2193 824 2262 iratrum
841 2191 960 2262 domus
979 2193 1160 2281 Teutonis,
1188 2192 1245 2279 qui
1260 2191 1345 2259 huic
1360 2209 1433 2279 pre-r

299 2307 380 2358 sens
401 2289 548 2359 interluit
566 2291 751 2383 conflictui,
772 2294 860 2361 cesis
886 2293 1021 2378 triginta
1039 2308 1101 2358 sex
1117 2290 1261 2358 millibus
1285 2296 1321 2358 et
1340 2291 1419 2376 quin·

300 2387 405 2457 decim
430 2389 573 2458 millibus
600 2393 786 2480 captivatis.
823 2391 913 2460 Dixit
938 2391 1074 2478 insuper
1101 2395 1245 2477 quatuor
1265 2389 1370 2457 millia
1392 2385 1420 2454 ad

298 2487 454 2556 Persidos
471 2483 483 2524 ¹
501 2494 635 2578 propter
651 2493 759 2560 victus
777 2491 947 2579 penuriam
966 2487 1190 2574 transfugisse
1215 2507 1279 2577 per
1299 2495 1420 2576 aposta-

300 2587 392 2656 siam.
426 2586 483 2656 Sic
507 2588 620 2676 itaque
641 2589 769 2658 reddita
788 2589 948 2679 damiata,
967 2607 1027 2657 rex
1044 2593 1177 2655 centum
1195 2588 1344 2655 millibus
1361 2587 1416 2653 mil·

299 2676 445 2755 lionum²
459 2703 553 2755 suam
568 2687 705 2756 redemit
721 2689 956 2778 captivitatem,
976 2685 1105 2755 addens
1118 2688 1256 2774 insuper
1274 2686 1345 2754 tide
1360 2685 1418 2753 data

298 2801 337 2854 se
357 2801 426 2854 nou
442 2787 585 2875 amplius
603 2789 675 2856 suis
694 2787 813 2856 diebus
831 2786 1035 2858 Sarracenos
1057 2787 1339 2874 impugnatorum.

370 2881 470 2952 Anno
494 2885 616 2953 domini
642 2887 779 2974 mccli.
809 2885 950 2954 domnus
972 2903 1060 2974 papa
1078 2891 1249 2973 comperta
1273 2880 1414 2952 Fridcrlci

298 2981 466 3068 quondam
492 2985 697 3072 imperatoris
721 2991 844 3074 morte,
880 2983 923 3053 de
955 2984 1051 3070 regni
1075 2985 1230 3070 negociis
1257 2983 1416 3070 diligenter

299 3078 506 3171 deliberans,
530 3083 695 3170 quendam
713 3083 891 3170 Hugonem
907 3082 1127 3172 cardinalem,
1155 3082 1285 3150 ordinis
1305 3081 1434 3156 fratrum,

299 3177 560 3270 Predicatorum,
593 3181 635 3250 dc
662 3201 725 3251 suo
751 3184 857 3250 latere
873 3183 1020 3269 legatum
1038 3183 1126 3250 misit
1146 3183 1180 3248 in
1203 3178 1415 3248 Alamanniae
1433 3165 1434 3194 ¹

299 3275 342 3345 ad
365 3277 532 3346 Wilhelmi
551 3284 640 3367 regis
663 3281 955 3350 confirmationem.
980 3278 1043 3360 Qui
1065 3281 1206 3348 veniens
1224 3278 1415 3366 llloguntian

299 3376 372 3444 eius
389 3378 535 3446 ecclesie
552 3381 719 3467 presulem
734 3380 929 3468 Cristanum,
948 3380 1138 3448 cessionem
1161 3398 1180 3446 a
1197 3397 1288 3466 papa
1305 3377 1414 3445 noviter

297 3481 484 3567 petentem,
513 3477 688 3568 deposuit,
719 3481 900 3564 assignans
925 3477 1030 3546 eidem
1054 3496 1114 3566 per
1133 3484 1236 3546 totam
1257 3471 1414 3562 Mogonti-

299 3593 374 3642 nam
405 3575 565 3644 diocesim
590 3578 625 3644 in
646 3578 794 3665 qualibet
816 3577 960 3646 ecclesia
982 3576 1194 3645 conventuali
1219 3571 1413 3664 prebendam

299 3671 516 3838 {prorogando
542 3676 755 3746 nihilominus
777 3678 841 3765 ipsi
863 3675 1064 3745 Gerhardum
1089 3675 1274 3763 sylvestris
1305 3668 1413 3741 comitis

310 3791 319 3837 r
334 3789 409 3839 rum.

372 3869 446 3939 Hoc
460 3874 564 3942 eciam
581 3891 669 3942 anno
694 3875 781 3941 sicut
797 3874 875 3942 olim
888 3875 1028 3960 contigit
1045 3874 1131 3940 circa
1149 3877 1300 3960 tempora
1314 3868 1412 3938 Salva-

299 3968 397 4058 toris,
432 3976 469 4037 ut
497 3974 642 4058 tangitur
667 3975 700 4040 in
736 3974 820 4040 actis
854 3973 1081 4060 apostolorum
1102 3971 1145 4039 de
1172 3971 1312 4039 'theoda
1334 3978 1411 4048 mago

299 4064 386 4134 salso
411 4117 418 4132 .
445 4121 452 4135 .
475 4121 515 4135 ..
555 4073 610 4156 qui
644 4088 766 4157 magno
799 4069 981 4140 ludeorum
1008 4071 1155 4138 exercitu
1187 4069 1230 4138 ad
1256 4067 1411 4138 Jordanen

300 4173 507 4252 congregato
524 4169 615 4236 inani
628 4188 689 4258 spe
705 4171 855 4257 promisit
870 4171 946 4240 illos
965 4177 1043 4260 post
1061 4169 1202 4237 triduum
1221 4187 1261 4237 se
1282 4183 1338 4256 per
1350 4162 1412 4230 Jor-

334 4275 365 4341 l]
382 4273 523 4344 perfidos?
558 4277 590 4342 2)
609 4276 729 4332 millibus
746 4278 915 4332 marcarum?
