2950 4836
435 223 607 268 nannnnnus
628 222 811 268 nnrnnnnsrs.
1118 197 1189 266 499

27 357 196 429 Romane
220 361 309 430 sedis
327 362 461 446 legatus
479 379 538 448 per
555 379 593 427 se
611 365 644 428 et
656 378 715 448 per
729 361 841 448 plures
856 368 1092 450 oooperatores
1110 385 1188 434 ver·
1209 374 1274 428 1225

27 460 111 526 bum
134 463 257 528 erucis
276 480 336 548 per
353 467 455 529 totam
474 459 702 527 Alamanniam
721 459 920 551 predicavit,
948 468 981 529 et
999 483 1095 549 qnam
1115 466 1191 554 plu-

27 578 85 627 res
109 578 226 627 oruee
251 562 373 646 signati
399 566 486 627 sunt.
520 561 798 646 imperatoremm
824 560 890 629 lilia
912 561 1076 630 lobannis
1101 567 1191 650 regis

27 659 318 727 lerosolirnitani
343 661 476 747 nuptias
501 660 534 726 in
552 659 673 745 Apulia
701 659 899 748 celebravit,
930 679 973 727 ex
992 679 1056 748 qua
1074 666 1191 748 genuit

32 758 266 826 Cbnnradum
285 765 404 846 postea
418 777 540 844 regem.
567 758 607 824 m
626 757 805 824 Heinrious.
818 759 902 826 filius
922 761 994 826 eius
1012 763 1115 828 maior
1133 782 1191 830 rex

30 857 245 926 deelaratus
274 860 366 925 duxit
394 859 493 925 [iliam
511 855 666 945 Liupoldi
693 857 787 925 ducis
806 856 939 926 dustria
957 859 1190 946 Margaretam.

33 957 117 1024 Cum
140 977 220 1044 qua
238 958 449 1045 presentibus
475 957 678 1044 principibus
706 958 801 1041 regni
828 959 961 1044 nuptias
983 966 1063 1046 aput
1081 959 1191 1027 Num-

31 1057 140 1122 beroh
162 1058 399 1144 sollempniter
426 1055 614 1124 eelebravit.
646 1055 709 1122 Ubi
735 1061 868 1143 propter
892 1055 1109 1144 frequentiam
1126 1078 1191 1147 po-

33 1157 111 1243 puli*
133 1157 276 1223 oiroiter
300 1155 521 1242 quadraginta
547 1171 709 1243 persone,
738 1157 825 1222 inter
844 1174 927 1242 quas
955 1157 1088 1243 quidam
1113 1177 1191 1246 pre-

34 1257 90 1322 lati
110 1257 281 1323 monaehi
306 1257 414 1323 olerioi
440 1262 549 1344 erunt,
576 1273 648 1321 oum
676 1255 749 1320 aliis
775 1257 928 1342 oppressi
954 1257 1190 1325 oeoubuernnt.

36 1355 277 1440 Engelbertus
297 1355 508 1422 Coloniensis
527 1355 728 1441 episeopus,
761 1357 809 1420 vir
834 1372 954 1439 magne
982 1355 1189 1442 providentie

36 1461 66 1520 et
85 1461 184 1522 tutor
214 1456 323 1542 regis,
352 1473 371 1520 a
396 1455 514 1520 eomite
533 1453 700 1520 Friderieo
726 1451 767 1519 de
786 1451 951 1521 Alienaeh
978 1457 1107 1524 sororio
1127 1474 1189 1523 suo

40 1555 231 1642 occiditur,
257 1571 355 1620 manu
373 1553 539 1620 mutilatus
559 1559 591 1619 et
610 1553 851 1636 trigintatribus
872 1553 1064 1621 vulneribus
1084 1561 1119 1622 ut
1137 1555 1190 1622 di-

38 1655 120 1719 eitur
151 1653 285 1721 fossus,
319 1652 390 1719 Hiis
416 1651 534 1720 diebus
553 1650 748 1738 Leu'poldus
774 1651 841 1718 dux
859 1651 997 1719 Austrie
1020 1671 1190 1722 eonsensu

40 1753 197 1820 Ludwioi
215 1752 308 1820 dneis
326 1752 479 1819 Bawarie
499 1752 684 1818 construxit
702 1757 845 1817 oestrum
865 1752 898 1816 in
918 1751 1115 1838 Soluending.

111 1852 319 1919 Mooxxni.
340 1851 483 1918 Sanetus
502 1851 699 1917 Franeisons
719 1849 808 1917 obiit.
826 1849 1010 1936 Imperator
1027 1851 1189 1919 eondixe-

44 1958 91 2017 rat
109 1952 339 2038 sollempnem
358 1952 480 2018 auriam
499 1957 578 2037 aput
596 1948 810 2035 Cremonam,
831 1947 874 2015 ad
892 1967 991 2035 quam
1008 1960 1189 2018 voeaverat

45 2050 143 2116 ilium
164 2055 314 2118 suomet
332 2051 498 2137 principes
518 2049 728 2136 Alamannia,
748 2049 803 2134 qui
822 2053 957 2135 propter
973 2047 1189 2117 rebellionem

45 2149 311 2218 lombardorum
331 2145 402 2215 nen'
416 2148 688 2236 permittebantur
706 2149 837 2214 intrare.
865 2146 959 2214 Unde
977 2148 1103 2216 inleeto
1122 2167 1188 2216 ne-

46 2251 135 2332 gotio
155 2249 391 2336 imperatorin
411 2247 640 2333 indignatione
659 2248 692 2314 in
711 2244 864 2333 Apuliam
882 2263 920 2313 se
938 2247 1072 2335 reoepit.
1107 2247 1186 2315 ltem

48 2349 130 2414 inter
153 2348 359 2435 Linpoldum
385 2347 503 2415 dnoern
520 2345 657 2414 Austrie
683 2351 717 2412 et
747 2345 935 2412 Heinrieum
968 2346 1068 2413 filium
1093 2365 1186 2414 snum

30 2450 206 2514 'maiorem
223 2465 342 2532 guerra
365 2453 418 2514 est
436 2453 509 2514 orta
527 2463 628 2533 super
647 2443 849 2534 hereditate,
876 2463 940 2531 que
964 2444 1097 2512 tandem
1116 2465 1187 2513 me-

52 2544 218 2614 diantibus
237 2545 415 2614 maioribus
442 2551 528 2613 terre
547 2544 590 2611 ad
609 2543 821 2612 oonoordiam
838 2550 997 2612 revocata
1016 2550 1078 2612 est
1112 2544 1187 2611 Fri-

53 2643 180 2714 derieus
210 2647 317 2712 iunior
344 2645 428 2712 lilius
463 2643 558 2712 dunis
591 2643 684 2710 duxit
713 2661 861 2711 sororem
888 2644 1004 2728 regine
1029 2643 1186 2728 Ungarie.

53 2737 358 2832 drebiepisoopns1
376 2745 515 2811 instituit
540 2741 655 2811 sedern
680 2741 905 2810 kathedralem
929 2748 1009 2829 aput
1035 2749 1185 2810 sanctum

56 2839 218 2912 dndream
243 2845 277 2910 in
301 2842 430 2910 Levant
438 2897 447 2932 ,
476 2844 528 2910 oui
554 2841 691 2929 preleeit
717 2842 860 2909 Ulrieum
889 2841 925 2906 in
952 2840 1034 2908 llus.
1063 2841 1185 2908 Guerra

56 2945 184 3024 gravius
203 2945 291 3011 inter
307 2941 513 3030 Rapotonem
533 2943 685 3009 oomitern
704 2941 884 3007 Palatinum
903 2939 1055 3007 Buwarie
1074 2945 1107 3007 et
1125 2959 1185 3008 oo-

57 3042 158 3109 mitem
176 3042 220 3110 de
238 3043 356 3127 Bogen
375 3047 447 3108 orta
465 3047 526 3108 est.
560 3041 598 3106 ln
617 3059 680 3126 qna
701 3057 798 3126 quam
816 3039 929 3125 plures
945 3039 1089 3106 eoelesie
1109 3049 1186 3108 sunt

58 3140 220 3210 destruote
240 3149 272 3208 et
291 3142 443 3230 spoliate,
463 3147 496 3207 et
512 3139 629 3227 predia
647 3139 769 3206 nobilis
789 3139 980 3206 monasterii
993 3139 1027 3205 in
1041 3138 1185 3206 inferiori

60 3235 149 3307 lllalr
165 3240 322 3309 innendio
347 3245 424 3308 sunt
441 3239 621 3306 destruota.
659 3239 700 3306 Et
723 3236 851 3325 Rapoto
878 3254 991 3304 eomes
1018 3237 1184 3304 Palatinus

59 3335 201 3408 Bawarie
228 3341 394 3407 civitatem
417 3341 450 3406 in
475 3336 730 3425 Lithenwerde,
766 3355 863 3422 quam
890 3353 1004 3403 nomes
1028 3334 1184 3404 Albertns

63 3435 226 3525 dessogen
245 3456 349 3527 prope
368 3438 603 3506 monasterium
621 3435 841 3503 Altabensem
868 3439 1035 3523 erexerat,
1062 3435 1182 3501 ineen-
1255 3433 1259 3438 '

61 3533 107 3601 dio
123 3541 257 3624 penitus,
275 3537 471 3604 devastavit.
507 3534 703 3603 Chnnradus
721 3534 977 3621 Ratisponensis
1003 3534 1183 3620 episeopus
1326 3521 1332 3540 ’

64 3633 143 3724 obiit,
157 3640 208 3705 eui
227 3635 369 3704 Silridus
388 3637 572 3725 successit,
601 3634 800 3704 substitutus
828 3650 847 3699 a
872 3630 1005 3700 domino
1026 3632 1185 3718 Gregorio

62 3750 139 3820 papa
155 3754 254 3806 nono.

127 3833 329 3903 ltloomxnii.
351 3833 520 3903 Honorius
552 3852 640 3922 papa
673 3831 795 3899 tercius
821 3829 917 3918 obiit,
952 3830 1004 3896 oui
1036 3829 1186 3898 suooedit

65 3927 201 4003 dominus
220 3934 407 4021 Hngelinus
433 3932 623 4002 Hostiensis
653 3932 834 4018 episeopus
862 3929 918 4016 qui
945 3935 978 3995 et
1004 3928 1184 4015 Gregorius

68 4044 171 4099 nonus.
196 4033 321 4120 Magna
341 4035 555 4120 copiaeruoe
575 4033 781 4117 signatorum
800 4028 842 4095 ed
861 4027 1127 4096 exhortationem
1153 4034 1186 4094 et

68 4131 235 4200 mandatnm
255 4133 378 4201 domini
397 4149 483 4219 pape
502 4133 564 4198 iter
581 4129 862 4218 peregrinationis
882 4128 1104 4215 arripuerunt,
1123 4125 1184 4194 sed

97 4237 120 4301 ll
136 4238 179 4293 der
196 4241 354 4296 erzbiscbol'
368 4257 421 4295 von
440 4238 581 4308 Salzbnrg.
930 4321 988 4373 32*
