<?xml version="1.0" encoding="UTF-8"?>
<!DOCTYPE html PUBLIC "-//W3C//DTD XHTML 1.0 Transitional//EN"
    "http://www.w3.org/TR/xhtml1/DTD/xhtml1-transitional.dtd">
<html xmlns="http://www.w3.org/1999/xhtml" xml:lang="en" lang="en">
 <head>
  <title>
</title>
<meta http-equiv="Content-Type" content="text/html;charset=utf-8" />
  <meta name='ocr-system' content='tesseract 3.04.00' />
  <meta name='ocr-capabilities' content='ocr_page ocr_carea ocr_par ocr_line ocrx_word'/>
</head>
<body>
  <div class='ocr_page' id='page_1' title='image "./fontesrerumgerm00hubegoog_0537.png"; bbox 0 0 2888 4824; ppageno 0'>
   <div class='ocr_carea' id='block_1_1' title="bbox 234 194 1014 268">
    <p class='ocr_par' dir='ltr' id='par_1_1' title="bbox 234 194 1014 268">
     <span class='ocr_line' id='line_1_1' title="bbox 234 194 1014 268; baseline 0.009 -9"><span class='ocrx_word' id='word_1_1' title='bbox 234 194 308 260; x_wconf 78' lang='lat' dir='ltr'>dit</span> <span class='ocrx_word' id='word_1_2' title='bbox 596 219 773 267; x_wconf 75' lang='lat' dir='ltr'>cumulamus</span> <span class='ocrx_word' id='word_1_3' title='bbox 795 221 830 265; x_wconf 86' lang='lat' dir='ltr'>ur</span> <span class='ocrx_word' id='word_1_4' title='bbox 852 220 1014 268; x_wconf 80' lang='lat' dir='ltr'>burburus.</span> 
     </span>
    </p>
   </div>
   <div class='ocr_carea' id='block_1_2' title="bbox 231 355 1366 550">
    <p class='ocr_par' dir='ltr' id='par_1_2' title="bbox 231 355 1366 550">
     <span class='ocr_line' id='line_1_2' title="bbox 233 355 1364 446; baseline -0.005 -18"><span class='ocrx_word' id='word_1_5' title='bbox 233 358 378 428; x_wconf 86' lang='lat' dir='ltr'><strong>Danubii</strong></span> <span class='ocrx_word' id='word_1_6' title='bbox 394 356 579 427; x_wconf 90' lang='lat' dir='ltr'>descendit.</span> <span class='ocrx_word' id='word_1_7' title='bbox 612 357 654 426; x_wconf 89' lang='lat' dir='ltr'>Et</span> <span class='ocrx_word' id='word_1_8' title='bbox 671 359 782 445; x_wconf 92' lang='lat' dir='ltr'>qualia</span> <span class='ocrx_word' id='word_1_9' title='bbox 800 363 833 426; x_wconf 91' lang='lat' dir='ltr'>et</span> <span class='ocrx_word' id='word_1_10' title='bbox 851 376 949 446; x_wconf 91' lang='lat' dir='ltr'>quam</span> <span class='ocrx_word' id='word_1_11' title='bbox 973 375 1095 444; x_wconf 90' lang='lat' dir='ltr'>magna</span> <span class='ocrx_word' id='word_1_12' title='bbox 1110 360 1145 426; x_wconf 91' lang='lat' dir='ltr'>im</span> <span class='ocrx_word' id='word_1_13' title='bbox 1162 357 1229 425; x_wconf 91' lang='lat' dir='ltr'>illis</span> <span class='ocrx_word' id='word_1_14' title='bbox 1249 355 1364 424; x_wconf 91' lang='lat' dir='ltr'>linibus</span> 
     </span>
     <span class='ocr_line' id='line_1_3' title="bbox 231 455 1366 550; baseline -0.006 -22"><span class='ocrx_word' id='word_1_15' title='bbox 231 459 471 550; x_wconf 86' lang='lat' dir='ltr'>perpetraverit</span> <span class='ocrx_word' id='word_1_16' title='bbox 488 475 555 526; x_wconf 92' lang='lat' dir='ltr'>mom</span> <span class='ocrx_word' id='word_1_17' title='bbox 575 463 627 525; x_wconf 92' lang='lat' dir='ltr'>est</span> <span class='ocrx_word' id='word_1_18' title='bbox 644 475 762 548; x_wconf 87' lang='lat' dir='ltr'>meum,</span> <span class='ocrx_word' id='word_1_19' title='bbox 781 459 857 544; x_wconf 92' lang='lat' dir='ltr'>quia</span> <span class='ocrx_word' id='word_1_20' title='bbox 876 475 1019 546; x_wconf 91' lang='lat' dir='ltr'>nequeo,</span> <span class='ocrx_word' id='word_1_21' title='bbox 1038 475 1201 525; x_wconf 90' lang='lat' dir='ltr'>enarrare.</span> <span class='ocrx_word' id='word_1_22' title='bbox 1221 455 1366 523; x_wconf 80' lang='lat' dir='ltr'>Tandem</span> 
     </span>
    </p>
   </div>
   <div class='ocr_carea' id='block_1_3' title="bbox 232 555 1440 746">
    <p class='ocr_par' dir='ltr' id='par_1_3' title="bbox 232 555 1440 746">
     <span class='ocr_line' id='line_1_4' title="bbox 234 555 1440 648; baseline -0.007 -21"><span class='ocrx_word' id='word_1_23' title='bbox 234 565 359 648; x_wconf 90' lang='lat' dir='ltr'>quanta</span> <span class='ocrx_word' id='word_1_24' title='bbox 376 558 561 644; x_wconf 87' lang='lat' dir='ltr'>sagacitate</span> <span class='ocrx_word' id='word_1_25' title='bbox 580 562 613 625; x_wconf 89' lang='lat' dir='ltr'>et</span> <span class='ocrx_word' id='word_1_26' title='bbox 629 555 803 645; x_wconf 90' lang='lat' dir='ltr'>prudentia</span> <span class='ocrx_word' id='word_1_27' title='bbox 822 562 854 624; x_wconf 87' lang='lat' dir='ltr'>et</span> <span class='ocrx_word' id='word_1_28' title='bbox 872 557 1076 645; x_wconf 74' lang='lat' dir='ltr'>strenuitate,</span> <span class='ocrx_word' id='word_1_29' title='bbox 1096 575 1160 644; x_wconf 87' lang='lat' dir='ltr'>quc</span> <span class='ocrx_word' id='word_1_30' title='bbox 1178 557 1213 622; x_wconf 92' lang='lat' dir='ltr'>im</span> <span class='ocrx_word' id='word_1_31' title='bbox 1232 572 1276 623; x_wconf 91' lang='lat' dir='ltr'>cc</span> <span class='ocrx_word' id='word_1_32' title='bbox 1294 561 1366 622; x_wconf 93' lang='lat' dir='ltr'>tunc</span> <span class='ocrx_word' id='word_1_33' title='bbox 1434 604 1440 631; x_wconf 77' lang='grc'>,</span> 
     </span>
     <span class='ocr_line' id='line_1_5' title="bbox 232 652 1439 746; baseline -0.007 -20"><span class='ocrx_word' id='word_1_34' title='bbox 232 665 266 726; x_wconf 89' lang='lat' dir='ltr'>et</span> <span class='ocrx_word' id='word_1_35' title='bbox 284 676 415 746; x_wconf 79' lang='lat' dir='ltr'><strong>semper</strong></span> <span class='ocrx_word' id='word_1_36' title='bbox 432 655 726 744; x_wconf 67' lang='lat' dir='ltr'>resplenduerunt,</span> <span class='ocrx_word' id='word_1_37' title='bbox 746 657 1032 744; x_wconf 90' lang='lat' dir='ltr'>opulentissimam</span> <span class='ocrx_word' id='word_1_38' title='bbox 1050 657 1217 723; x_wconf 88' lang='lat' dir='ltr'>civitatem</span> <span class='ocrx_word' id='word_1_39' title='bbox 1235 652 1364 722; x_wconf 88' lang='lat' dir='ltr'>Austrie</span> <span class='ocrx_word' id='word_1_40' title='bbox 1434 668 1439 733; x_wconf 68' lang='grc' dir='ltr'>ε</span> 
     </span>
    </p>
   </div>
   <div class='ocr_carea' id='block_1_4' title="bbox 233 753 1364 844">
    <p class='ocr_par' dir='ltr' id='par_1_4' title="bbox 233 753 1364 844">
     <span class='ocr_line' id='line_1_6' title="bbox 233 753 1364 844; baseline -0.005 -20"><span class='ocrx_word' id='word_1_41' title='bbox 233 756 410 826; x_wconf 89' lang='lat' dir='ltr'>Wieumam</span> <span class='ocrx_word' id='word_1_42' title='bbox 427 757 579 844; x_wconf 88' lang='lat' dir='ltr'>intravit,</span> <span class='ocrx_word' id='word_1_43' title='bbox 607 761 641 823; x_wconf 91' lang='lat' dir='ltr'>et</span> <span class='ocrx_word' id='word_1_44' title='bbox 665 755 836 824; x_wconf 87' lang='lat' dir='ltr'>subiectos</span> <span class='ocrx_word' id='word_1_45' title='bbox 860 756 952 822; x_wconf 88' lang='lat' dir='ltr'>cives</span> <span class='ocrx_word' id='word_1_46' title='bbox 976 761 1009 822; x_wconf 87' lang='lat' dir='ltr'>ct</span> <span class='ocrx_word' id='word_1_47' title='bbox 1034 753 1200 842; x_wconf 90' lang='lat' dir='ltr'>quosdam</span> <span class='ocrx_word' id='word_1_48' title='bbox 1226 753 1364 821; x_wconf 87' lang='lat' dir='ltr'>rebelles</span> 
     </span>
    </p>
   </div>
   <div class='ocr_carea' id='block_1_5' title="bbox 1434 540 1440 573">
    <p class='ocr_par' dir='ltr' id='par_1_5' title="bbox 1434 540 1440 573">
     <span class='ocr_line' id='line_1_7' title="bbox 1434 540 1440 573; baseline 0 0"><span class='ocrx_word' id='word_1_49' title='bbox 1434 540 1440 573; x_wconf 90' lang='lat' dir='ltr'>l</span> 
     </span>
    </p>
   </div>
   <div class='ocr_carea' id='block_1_6' title="bbox 232 853 1438 944">
    <p class='ocr_par' dir='ltr' id='par_1_6' title="bbox 232 853 1438 944">
     <span class='ocr_line' id='line_1_8' title="bbox 232 853 1438 944; baseline -0.005 -21"><span class='ocrx_word' id='word_1_50' title='bbox 232 856 401 944; x_wconf 86' lang='lat' dir='ltr'>abegerit,</span> <span class='ocrx_word' id='word_1_51' title='bbox 430 856 507 940; x_wconf 91' lang='lat' dir='ltr'>quis</span> <span class='ocrx_word' id='word_1_52' title='bbox 538 854 722 944; x_wconf 79' lang='lat' dir='ltr'>enarrabit,</span> <span class='ocrx_word' id='word_1_53' title='bbox 756 854 865 922; x_wconf 87' lang='lat' dir='ltr'>adhue</span> <span class='ocrx_word' id='word_1_54' title='bbox 891 872 972 940; x_wconf 91' lang='lat' dir='ltr'>rege</span> <span class='ocrx_word' id='word_1_55' title='bbox 998 854 1221 922; x_wconf 81' lang='lat' dir='ltr'>bohemorum</span> <span class='ocrx_word' id='word_1_56' title='bbox 1247 853 1283 918; x_wconf 93' lang='lat' dir='ltr'>im</span> <span class='ocrx_word' id='word_1_57' title='bbox 1310 869 1367 918; x_wconf 93' lang='lat' dir='ltr'>sua</span> <span class='ocrx_word' id='word_1_58' title='bbox 1437 865 1438 870; x_wconf 72' lang='grc'>’</span> 
     </span>
    </p>
   </div>
   <div class='ocr_carea' id='block_1_7' title="bbox 232 951 1367 1142">
    <p class='ocr_par' dir='ltr' id='par_1_7' title="bbox 232 951 1367 1142">
     <span class='ocr_line' id='line_1_9' title="bbox 232 951 1367 1043; baseline -0.004 -21"><span class='ocrx_word' id='word_1_59' title='bbox 232 955 436 1043; x_wconf 84' lang='lat' dir='ltr'>pertinencia</span> <span class='ocrx_word' id='word_1_60' title='bbox 454 955 652 1038; x_wconf 84' lang='lat' dir='ltr'>persistente</span> <span class='ocrx_word' id='word_1_61' title='bbox 678 961 711 1021; x_wconf 91' lang='lat' dir='ltr'>et</span> <span class='ocrx_word' id='word_1_62' title='bbox 735 954 916 1021; x_wconf 89' lang='lat' dir='ltr'>interemtis</span> <span class='ocrx_word' id='word_1_63' title='bbox 943 953 1020 1020; x_wconf 92' lang='lat' dir='ltr'>himo</span> <span class='ocrx_word' id='word_1_64' title='bbox 1044 957 1076 1021; x_wconf 88' lang='lat' dir='ltr'>et</span> <span class='ocrx_word' id='word_1_65' title='bbox 1098 952 1178 1020; x_wconf 91' lang='lat' dir='ltr'>iude</span> <span class='ocrx_word' id='word_1_66' title='bbox 1203 954 1237 1020; x_wconf 92' lang='lat' dir='ltr'>iu</span> <span class='ocrx_word' id='word_1_67' title='bbox 1264 951 1367 1042; x_wconf 91' lang='lat' dir='ltr'>prelio</span> 
     </span>
     <span class='ocr_line' id='line_1_10' title="bbox 233 1051 1172 1142; baseline -0.002 -22"><span class='ocrx_word' id='word_1_68' title='bbox 233 1054 342 1122; x_wconf 89' lang='lat' dir='ltr'>multis</span> <span class='ocrx_word' id='word_1_69' title='bbox 362 1059 395 1121; x_wconf 90' lang='lat' dir='ltr'>ct</span> <span class='ocrx_word' id='word_1_70' title='bbox 412 1053 559 1142; x_wconf 83' lang='lat' dir='ltr'>plurimis</span> <span class='ocrx_word' id='word_1_71' title='bbox 577 1054 673 1120; x_wconf 88' lang='lat' dir='ltr'>malis</span> <span class='ocrx_word' id='word_1_72' title='bbox 692 1053 890 1124; x_wconf 80' lang='lat' dir='ltr'>commissis.</span> <span class='ocrx_word' id='word_1_73' title='bbox 917 1051 1090 1120; x_wconf 88' lang='lat' dir='ltr'>Tandem.</span> <span class='ocrx_word' id='word_1_74' title='bbox 1110 1105 1116 1119; x_wconf 94' lang='lat'>.</span> <span class='ocrx_word' id='word_1_75' title='bbox 1135 1102 1144 1121; x_wconf 97' lang='lat'>.</span> <span class='ocrx_word' id='word_1_76' title='bbox 1164 1104 1172 1118; x_wconf 92' lang='lat'>.</span> 
     </span>
    </p>
   </div>
   <div class='ocr_carea' id='block_1_8' title="bbox 234 1345 1437 1538">
    <p class='ocr_par' dir='ltr' id='par_1_8' title="bbox 234 1345 1437 1538">
     <span class='ocr_line' id='line_1_11' title="bbox 308 1345 1437 1436; baseline -0.011 -13"><span class='ocrx_word' id='word_1_77' title='bbox 308 1354 371 1423; x_wconf 91' lang='lat' dir='ltr'>Hic</span> <span class='ocrx_word' id='word_1_78' title='bbox 388 1354 479 1424; x_wconf 86' lang='lat' dir='ltr'>tedio</span> <span class='ocrx_word' id='word_1_79' title='bbox 497 1351 642 1422; x_wconf 87' lang='lat' dir='ltr'>dictandi</span> <span class='ocrx_word' id='word_1_80' title='bbox 661 1350 801 1420; x_wconf 90' lang='lat' dir='ltr'>allectus</span> <span class='ocrx_word' id='word_1_81' title='bbox 819 1351 874 1420; x_wconf 91' lang='lat' dir='ltr'>illo</span> <span class='ocrx_word' id='word_1_82' title='bbox 900 1351 1058 1436; x_wconf 87' lang='lat' dir='ltr'>egregius</span> <span class='ocrx_word' id='word_1_83' title='bbox 1075 1345 1270 1418; x_wconf 88' lang='lat' dir='ltr'>Burkardus</span> <span class='ocrx_word' id='word_1_84' title='bbox 1289 1345 1371 1413; x_wconf 88' lang='lat' dir='ltr'>ultra</span> <span class='ocrx_word' id='word_1_85' title='bbox 1436 1429 1437 1432; x_wconf 8' lang='grc' dir='ltr'><strong>Ἴ</strong></span> 
     </span>
     <span class='ocr_line' id='line_1_12' title="bbox 234 1443 1437 1538; baseline -0.01 -16"><span class='ocrx_word' id='word_1_86' title='bbox 234 1453 425 1522; x_wconf 84' lang='lat' dir='ltr'>describere</span> <span class='ocrx_word' id='word_1_87' title='bbox 445 1454 601 1522; x_wconf 89' lang='lat' dir='ltr'>cessavit.</span> <span class='ocrx_word' id='word_1_88' title='bbox 620 1451 701 1520; x_wconf 91' lang='lat' dir='ltr'>Nam</span> <span class='ocrx_word' id='word_1_89' title='bbox 719 1452 808 1518; x_wconf 91' lang='lat' dir='ltr'>circa</span> <span class='ocrx_word' id='word_1_90' title='bbox 825 1451 1104 1538; x_wconf 89' lang='lat' dir='ltr'>eousoriptiomem</span> <span class='ocrx_word' id='word_1_91' title='bbox 1120 1448 1287 1516; x_wconf 91' lang='lat' dir='ltr'>bonorum</span> <span class='ocrx_word' id='word_1_92' title='bbox 1307 1445 1371 1512; x_wconf 91' lang='lat' dir='ltr'>bu·</span> <span class='ocrx_word' id='word_1_93' title='bbox 1436 1443 1437 1448; x_wconf 77' lang='grc'>’</span> 
     </span>
    </p>
   </div>
   <div class='ocr_carea' id='block_1_9' title="bbox 232 1543 1371 1636">
    <p class='ocr_par' dir='ltr' id='par_1_9' title="bbox 232 1543 1371 1636">
     <span class='ocr_line' id='line_1_13' title="bbox 232 1543 1371 1636; baseline -0.009 -16"><span class='ocrx_word' id='word_1_94' title='bbox 232 1554 285 1620; x_wconf 91' lang='lat' dir='ltr'>ius</span> <span class='ocrx_word' id='word_1_95' title='bbox 301 1554 445 1621; x_wconf 87' lang='lat' dir='ltr'>ecclesio</span> <span class='ocrx_word' id='word_1_96' title='bbox 464 1571 504 1620; x_wconf 91' lang='lat' dir='ltr'>ae</span> <span class='ocrx_word' id='word_1_97' title='bbox 523 1551 768 1620; x_wconf 84' lang='lat' dir='ltr'>edificationem</span> <span class='ocrx_word' id='word_1_98' title='bbox 786 1551 978 1618; x_wconf 86' lang='lat' dir='ltr'>monasterii</span> <span class='ocrx_word' id='word_1_99' title='bbox 992 1556 1026 1618; x_wconf 88' lang='lat' dir='ltr'>et</span> <span class='ocrx_word' id='word_1_100' title='bbox 1046 1549 1135 1616; x_wconf 86' lang='lat' dir='ltr'>curie</span> <span class='ocrx_word' id='word_1_101' title='bbox 1153 1543 1371 1636; x_wconf 87' lang='lat' dir='ltr'>prebendalis</span> 
     </span>
    </p>
   </div>
   <div class='ocr_carea' id='block_1_10' title="bbox 233 1647 1438 1839">
    <p class='ocr_par' dir='ltr' id='par_1_10' title="bbox 233 1647 1438 1839">
     <span class='ocr_line' id='line_1_14' title="bbox 234 1647 1437 1751; baseline -0.011 -31"><span class='ocrx_word' id='word_1_102' title='bbox 234 1657 268 1720; x_wconf 89' lang='lat' dir='ltr'>et</span> <span class='ocrx_word' id='word_1_103' title='bbox 291 1653 539 1720; x_wconf 81' lang='lat' dir='ltr'>torculariorum</span> <span class='ocrx_word' id='word_1_104' title='bbox 567 1668 607 1718; x_wconf 89' lang='lat' dir='ltr'>ac</span> <span class='ocrx_word' id='word_1_105' title='bbox 638 1649 773 1716; x_wconf 88' lang='lat' dir='ltr'>aliarum</span> <span class='ocrx_word' id='word_1_106' title='bbox 803 1649 977 1716; x_wconf 84' lang='lat' dir='ltr'>utilitatum</span> <span class='ocrx_word' id='word_1_107' title='bbox 1011 1649 1156 1717; x_wconf 86' lang='lat' dir='ltr'>ecclesie</span> <span class='ocrx_word' id='word_1_108' title='bbox 1184 1647 1220 1714; x_wconf 94' lang='lat' dir='ltr'>in</span> <span class='ocrx_word' id='word_1_109' title='bbox 1246 1649 1373 1712; x_wconf 88' lang='lat' dir='ltr'>tantum</span> <span class='ocrx_word' id='word_1_110' title='bbox 1434 1714 1437 1751; x_wconf 80' lang='lat' dir='ltr'>r</span> 
     </span>
     <span class='ocr_line' id='line_1_15' title="bbox 233 1747 1438 1839; baseline -0.007 -21"><span class='ocrx_word' id='word_1_111' title='bbox 233 1751 460 1839; x_wconf 90' lang='lat' dir='ltr'>occupabatur</span> <span class='ocrx_word' id='word_1_112' title='bbox 484 1756 520 1818; x_wconf 92' lang='lat' dir='ltr'>ut</span> <span class='ocrx_word' id='word_1_113' title='bbox 545 1749 705 1835; x_wconf 86' lang='lat' dir='ltr'>deinceps</span> <span class='ocrx_word' id='word_1_114' title='bbox 730 1747 920 1816; x_wconf 87' lang='lat' dir='ltr'>huiusmodi</span> <span class='ocrx_word' id='word_1_115' title='bbox 938 1747 1129 1816; x_wconf 81' lang='lat' dir='ltr'>describere</span> <span class='ocrx_word' id='word_1_116' title='bbox 1144 1763 1214 1814; x_wconf 93' lang='lat' dir='ltr'>mou</span> <span class='ocrx_word' id='word_1_117' title='bbox 1232 1750 1375 1812; x_wconf 89' lang='lat' dir='ltr'>curaret.</span> <span class='ocrx_word' id='word_1_118' title='bbox 1433 1770 1438 1783; x_wconf 91' lang='lat'>·</span> 
     </span>
    </p>
   </div>
   <div class='ocr_carea' id='block_1_11' title="bbox 233 1843 1375 1936">
    <p class='ocr_par' dir='ltr' id='par_1_11' title="bbox 233 1843 1375 1936">
     <span class='ocr_line' id='line_1_16' title="bbox 233 1843 1375 1936; baseline -0.007 -18"><span class='ocrx_word' id='word_1_119' title='bbox 233 1848 319 1918; x_wconf 91' lang='lat' dir='ltr'>llinc</span> <span class='ocrx_word' id='word_1_120' title='bbox 348 1868 415 1936; x_wconf 89' lang='lat' dir='ltr'>ego</span> <span class='ocrx_word' id='word_1_121' title='bbox 433 1849 600 1936; x_wconf 87' lang='lat' dir='ltr'>Dytberus</span> <span class='ocrx_word' id='word_1_122' title='bbox 625 1847 667 1916; x_wconf 89' lang='lat' dir='ltr'>de</span> <span class='ocrx_word' id='word_1_123' title='bbox 685 1845 870 1914; x_wconf 92' lang='lat' dir='ltr'>Helmestat</span> <span class='ocrx_word' id='word_1_124' title='bbox 886 1848 1068 1916; x_wconf 88' lang='lat' dir='ltr'>canonicus</span> <span class='ocrx_word' id='word_1_125' title='bbox 1092 1847 1190 1914; x_wconf 90' lang='lat' dir='ltr'>istius</span> <span class='ocrx_word' id='word_1_126' title='bbox 1217 1843 1375 1931; x_wconf 85' lang='lat' dir='ltr'>ecclesie,</span> 
     </span>
    </p>
   </div>
   <div class='ocr_carea' id='block_1_12' title="bbox 233 1941 1437 2136">
    <p class='ocr_par' dir='ltr' id='par_1_12' title="bbox 233 1941 1437 2136">
     <span class='ocr_line' id='line_1_17' title="bbox 233 1941 1436 2036; baseline -0.007 -21"><span class='ocrx_word' id='word_1_127' title='bbox 233 1947 384 2036; x_wconf 89' lang='lat' dir='ltr'>predicto</span> <span class='ocrx_word' id='word_1_128' title='bbox 400 1947 571 2016; x_wconf 86' lang='lat' dir='ltr'>Borlrardo</span> <span class='ocrx_word' id='word_1_129' title='bbox 591 1947 739 2016; x_wconf 88' lang='lat' dir='ltr'>sciencia</span> <span class='ocrx_word' id='word_1_130' title='bbox 756 1951 790 2012; x_wconf 89' lang='lat' dir='ltr'>ot</span> <span class='ocrx_word' id='word_1_131' title='bbox 807 1945 1020 2015; x_wconf 84' lang='lat' dir='ltr'>describendi</span> <span class='ocrx_word' id='word_1_132' title='bbox 1045 1946 1122 2014; x_wconf 92' lang='lat' dir='ltr'>stilo</span> <span class='ocrx_word' id='word_1_133' title='bbox 1141 1945 1281 2012; x_wconf 89' lang='lat' dir='ltr'>multum</span> <span class='ocrx_word' id='word_1_134' title='bbox 1299 1941 1374 2009; x_wconf 89' lang='lat' dir='ltr'>dis·</span> <span class='ocrx_word' id='word_1_135' title='bbox 1432 2024 1436 2035; x_wconf 37' lang='grc' dir='ltr'>Ι</span> 
     </span>
     <span class='ocr_line' id='line_1_18' title="bbox 236 2043 1437 2136; baseline -0.006 -22"><span class='ocrx_word' id='word_1_136' title='bbox 236 2048 364 2136; x_wconf 87' lang='lat' dir='ltr'>similis,</span> <span class='ocrx_word' id='word_1_137' title='bbox 381 2049 487 2136; x_wconf 92' lang='lat' dir='ltr'>ipsius</span> <span class='ocrx_word' id='word_1_138' title='bbox 505 2047 651 2132; x_wconf 87' lang='lat' dir='ltr'>vestigia</span> <span class='ocrx_word' id='word_1_139' title='bbox 670 2052 835 2131; x_wconf 84' lang='lat' dir='ltr'>tamquam</span> <span class='ocrx_word' id='word_1_140' title='bbox 852 2046 1002 2130; x_wconf 83' lang='lat' dir='ltr'>magistri</span> <span class='ocrx_word' id='word_1_141' title='bbox 1016 2043 1198 2132; x_wconf 89' lang='lat' dir='ltr'>discipulus</span> <span class='ocrx_word' id='word_1_142' title='bbox 1218 2059 1374 2128; x_wconf 86' lang='lat' dir='ltr'>sequeu—</span> <span class='ocrx_word' id='word_1_143' title='bbox 1436 2076 1437 2084; x_wconf 69' lang='lat'>.</span> 
     </span>
    </p>
   </div>
   <div class='ocr_carea' id='block_1_13' title="bbox 209 2139 1376 4206">
    <p class='ocr_par' dir='ltr' id='par_1_13' title="bbox 235 2139 1375 2332">
     <span class='ocr_line' id='line_1_19' title="bbox 235 2139 1375 2236; baseline -0.006 -22"><span class='ocrx_word' id='word_1_144' title='bbox 235 2145 300 2236; x_wconf 90' lang='lat' dir='ltr'>do,</span> <span class='ocrx_word' id='word_1_145' title='bbox 324 2147 358 2213; x_wconf 92' lang='lat' dir='ltr'>in</span> <span class='ocrx_word' id='word_1_146' title='bbox 383 2152 540 2234; x_wconf 90' lang='lat' dir='ltr'>quamtum</span> <span class='ocrx_word' id='word_1_147' title='bbox 557 2146 705 2234; x_wconf 88' lang='lat' dir='ltr'>parvitas</span> <span class='ocrx_word' id='word_1_148' title='bbox 729 2143 891 2229; x_wconf 91' lang='lat' dir='ltr'>ingenioli</span> <span class='ocrx_word' id='word_1_149' title='bbox 916 2143 1039 2212; x_wconf 85' lang='lat' dir='ltr'>sullrcit</span> <span class='ocrx_word' id='word_1_150' title='bbox 1057 2144 1120 2210; x_wconf 89' lang='lat' dir='ltr'>mci</span> <span class='ocrx_word' id='word_1_151' title='bbox 1138 2143 1173 2210; x_wconf 90' lang='lat' dir='ltr'>im</span> <span class='ocrx_word' id='word_1_152' title='bbox 1191 2147 1295 2210; x_wconf 90' lang='lat' dir='ltr'>autea</span> <span class='ocrx_word' id='word_1_153' title='bbox 1313 2139 1375 2207; x_wconf 92' lang='lat' dir='ltr'>de-</span> 
     </span>
     <span class='ocr_line' id='line_1_20' title="bbox 235 2243 830 2332; baseline -0.003 -20"><span class='ocrx_word' id='word_1_154' title='bbox 235 2244 380 2313; x_wconf 89' lang='lat' dir='ltr'>scribere</span> <span class='ocrx_word' id='word_1_155' title='bbox 398 2244 615 2313; x_wconf 78' lang='lat' dir='ltr'>formidolose</span> <span class='ocrx_word' id='word_1_156' title='bbox 633 2243 830 2332; x_wconf 88' lang='lat' dir='ltr'>presumpsi.</span> 
     </span>
    </p>

    <p class='ocr_par' dir='ltr' id='par_1_14' title="bbox 234 2336 1376 2728">
     <span class='ocr_line' id='line_1_21' title="bbox 308 2336 1373 2429; baseline -0.007 -18"><span class='ocrx_word' id='word_1_157' title='bbox 308 2345 347 2411; x_wconf 92' lang='lat' dir='ltr'>lm</span> <span class='ocrx_word' id='word_1_158' title='bbox 365 2345 498 2412; x_wconf 88' lang='lat' dir='ltr'>nominc</span> <span class='ocrx_word' id='word_1_159' title='bbox 517 2343 639 2412; x_wconf 90' lang='lat' dir='ltr'>domimi</span> <span class='ocrx_word' id='word_1_160' title='bbox 657 2344 755 2428; x_wconf 91' lang='lat' dir='ltr'>igitur</span> <span class='ocrx_word' id='word_1_161' title='bbox 777 2341 901 2429; x_wconf 90' lang='lat' dir='ltr'>incipio</span> <span class='ocrx_word' id='word_1_162' title='bbox 928 2341 962 2408; x_wconf 91' lang='lat' dir='ltr'>iu</span> <span class='ocrx_word' id='word_1_163' title='bbox 989 2339 1092 2408; x_wconf 90' lang='lat' dir='ltr'>verbo</span> <span class='ocrx_word' id='word_1_164' title='bbox 1117 2355 1185 2426; x_wconf 92' lang='lat' dir='ltr'>quo</span> <span class='ocrx_word' id='word_1_165' title='bbox 1212 2339 1289 2427; x_wconf 91' lang='lat' dir='ltr'>ipse</span> <span class='ocrx_word' id='word_1_166' title='bbox 1309 2336 1373 2404; x_wconf 89' lang='lat' dir='ltr'>de-</span> 
     </span>
     <span class='ocr_line' id='line_1_22' title="bbox 234 2437 1375 2527; baseline -0.007 -17"><span class='ocrx_word' id='word_1_167' title='bbox 234 2443 338 2510; x_wconf 90' lang='lat' dir='ltr'>misit:</span> <span class='ocrx_word' id='word_1_168' title='bbox 366 2442 512 2510; x_wconf 87' lang='lat' dir='ltr'>Tandem</span> <span class='ocrx_word' id='word_1_169' title='bbox 540 2442 638 2509; x_wconf 90' lang='lat' dir='ltr'>ambc</span> <span class='ocrx_word' id='word_1_170' title='bbox 663 2459 761 2527; x_wconf 90' lang='lat' dir='ltr'>reges</span> <span class='ocrx_word' id='word_1_171' title='bbox 787 2441 937 2508; x_wconf 87' lang='lat' dir='ltr'>collectis</span> <span class='ocrx_word' id='word_1_172' title='bbox 964 2439 1164 2507; x_wconf 89' lang='lat' dir='ltr'>exercitibus</span> <span class='ocrx_word' id='word_1_173' title='bbox 1191 2437 1375 2504; x_wconf 87' lang='lat' dir='ltr'>inlirritise</span> 
     </span>
     <span class='ocr_line' id='line_1_23' title="bbox 235 2533 1376 2621; baseline -0.006 -13"><span class='ocrx_word' id='word_1_174' title='bbox 235 2543 353 2610; x_wconf 89' lang='lat' dir='ltr'>castris</span> <span class='ocrx_word' id='word_1_175' title='bbox 381 2542 567 2610; x_wconf 88' lang='lat' dir='ltr'>civitatibus</span> <span class='ocrx_word' id='word_1_176' title='bbox 593 2545 626 2610; x_wconf 86' lang='lat' dir='ltr'>ot</span> <span class='ocrx_word' id='word_1_177' title='bbox 651 2541 723 2608; x_wconf 91' lang='lat' dir='ltr'>aliis</span> <span class='ocrx_word' id='word_1_178' title='bbox 754 2537 998 2608; x_wconf 90' lang='lat' dir='ltr'>municionibus</span> <span class='ocrx_word' id='word_1_179' title='bbox 1031 2539 1140 2606; x_wconf 86' lang='lat' dir='ltr'>animo</span> <span class='ocrx_word' id='word_1_180' title='bbox 1166 2533 1376 2621; x_wconf 88' lang='lat' dir='ltr'>oomlligeudi</span> 
     </span>
     <span class='ocr_line' id='line_1_24' title="bbox 234 2637 1376 2728; baseline -0.006 -20"><span class='ocrx_word' id='word_1_181' title='bbox 234 2640 450 2726; x_wconf 85' lang='lat' dir='ltr'>egrediuntur</span> <span class='ocrx_word' id='word_1_182' title='bbox 474 2643 508 2707; x_wconf 93' lang='lat' dir='ltr'>im</span> <span class='ocrx_word' id='word_1_183' title='bbox 540 2658 700 2728; x_wconf 91' lang='lat' dir='ltr'>eampum.</span> <span class='ocrx_word' id='word_1_184' title='bbox 742 2639 804 2710; x_wconf 89' lang='lat' dir='ltr'>Ubi</span> <span class='ocrx_word' id='word_1_185' title='bbox 826 2637 984 2727; x_wconf 84' lang='lat' dir='ltr'>aciebus,</span> <span class='ocrx_word' id='word_1_186' title='bbox 1016 2637 1094 2706; x_wconf 92' lang='lat' dir='ltr'>belli</span> <span class='ocrx_word' id='word_1_187' title='bbox 1118 2643 1154 2704; x_wconf 91' lang='lat' dir='ltr'>ut</span> <span class='ocrx_word' id='word_1_188' title='bbox 1179 2637 1282 2702; x_wconf 92' lang='lat' dir='ltr'>moris</span> <span class='ocrx_word' id='word_1_189' title='bbox 1312 2641 1376 2724; x_wconf 86' lang='lat' dir='ltr'>est,</span> 
     </span>
    </p>

    <p class='ocr_par' dir='ltr' id='par_1_15' title="bbox 212 2735 1375 3122">
     <span class='ocr_line' id='line_1_25' title="bbox 212 2735 1373 2829; baseline -0.003 -23"><span class='ocrx_word' id='word_1_190' title='bbox 212 2743 215 2747; x_wconf 83' lang='lat'>&#39;</span> <span class='ocrx_word' id='word_1_191' title='bbox 234 2747 395 2807; x_wconf 91' lang='lat' dir='ltr'>strennuo</span> <span class='ocrx_word' id='word_1_192' title='bbox 415 2739 589 2826; x_wconf 88' lang='lat' dir='ltr'>dispositis</span> <span class='ocrx_word' id='word_1_193' title='bbox 600 2791 609 2829; x_wconf 93' lang='lat'>,</span> <span class='ocrx_word' id='word_1_194' title='bbox 629 2739 747 2806; x_wconf 90' lang='lat' dir='ltr'>acriter</span> <span class='ocrx_word' id='word_1_195' title='bbox 766 2743 981 2826; x_wconf 87' lang='lat' dir='ltr'>concurrunt,</span> <span class='ocrx_word' id='word_1_196' title='bbox 1000 2742 1143 2822; x_wconf 90' lang='lat' dir='ltr'>utroque</span> <span class='ocrx_word' id='word_1_197' title='bbox 1163 2735 1316 2802; x_wconf 86' lang='lat' dir='ltr'>exercitu</span> <span class='ocrx_word' id='word_1_198' title='bbox 1334 2751 1373 2802; x_wconf 89' lang='lat' dir='ltr'>se</span> 
     </span>
     <span class='ocr_line' id='line_1_26' title="bbox 233 2833 1375 2927; baseline -0.004 -22"><span class='ocrx_word' id='word_1_199' title='bbox 233 2838 369 2906; x_wconf 90' lang='lat' dir='ltr'>viriliter</span> <span class='ocrx_word' id='word_1_200' title='bbox 386 2837 606 2927; x_wconf 76' lang='lat' dir='ltr'>defendente,</span> <span class='ocrx_word' id='word_1_201' title='bbox 633 2837 750 2904; x_wconf 87' lang='lat' dir='ltr'>induiti</span> <span class='ocrx_word' id='word_1_202' title='bbox 776 2836 897 2922; x_wconf 80' lang='lat' dir='ltr'>gladiis</span> <span class='ocrx_word' id='word_1_203' title='bbox 922 2834 1150 2923; x_wconf 92' lang='lat' dir='ltr'>puugiouibus</span> <span class='ocrx_word' id='word_1_204' title='bbox 1180 2839 1213 2900; x_wconf 90' lang='lat' dir='ltr'>et</span> <span class='ocrx_word' id='word_1_205' title='bbox 1238 2833 1375 2918; x_wconf 90' lang='lat' dir='ltr'>sagittis</span> 
     </span>
     <span class='ocr_line' id='line_1_27' title="bbox 234 2931 1375 3025; baseline -0.005 -21"><span class='ocrx_word' id='word_1_206' title='bbox 234 2936 437 3004; x_wconf 91' lang='lat' dir='ltr'>occiduntur.</span> <span class='ocrx_word' id='word_1_207' title='bbox 466 2936 542 3025; x_wconf 92' lang='lat' dir='ltr'>lpse</span> <span class='ocrx_word' id='word_1_208' title='bbox 561 2954 696 3023; x_wconf 88' lang='lat' dir='ltr'>quoque</span> <span class='ocrx_word' id='word_1_209' title='bbox 714 2935 947 3004; x_wconf 87' lang='lat' dir='ltr'>rexBohemie</span> <span class='ocrx_word' id='word_1_210' title='bbox 965 2935 1091 3020; x_wconf 89' lang='lat' dir='ltr'>inipso</span> <span class='ocrx_word' id='word_1_211' title='bbox 1110 2931 1269 3000; x_wconf 89' lang='lat' dir='ltr'>comllictu</span> <span class='ocrx_word' id='word_1_212' title='bbox 1290 2949 1375 2998; x_wconf 89' lang='lat' dir='ltr'>ense</span> 
     </span>
     <span class='ocr_line' id='line_1_28' title="bbox 233 3030 1374 3122; baseline -0.004 -20"><span class='ocrx_word' id='word_1_213' title='bbox 233 3035 398 3102; x_wconf 89' lang='lat' dir='ltr'>occubuit.</span> <span class='ocrx_word' id='word_1_214' title='bbox 426 3035 500 3116; x_wconf 86' lang='lat' dir='ltr'>Quo</span> <span class='ocrx_word' id='word_1_215' title='bbox 518 3040 687 3122; x_wconf 89' lang='lat' dir='ltr'>perempto</span> <span class='ocrx_word' id='word_1_216' title='bbox 717 3041 806 3102; x_wconf 91' lang='lat' dir='ltr'>totus</span> <span class='ocrx_word' id='word_1_217' title='bbox 826 3034 991 3101; x_wconf 84' lang='lat' dir='ltr'>exercitus</span> <span class='ocrx_word' id='word_1_218' title='bbox 1011 3049 1078 3100; x_wconf 91' lang='lat' dir='ltr'>uma</span> <span class='ocrx_word' id='word_1_219' title='bbox 1096 3050 1170 3099; x_wconf 91' lang='lat' dir='ltr'>eum</span> <span class='ocrx_word' id='word_1_220' title='bbox 1188 3030 1374 3098; x_wconf 88' lang='lat' dir='ltr'>baronibus</span> 
     </span>
    </p>

    <p class='ocr_par' dir='ltr' id='par_1_16' title="bbox 209 3131 1374 3220">
     <span class='ocr_line' id='line_1_29' title="bbox 209 3131 1374 3220; baseline -0.003 -20"><span class='ocrx_word' id='word_1_221' title='bbox 209 3131 212 3136; x_wconf 82' lang='lat'>&#39;</span> <span class='ocrx_word' id='word_1_222' title='bbox 234 3138 268 3200; x_wconf 91' lang='lat' dir='ltr'>et</span> <span class='ocrx_word' id='word_1_223' title='bbox 285 3134 556 3200; x_wconf 89' lang='lat' dir='ltr'>ministerialibus</span> <span class='ocrx_word' id='word_1_224' title='bbox 583 3135 679 3220; x_wconf 87' lang='lat' dir='ltr'>regni</span> <span class='ocrx_word' id='word_1_225' title='bbox 695 3133 854 3201; x_wconf 89' lang='lat' dir='ltr'>Bohemie</span> <span class='ocrx_word' id='word_1_226' title='bbox 872 3149 910 3200; x_wconf 86' lang='lat' dir='ltr'>so</span> <span class='ocrx_word' id='word_1_227' title='bbox 928 3133 961 3200; x_wconf 90' lang='lat' dir='ltr'>iu</span> <span class='ocrx_word' id='word_1_228' title='bbox 980 3149 1096 3200; x_wconf 91' lang='lat' dir='ltr'>marrus</span> <span class='ocrx_word' id='word_1_229' title='bbox 1116 3137 1150 3198; x_wconf 90' lang='lat' dir='ltr'>et</span> <span class='ocrx_word' id='word_1_230' title='bbox 1167 3135 1374 3218; x_wconf 91' lang='lat' dir='ltr'>potestatem</span> 
     </span>
    </p>

    <p class='ocr_par' dir='ltr' id='par_1_17' title="bbox 232 3228 1376 3418">
     <span class='ocr_line' id='line_1_30' title="bbox 232 3228 1376 3318; baseline -0.004 -19"><span class='ocrx_word' id='word_1_231' title='bbox 232 3232 438 3301; x_wconf 89' lang='lat' dir='ltr'>invictissimi</span> <span class='ocrx_word' id='word_1_232' title='bbox 465 3235 555 3318; x_wconf 91' lang='lat' dir='ltr'>regis</span> <span class='ocrx_word' id='word_1_233' title='bbox 574 3231 704 3301; x_wconf 87' lang='lat' dir='ltr'>lludolli</span> <span class='ocrx_word' id='word_1_234' title='bbox 729 3231 902 3300; x_wconf 88' lang='lat' dir='ltr'>dederuut.</span> <span class='ocrx_word' id='word_1_235' title='bbox 954 3228 1047 3310; x_wconf 85' lang='lat' dir='ltr'>Quos</span> <span class='ocrx_word' id='word_1_236' title='bbox 1072 3232 1146 3316; x_wconf 91' lang='lat' dir='ltr'>ipsc</span> <span class='ocrx_word' id='word_1_237' title='bbox 1170 3229 1321 3313; x_wconf 86' lang='lat' dir='ltr'>benigne</span> <span class='ocrx_word' id='word_1_238' title='bbox 1339 3234 1376 3294; x_wconf 89' lang='lat' dir='ltr'>ut</span> 
     </span>
     <span class='ocr_line' id='line_1_31' title="bbox 233 3329 1374 3418; baseline -0.004 -20"><span class='ocrx_word' id='word_1_239' title='bbox 233 3348 366 3418; x_wconf 92' lang='lat' dir='ltr'>semper</span> <span class='ocrx_word' id='word_1_240' title='bbox 393 3331 512 3399; x_wconf 91' lang='lat' dir='ltr'>solitus</span> <span class='ocrx_word' id='word_1_241' title='bbox 546 3337 616 3399; x_wconf 86' lang='lat' dir='ltr'>erat</span> <span class='ocrx_word' id='word_1_242' title='bbox 648 3332 854 3418; x_wconf 89' lang='lat' dir='ltr'>suscipiens,</span> <span class='ocrx_word' id='word_1_243' title='bbox 894 3329 960 3396; x_wconf 89' lang='lat' dir='ltr'>dlio</span> <span class='ocrx_word' id='word_1_244' title='bbox 986 3331 1075 3414; x_wconf 92' lang='lat' dir='ltr'>regis</span> <span class='ocrx_word' id='word_1_245' title='bbox 1105 3329 1209 3396; x_wconf 89' lang='lat' dir='ltr'>occisi</span> <span class='ocrx_word' id='word_1_246' title='bbox 1238 3329 1374 3394; x_wconf 91' lang='lat' dir='ltr'>momine</span> 
     </span>
    </p>

    <p class='ocr_par' dir='ltr' id='par_1_18' title="bbox 233 3425 1374 3517">
     <span class='ocr_line' id='line_1_32' title="bbox 233 3425 1374 3517; baseline -0.004 -21"><span class='ocrx_word' id='word_1_247' title='bbox 233 3429 432 3498; x_wconf 88' lang='lat' dir='ltr'>Wemtzelao</span> <span class='ocrx_word' id='word_1_248' title='bbox 460 3448 599 3517; x_wconf 87' lang='lat' dir='ltr'>reguum</span> <span class='ocrx_word' id='word_1_249' title='bbox 617 3429 774 3497; x_wconf 87' lang='lat' dir='ltr'>Bohamie</span> <span class='ocrx_word' id='word_1_250' title='bbox 793 3428 973 3498; x_wconf 86' lang='lat' dir='ltr'>concessit.</span> <span class='ocrx_word' id='word_1_251' title='bbox 1009 3426 1068 3494; x_wconf 86' lang='lat' dir='ltr'>Cui</span> <span class='ocrx_word' id='word_1_252' title='bbox 1088 3429 1191 3494; x_wconf 90' lang='lat' dir='ltr'>eciam</span> <span class='ocrx_word' id='word_1_253' title='bbox 1210 3445 1313 3494; x_wconf 92' lang='lat' dir='ltr'>uuam</span> <span class='ocrx_word' id='word_1_254' title='bbox 1332 3425 1374 3493; x_wconf 91' lang='lat' dir='ltr'>de</span> 
     </span>
    </p>

    <p class='ocr_par' dir='ltr' id='par_1_19' title="bbox 233 3523 1374 4206">
     <span class='ocr_line' id='line_1_33' title="bbox 234 3523 1374 3612; baseline -0.002 -18"><span class='ocrx_word' id='word_1_255' title='bbox 234 3527 366 3596; x_wconf 84' lang='lat' dir='ltr'>idiabus</span> <span class='ocrx_word' id='word_1_256' title='bbox 392 3531 462 3597; x_wconf 90' lang='lat' dir='ltr'>suis</span> <span class='ocrx_word' id='word_1_257' title='bbox 482 3530 687 3598; x_wconf 89' lang='lat' dir='ltr'>matrimonio</span> <span class='ocrx_word' id='word_1_258' title='bbox 714 3529 893 3596; x_wconf 90' lang='lat' dir='ltr'>ooniuurrit.</span> <span class='ocrx_word' id='word_1_259' title='bbox 930 3523 1158 3612; x_wconf 83' lang='lat' dir='ltr'>Omnibusque</span> <span class='ocrx_word' id='word_1_260' title='bbox 1178 3525 1374 3594; x_wconf 81' lang='lat' dir='ltr'>felicissime</span> 
     </span>
     <span class='ocr_line' id='line_1_34' title="bbox 233 3623 1374 3715; baseline -0.004 -21"><span class='ocrx_word' id='word_1_261' title='bbox 233 3645 275 3695; x_wconf 91' lang='lat' dir='ltr'>ac</span> <span class='ocrx_word' id='word_1_262' title='bbox 293 3629 560 3696; x_wconf 88' lang='lat' dir='ltr'>mansuetissime</span> <span class='ocrx_word' id='word_1_263' title='bbox 579 3627 782 3694; x_wconf 90' lang='lat' dir='ltr'>iuBchemia</span> <span class='ocrx_word' id='word_1_264' title='bbox 799 3626 983 3715; x_wconf 84' lang='lat' dir='ltr'>pacificatis</span> <span class='ocrx_word' id='word_1_265' title='bbox 1002 3630 1036 3692; x_wconf 86' lang='lat' dir='ltr'>et</span> <span class='ocrx_word' id='word_1_266' title='bbox 1050 3624 1235 3712; x_wconf 90' lang='lat' dir='ltr'>dispositis,</span> <span class='ocrx_word' id='word_1_267' title='bbox 1251 3623 1374 3690; x_wconf 88' lang='lat' dir='ltr'>Wien-</span> 
     </span>
     <span class='ocr_line' id='line_1_35' title="bbox 233 3721 1371 3814; baseline -0.004 -22"><span class='ocrx_word' id='word_1_268' title='bbox 233 3743 308 3792; x_wconf 91' lang='lat' dir='ltr'>nam</span> <span class='ocrx_word' id='word_1_269' title='bbox 329 3727 494 3794; x_wconf 89' lang='lat' dir='ltr'>civitatem</span> <span class='ocrx_word' id='word_1_270' title='bbox 505 3725 638 3799; x_wconf 87' lang='lat' dir='ltr'>Austric</span> <span class='ocrx_word' id='word_1_271' title='bbox 652 3725 758 3814; x_wconf 87' lang='lat' dir='ltr'>rediit,</span> <span class='ocrx_word' id='word_1_272' title='bbox 778 3726 888 3812; x_wconf 84' lang='lat' dir='ltr'>ibique</span> <span class='ocrx_word' id='word_1_273' title='bbox 905 3723 1070 3792; x_wconf 89' lang='lat' dir='ltr'>dominum</span> <span class='ocrx_word' id='word_1_274' title='bbox 1078 3721 1251 3790; x_wconf 86' lang='lat' dir='ltr'>Albertum</span> <span class='ocrx_word' id='word_1_275' title='bbox 1270 3722 1371 3790; x_wconf 89' lang='lat' dir='ltr'>lilium</span> 
     </span>
     <span class='ocr_line' id='line_1_36' title="bbox 235 3822 1373 3910; baseline -0.003 -20"><span class='ocrx_word' id='word_1_276' title='bbox 235 3841 329 3890; x_wconf 93' lang='lat' dir='ltr'>suum</span> <span class='ocrx_word' id='word_1_277' title='bbox 348 3824 466 3892; x_wconf 92' lang='lat' dir='ltr'>ducem</span> <span class='ocrx_word' id='word_1_278' title='bbox 484 3824 618 3894; x_wconf 82' lang='lat' dir='ltr'>Austris</span> <span class='ocrx_word' id='word_1_279' title='bbox 638 3830 670 3892; x_wconf 88' lang='lat' dir='ltr'>ot</span> <span class='ocrx_word' id='word_1_280' title='bbox 689 3824 785 3892; x_wconf 85' lang='lat' dir='ltr'>Stiria</span> <span class='ocrx_word' id='word_1_281' title='bbox 803 3825 947 3910; x_wconf 67' lang='lat' dir='ltr'>creavit,</span> <span class='ocrx_word' id='word_1_282' title='bbox 967 3824 1117 3890; x_wconf 91' lang='lat' dir='ltr'>comitem</span> <span class='ocrx_word' id='word_1_283' title='bbox 1136 3839 1272 3908; x_wconf 90' lang='lat' dir='ltr'>quoque</span> <span class='ocrx_word' id='word_1_284' title='bbox 1292 3822 1373 3888; x_wconf 84' lang='lat' dir='ltr'>Ein-</span> 
     </span>
     <span class='ocr_line' id='line_1_37' title="bbox 234 3919 1371 4011; baseline -0.004 -21"><span class='ocrx_word' id='word_1_285' title='bbox 234 3921 369 3990; x_wconf 90' lang='lat' dir='ltr'>hardum</span> <span class='ocrx_word' id='word_1_286' title='bbox 397 3922 438 3990; x_wconf 91' lang='lat' dir='ltr'>de</span> <span class='ocrx_word' id='word_1_287' title='bbox 458 3925 589 4011; x_wconf 85' lang='lat' dir='ltr'>Tyrolis</span> <span class='ocrx_word' id='word_1_288' title='bbox 615 3923 749 3991; x_wconf 89' lang='lat' dir='ltr'>ducatui</span> <span class='ocrx_word' id='word_1_289' title='bbox 768 3923 913 3990; x_wconf 89' lang='lat' dir='ltr'>llarintie</span> <span class='ocrx_word' id='word_1_290' title='bbox 931 3919 1088 4009; x_wconf 72' lang='lat' dir='ltr'>prefecit,</span> <span class='ocrx_word' id='word_1_291' title='bbox 1115 3938 1202 4007; x_wconf 89' lang='lat' dir='ltr'>quos</span> <span class='ocrx_word' id='word_1_292' title='bbox 1226 3919 1371 3987; x_wconf 88' lang='lat' dir='ltr'>ducatus</span> 
     </span>
     <span class='ocr_line' id='line_1_38' title="bbox 233 4019 1371 4108; baseline -0.004 -21"><span class='ocrx_word' id='word_1_293' title='bbox 233 4038 291 4088; x_wconf 85' lang='lat' dir='ltr'>ror</span> <span class='ocrx_word' id='word_1_294' title='bbox 317 4021 475 4088; x_wconf 91' lang='lat' dir='ltr'>Bohemie</span> <span class='ocrx_word' id='word_1_295' title='bbox 501 4021 646 4090; x_wconf 88' lang='lat' dir='ltr'>Otaolrcr</span> <span class='ocrx_word' id='word_1_296' title='bbox 668 4021 856 4108; x_wconf 62' lang='lat' dir='ltr'>prodictu,</span> <span class='ocrx_word' id='word_1_297' title='bbox 889 4022 965 4108; x_wconf 92' lang='lat' dir='ltr'>quia</span> <span class='ocrx_word' id='word_1_298' title='bbox 991 4019 1170 4087; x_wconf 87' lang='lat' dir='ltr'>heredibus</span> <span class='ocrx_word' id='word_1_299' title='bbox 1202 4019 1371 4106; x_wconf 88' lang='lat' dir='ltr'>carebant,</span> 
     </span>
     <span class='ocr_line' id='line_1_39' title="bbox 233 4117 1371 4206; baseline -0.003 -21"><span class='ocrx_word' id='word_1_300' title='bbox 233 4125 373 4186; x_wconf 87' lang='lat' dir='ltr'>vacante</span> <span class='ocrx_word' id='word_1_301' title='bbox 392 4119 611 4188; x_wconf 90' lang='lat' dir='ltr'>Romanorum</span> <span class='ocrx_word' id='word_1_302' title='bbox 628 4122 766 4206; x_wconf 90' lang='lat' dir='ltr'>imperio</span> <span class='ocrx_word' id='word_1_303' title='bbox 785 4121 848 4188; x_wconf 90' lang='lat' dir='ltr'>sibi</span> <span class='ocrx_word' id='word_1_304' title='bbox 867 4121 1029 4186; x_wconf 88' lang='lat' dir='ltr'>violenter</span> <span class='ocrx_word' id='word_1_305' title='bbox 1046 4125 1275 4206; x_wconf 84' lang='lat' dir='ltr'>usurpaverat.</span> <span class='ocrx_word' id='word_1_306' title='bbox 1294 4117 1371 4204; x_wconf 92' lang='lat' dir='ltr'>lpse</span> 
     </span>
    </p>
   </div>
   <div class='ocr_carea' id='block_1_14' title="bbox 234 4215 1443 4305">
    <p class='ocr_par' dir='ltr' id='par_1_20' title="bbox 234 4215 1443 4305">
     <span class='ocr_line' id='line_1_40' title="bbox 234 4215 1443 4305; baseline -0.002 -21"><span class='ocrx_word' id='word_1_307' title='bbox 234 4235 368 4305; x_wconf 89' lang='lat' dir='ltr'>quoquc</span> <span class='ocrx_word' id='word_1_308' title='bbox 386 4235 445 4286; x_wconf 86' lang='lat' dir='ltr'>rex</span> <span class='ocrx_word' id='word_1_309' title='bbox 461 4217 623 4287; x_wconf 86' lang='lat' dir='ltr'>Rudollus</span> <span class='ocrx_word' id='word_1_310' title='bbox 649 4218 715 4288; x_wconf 84' lang='lat' dir='ltr'>filio</span> <span class='ocrx_word' id='word_1_311' title='bbox 736 4237 798 4288; x_wconf 94' lang='lat' dir='ltr'>suo</span> <span class='ocrx_word' id='word_1_312' title='bbox 826 4218 959 4288; x_wconf 82' lang='lat' dir='ltr'>dommim</span> <span class='ocrx_word' id='word_1_313' title='bbox 978 4215 1113 4286; x_wconf 89' lang='lat' dir='ltr'>Alberto</span> <span class='ocrx_word' id='word_1_314' title='bbox 1142 4216 1219 4284; x_wconf 85' lang='lat' dir='ltr'>duci</span> <span class='ocrx_word' id='word_1_315' title='bbox 1238 4216 1372 4286; x_wconf 77' lang='lat' dir='ltr'>dustria</span> <span class='ocrx_word' id='word_1_316' title='bbox 1442 4244 1443 4255; x_wconf 45' lang='lat'>¹</span> 
     </span>
    </p>
   </div>
   <div class='ocr_carea' id='block_1_15' title="bbox 0 0 1448 4824">
    <p class='ocr_par' dir='ltr' id='par_1_21' title="bbox 0 0 1448 4824">
     <span class='ocr_line' id='line_1_41' title="bbox 0 0 1448 4824; baseline 0 0"><span class='ocrx_word' id='word_1_317' title='bbox 0 0 1448 4824; x_wconf 95' lang='lat' dir='ltr'> </span> 
     </span>
    </p>
   </div>
  </div>
 </body>
</html>
