2950 4836
271 183 342 252 550
640 211 833 258 mununnuus
854 211 1038 258 rnrruuusrs.

188 360 251 414 reor
274 356 347 417 tuor
372 365 481 416 annos
505 347 711 436 etamplius.
736 349 778 420 Et
800 349 1062 418 llandrensibus
1080 366 1245 439 prospere
1263 366 1407 419 suedas-

270 449 332 536 sit,
352 453 385 516 et
401 446 515 534 plures
533 445 745 534 postmodum
761 449 919 514 vietorias
937 447 1134 515 habuerunt.

342 543 442 613 Anno
459 543 584 612 domini
600 547 745 612 medaii.
769 545 860 633 Papa
881 543 1074 614 Bonilaeius
1099 547 1188 614 misit
1205 547 1281 632 regi
1301 545 1408 613 Fran-

269 646 320 712 oie
339 641 502 730 quasdam
518 642 631 710 literas
650 648 684 712 et
700 645 861 733 manniae,
880 661 1020 712 monens
1038 645 1148 731 ipsum
1168 650 1206 711 ut
1229 643 1273 712 ab
1294 643 1408 712 ellen-

270 744 366 810 sione
385 741 464 808 oleri
482 740 679 831 desisteret,
707 747 741 810 et
757 748 923 810 monetam
942 759 1040 829 quam
1058 741 1220 811 labrieare
1240 742 1357 811 denuo
1376 744 1408 810 in

268 839 485 930 preludioium
510 841 606 925 regni
629 839 757 908 lecerat
781 841 976 908 immutaret.
1008 839 1100 908 Idem
1122 847 1232 909 autem
1250 859 1314 909 rex
1330 859 1411 928 pre·

270 939 379 1007 diotos
403 939 545 1006 nunoios
570 957 659 1026 pape
688 938 775 1006 inira
806 937 995 1026 quindecim
1021 937 1093 1007 dies
1118 939 1292 1008 mandavit
1320 941 1409 1008 exire

270 1039 429 1105 terminos
447 1037 543 1121 regni
561 1038 631 1126 sui,
656 1037 807 1125 alioquin
828 1043 944 1104 eontra
961 1054 1125 1124 personas
1145 1055 1261 1106 eorum
1278 1055 1407 1125 prooe-
1467 1093 1468 1114 ,

270 1135 364 1204 deret
385 1135 482 1204 nimis
509 1134 611 1225 dure,
637 1136 827 1224 preoipiens
854 1152 915 1223 per
939 1140 1044 1203 toturn
1067 1153 1206 1221 regnum
1225 1154 1328 1204 suum
1347 1135 1408 1202 sub
1467 1175 1468 1194 2

269 1251 358 1323 pena
382 1235 498 1321 eapitis
526 1239 559 1301 et
583 1235 726 1303 omnium
752 1234 914 1301 bonorum
938 1231 1198 1323 ooniseatione,
1221 1252 1268 1304 ne
1294 1234 1408 1320 aliqua

269 1349 415 1421 persona
432 1349 537 1420 parva
555 1332 611 1400 vel
628 1350 751 1418 magna
771 1332 886 1400 literas
911 1330 1035 1400 domini
1054 1349 1139 1420 pape
1157 1333 1327 1420 reciperet
1344 1351 1406 1419 pu-

270 1431 356 1499 blioe
375 1430 428 1498 vel
446 1430 592 1519 oooulte,
610 1448 742 1518 ponens
762 1429 921 1498 custodes
940 1431 975 1497 in
996 1429 1149 1499 omnibus
1167 1429 1289 1498 linibus
1309 1432 1405 1515 regni

271 1530 342 1618 sui,
361 1546 403 1595 ne
421 1529 542 1614 aliquis
560 1528 737 1616 importare
754 1535 875 1617 posset
891 1528 1005 1597 literas
1022 1528 1077 1596 vel
1098 1527 1289 1598 mundatum
1309 1545 1407 1616 pape,

270 1632 304 1693 et
327 1643 370 1693 ne
395 1625 515 1712 aliquis
541 1626 741 1714 prelatorum
764 1627 857 1695 exire
882 1631 1001 1714 posset
1023 1627 1078 1694 vel
1094 1625 1137 1694 ad
1154 1645 1242 1716 pape
1258 1636 1405 1715 presen-

272 1726 350 1792 tiam
367 1724 480 1792 literas
498 1722 676 1792 destinare.

343 1821 471 1891 Eodem
495 1839 584 1890 anno
608 1822 777 1892 mandavit
802 1824 890 1893 idern
914 1843 1003 1914 papa
1027 1823 1221 1892 Bonilacius
1248 1821 1405 1890 omuibus

270 1920 532 2009 arehiepiseopis
553 1926 587 1989 et
609 1923 778 2010 episeopis
801 1930 835 1991 et
857 1923 1037 1992 maioribus
1059 1923 1216 2010 prelatis,
1241 1926 1277 1990 et
1294 1922 1407 2006 magi-

272 2021 350 2087 stris
378 2018 549 2104 theologie
574 2020 655 2087 iuris
680 2023 832 2089 eanonioi
856 2026 890 2089 et
914 2021 1040 2109 eivilis,
1054 2019 1216 2089 oriundis
1237 2017 1281 2088 de
1299 2035 1407 2104 reguo

271 2118 424 2207 Franeie,
451 2123 488 2185 ut
507 2118 615 2204 ipsum
642 2117 747 2186 Rome
772 2119 971 2188 aoeedereut
1000 2121 1086 2187 eirea
1112 2118 1235 2187 lestum
1262 2118 1407 2186 omnium
1468 2131 1469 2186 t

272 2222 470 2284 sanatorum.
490 2213 559 2283 Sed
576 2217 649 2304 ipse
667 2234 727 2284 rex
743 2219 862 2286 volens
881 2236 941 2286 eos
960 2217 1001 2285 ab
1015 2217 1080 2286 hoo
1096 2218 1214 2285 itinere
1232 2212 1406 2302 retardari,

272 2314 351 2382 leoit
367 2313 511 2381 Parisios
529 2315 563 2381 in
582 2315 726 2382 eeclesia
743 2315 841 2384 beate
855 2315 959 2384 Maria
974 2315 1141 2408 publicum
1153 2314 1406 2402 parlamentum,
1468 2321 1469 2388 t

272 2411 433 2480 mandans
460 2429 503 2479 ne
529 2411 571 2478 ad
599 2414 709 2500 ipsum
733 2432 853 2502 papam
877 2415 997 2501 aliquis
1021 2411 1297 2501 prelatorumvel
1314 2412 1405 2498 epis-

272 2528 430 2598 ooporum
461 2509 638 2578 aeeederet
664 2529 739 2578 oum
769 2514 865 2600 equis
890 2511 1043 2580 vestibus
1068 2511 1124 2580 vel
1146 2509 1312 2598 pecunia3
1341 2526 1404 2594 quo

271 2608 445 2697 volebant,
464 2613 501 2674 ut
518 2607 618 2697 dixit,
636 2611 732 2694 regni
751 2612 803 2678 sui
820 2612 980 2679 terminos
999 2609 1162 2698 spoliare,
1182 2606 1302 2676 dioens
1317 2605 1405 2693 quod

271 2726 359 2795 popa
379 2707 466 2774 hano
481 2707 713 2788 eolleotionem
732 2707 849 2776 ieoerit
870 2709 952 2776 lueri
976 2725 1089 2776 eausa.
1115 2707 1156 2774 Et
1176 2723 1280 2792 super
1304 2704 1405 2772 biset

272 2806 345 2872 aliis
364 2806 451 2872 misit
465 2823 527 2872 sex
546 2806 688 2874 nunoios
705 2805 747 2874 ad
763 2813 872 2875 aetum
885 2805 1111 2894 eardinalium,
1128 2821 1198 2872 nou
1211 2801 1257 2872 ad
1274 2820 1403 2890 papam,

272 2903 467 2988 signifioans
486 2904 553 2971 eis:
572 2902 663 2990 quod
680 2904 864 2972 seeundum
881 2903 1070 2974 mandatum
1088 2919 1175 2990 pape
1196 2919 1268 2970 non
1285 2907 1402 2988 posset

271 3000 397 3088 iacere,
417 3003 494 3087 quia
512 3002 541 3069 si
563 3018 680 3069 omnes
705 3002 978 3090 arehiepisoopos
1000 3007 1034 3070 et
1055 3002 1277 3089 episeoposa
1301 3015 1401 3084 regno

272 3100 474 3186 permitteret
503 3099 681 3188 recedere,
712 3101 776 3169 iarn
804 3119 873 3170 non
901 3106 1011 3187 esset,
1037 3103 1194 3186 tanquam
1227 3097 1401 3167 oeneussis

272 3196 434 3263 eolumnis
461 3195 622 3286 eoelesie,
649 3199 704 3284 qui
734 3203 948 3268 consecraret
978 3184 1121 3266 obr'ismn
1151 3194 1206 3262 vel
1239 3194 1403 3266 ordinaret
1469 3199 1470 3252 l

272 3294 414 3362 olerioos
432 3295 487 3362 vel
508 3295 709 3364 ministraret
726 3297 960 3366 ecelesiastica
980 3297 1202 3378 suoramenta;
1222 3298 1258 3362 et
1283 3294 1315 3360 si
1334 3311 1402 3360 ma·
1469 3287 1470 3338 l

271 3394 367 3479 gistri
386 3392 558 3479 theologie
581 3412 601 3461 a
622 3411 728 3479 regno
746 3394 885 3462 Franoio
902 3393 1115 3482 reoederent,
1134 3394 1201 3463 iam
1215 3409 1286 3466 uon
1309 3393 1402 3458 inve-

272 3493 396 3559 niretur
419 3491 539 3578 aliquis
561 3493 617 3578 qui
638 3493 835 3579 perieulosis
857 3493 1078 3582 beretioorum
1096 3489 1333 3577 questionibus
1353 3506 1402 3556 re-

273 3589 465 3676 sponderet.
491 3588 669 3658 Affirmans
697 3591 845 3658 similiter
870 3589 912 3658 de
938 3590 1105 3676 magistris
1131 3589 1212 3658 iuris
1241 3587 1351 3655 oivilis
1374 3592 1402 3652 et

273 3688 444 3775 canonici,
479 3685 568 3774 quod
590 3705 649 3774 per
671 3705 783 3756 eorum
806 3679 991 3756 absentiam
1014 3686 1204 3758 indiseusse
1236 3689 1404 3752 manerent

273 3786 416 3856 omnium
432 3785 630 3871 litigantium
648 3788 855 3872 questiones.
881 3787 923 3854 Et
938 3805 980 3856 eu
997 3786 1063 3854 boe
1083 3784 1188 3856 nollet
1209 3781 1303 3869 ouod
1325 3800 1402 3866 reg-

273 3899 349 3948 num
367 3883 504 3950 Francia
525 3889 590 3951 tarn
611 3886 775 3971 preciosis
790 3885 899 3954 xeniis
909 3885 1107 3978 privaretur.
1132 3879 1186 3950 Ad
1213 3898 1280 3966 que
1298 3880 1401 3948 omnia

273 3997 361 4067 papa
388 3981 584 4067 responderi
606 3980 701 4072 iecit,
735 3983 825 4069 quod
850 3985 924 4070 ipse·
951 3999 1020 4049 non
1046 3978 1241 4049 intendebat
1267 3978 1399 4046 eosdem

271 4077 419 4166 prelatos
441 4082 474 4146 et
494 4080 673 4166 magistros
696 4081 730 4148 in
752 4084 843 4150 ouria
871 4099 933 4148 sua
954 4085 1117 4170 perpetuo
1151 4077 1320 4166 detinere,
1345 4073 1399 4142 sed

274 4175 385 4242 habito
409 4192 522 4244 eorum
540 4177 682 4244 oonsilio
706 4197 805 4268 super
822 4185 911 4248 statu
926 4179 1022 4263 regni
1043 4177 1200 4264 Franoie,
1227 4193 1288 4244 eos
1315 4179 1398 4243 esset
