2886 4834
279 184 349 252 tlt
643 211 805 257 narramus
829 212 865 256 oe
887 186 1050 258 eumenem.

276 352 378 418 nitate
395 347 600 436 vertebatur3
619 350 699 418 inito
718 351 859 418 consilio
876 351 1026 438 precepit
1046 349 1251 439 principibus
1271 349 1402 418 Alema·

277 451 350 540 nie,
370 449 570 516 electoribus
589 447 768 538 dumtaxat,
786 455 822 517 ut
838 449 880 516 de
892 448 1112 517 Romanorum
1130 467 1223 538 rege,
1235 451 1333 517 sicuti
1348 469 1403 518 sna
1432 443 1433 452 ’

278 547 468 634 abantiquo
491 552 522 615 et
544 548 726 636 approbata
747 547 989 616 consuetudine
1006 550 1176 638 intererat,
1196 547 1403 636 providerent

277 647 361 716 inira
379 653 508 734 tempus
531 647 579 713 eis
597 646 640 714 ad
660 647 723 715 boe
745 666 764 714 a
786 646 921 716 domino
945 665 1033 736 papa
1056 648 1215 733 Gregorio
1239 651 1400 736 statutum,
1433 705 1434 724 ἶ

278 746 362 815 alias
382 748 456 833 ipsc
477 744 518 812 de
540 761 711 813 consensu
736 745 950 813 cardinalium
975 745 1112 813 Romani
1138 747 1266 833 imperii
1290 747 1401 833 provi-

278 845 358 912 dere
375 844 476 912 vellet
496 843 705 912 desolationi.
737 845 895 913 blandito
919 850 1028 912 autem
1053 845 1240 932 apostolico
1266 846 1341 913 viso
1366 845 1401 912 ab

277 945 361 1031 ipsis
377 943 581 1031 principibus
600 949 633 1011 et
656 948 808 1033 recepto,
829 949 1056 1012 convenerunt
1079 943 1166 1032 apud
1190 943 1403 1011 Frankeniurt

278 1041 321 1111 de
342 1043 505 1110 electione
521 1040 742 1110 Romanorum
760 1044 849 1128 regis
865 1043 1039 1110 tractaturi.

197 1145 263 1199 12⁷³
355 1138 418 1222 Qui
439 1142 552 1227 utique
577 1141 739 1208 electores
766 1139 906 1209 diversis
924 1143 1008 1209 inter
1026 1159 1063 1208 se
1082 1141 1272 1209 tractatibus
1295 1147 1328 1208 et
1353 1141 1402 1208 di-

277 1241 446 1308 verticulis
472 1239 593 1308 hnbitis
609 1257 676 1307 non
693 1245 844 1328 poterent
867 1240 908 1307 de
926 1240 1088 1308 electione
1106 1240 1331 1329 concordare,
1351 1259 1402 1307 re-

278 1338 439 1407 ducentes
459 1339 521 1406 sibi
544 1340 686 1406 invicem
708 1340 896 1407 memoriam
921 1340 1146 1406 universorum
1172 1339 1332 1407 nobilium
1352 1357 1403 1427 per
1435 1419 1436 1428 ἵ

278 1455 409 1506 ornnem
440 1456 557 1523 gyrum
590 1437 762 1506 Alemanie
791 1439 949 1524 regionis.
993 1437 1071 1506 Cum
1098 1444 1206 1506 autem
1234 1440 1403 1506 essentia

278 1541 417 1604 tractatu
433 1536 605 1605 electionis
622 1535 760 1605 llomani
773 1539 863 1622 regis
880 1536 1095 1625 celebrande,
1113 1539 1204 1604 venit
1223 1539 1403 1626 inspirante

279 1636 425 1724 desuper
446 1634 557 1703 divina
580 1637 753 1704 clementia
778 1634 974 1722 burgravius
995 1653 1108 1703 comes
1132 1636 1173 1703 de
1198 1636 1402 1720 Nurenberg.

280 1734 359 1802 Cum
377 1733 522 1824 audiret,
542 1734 632 1822 quod
652 1736 737 1802 inter
760 1752 798 1802 se
819 1753 886 1803 non
909 1740 1063 1822 poterant
1085 1735 1308 1824 concordare,
1329 1735 1403 1801 hor·
1436 1741 1437 1748 ’

278 1833 408 1902 tabatur
425 1852 486 1902 eos
508 1839 544 1902 ut
565 1849 681 1902 omnes
705 1840 737 1900 et
756 1833 879 1919 singuli
905 1835 939 1900 in
963 1833 1128 1901 dominum
1145 1833 1327 1902 Rudollum
1348 1852 1403 1900 eo-

278 1935 387 2001 mitem
404 1935 446 2003 de
463 1931 718 2019 Habichesburg
734 1931 923 2018 eligendum
949 1934 983 1999 in
1005 1931 1185 2000 llomanum
1202 1951 1320 2018 regern
1335 1931 1404 1998 vel-

277 2035 346 2102 lent
363 2034 570 2120 consentire,
591 2049 688 2119 quem
704 2029 827 2108 iustitia
845 2033 974 2118 equitas
992 2036 1023 2098 et
1036 2031 1196 2100 rectitudo
1210 2032 1252 2099 ab
1271 2033 1403 2117 antiquo

278 2131 470 2201 stabilirnnt.
508 2129 612 2210 Quem
637 2147 752 2198 omnes
777 2131 960 2219 principeS,
986 2147 1063 2197 mox
1091 2147 1163 2198 curn
1185 2148 1311 2198 nomen
1338 2132 1402 2196 eius

279 2230 469 2318 audissent,
490 2230 545 2316 qui
558 2228 637 2295 inibi
655 2235 828 2317 presentes
846 2228 997 2318 aderant,
1017 2247 1218 2297 consensum
1233 2248 1333 2298 suum
1349 2230 1403 2295 be-

277 2330 431 2396 nevolum
448 2327 655 2418 adhibentes,
675 2329 850 2414 elegerunt
869 2331 978 2416 ipsum
992 2327 1158 2396 dominum
1177 2327 1356 2396 Rudollum
1373 2329 1401 2392 in

278 2445 392 2513 regern
408 2427 636 2512 Romanorum.
662 2426 810 2514 Excepto
827 2427 902 2494 solo
921 2445 1001 2514 rege
1014 2427 1182 2517 Bohemie,
1202 2429 1313 2515 quiin
1334 2445 1400 2494 eum
1438 2439 1439 2442 ’

277 2531 433 2614 tanquam
460 2527 493 2592 in
522 2543 636 2610 regem
669 2525 774 2592 noluit
806 2527 1014 2614 consentire,
1044 2523 1212 2594 Otholaro
1250 2527 1402 2594 videlicet

279 2627 411 2713 quinto,
440 2626 496 2712 qui
516 2630 624 2692 tamen
647 2623 856 2712 postmodum
880 2623 921 2692 ab
939 2627 1014 2712 ipso
1032 2623 1165 2692 domino
1182 2623 1328 2692 Rudolio
1354 2627 1401 2688 vi-

278 2731 343 2793 tam
359 2725 463 2792 linivit
480 2728 668 2810 extremam,
689 2729 721 2791 et
738 2742 757 2789 a
774 2741 878 2809 regno
895 2723 1052 2790 Bobemie
1069 2723 1246 2791 destitutus
1262 2725 1400 2790 omnino.

278 2822 454 2892 Consensn
476 2840 558 2901 vero
584 2823 669 2889 inter
692 2823 855 2909 electores
879 2822 989 2889 habito
1009 2824 1191 2906 communi,
1211 2821 1401 2890 festinanter

277 2921 487 3007 burgravium
506 2920 703 2988 antedictum
715 2939 775 3008 pro
791 2920 1162 3008 ipsodominoRudolio
1180 2921 1221 2989 do
1240 2923 1399 2990 electione

277 3039 338 3088 sua
357 3019 581 3088 confirmanda
597 3019 814 3088 destinarunt.

352 3118 472 3184 ltinere
493 3119 604 3204 itaque
633 3125 761 3206 arrepto
786 3119 937 3206 pervenit
965 3117 1161 3202 burgravius
1177 3118 1346 3206 predictus
1363 3117 1400 3185 ad

277 3222 394 3283 terram
409 3214 536 3284 Alsatie
556 3218 747 3306 superioris,
767 3215 809 3282 ad
826 3217 989 3283 civitatem
1005 3215 1160 3284 videlicet
1172 3217 1400 3304 Basiliensenr,

277 3316 387 3402 ibique
406 3317 532 3382 invenit
546 3315 775 3384 honorandum
793 3313 958 3382 dominum
972 3312 1148 3382 Rudollum
1166 3317 1199 3382 in
1215 3315 1398 3402 obsidione,

278 3433 344 3501 qua
380 3413 558 3482 obsederat
577 3415 752 3482 civitatem
777 3414 996 3480 Basiliensern
1020 3413 1228 3482 antedictam:
1267 3413 1308 3481 llt
1331 3434 1398 3483 curn

277 3514 444 3582 nuntiaret
466 3514 496 3581 ei
518 3517 636 3580 statum
653 3529 849 3601 prosperum
870 3529 929 3578 sue
950 3511 1122 3580 electionis
1138 3511 1223 3580 lecte
1238 3532 1299 3601 per
1313 3514 1397 3602 prin-

278 3614 370 3700 cipes
388 3610 575 3701 Alemanie,
596 3613 734 3697 gavisus
753 3609 921 3698 obstupuit
945 3629 988 3678 ex
1006 3629 1063 3699 eo,
1084 3611 1174 3698 quod
1190 3613 1335 3678 omnium
1350 3630 1398 3678 re·

277 3729 345 3777 rum
364 3715 491 3777 creator
506 3709 591 3778 deus
613 3709 747 3778 eumad
766 3713 888 3776 tantum
906 3709 1064 3778 bonorem
1080 3715 1114 3777 et
1130 3712 1222 3795 regie
1241 3712 1397 3778 maiesta-

278 3810 318 3875 tis
345 3809 473 3876 oulmen
498 3808 653 3894 dignatus
685 3814 794 3896 esset,
822 3809 899 3876 lieet
922 3806 1110 3896 indignum,
1136 3825 1288 3876 evocare.
1323 3807 1397 3874 blei

277 3905 392 3974 relicto
427 3909 573 3974 exercitu
598 3908 765 3975 anhelavit
786 3907 828 3974 ad
850 3907 984 3994 opidum
1013 3907 1236 3989 Franlreniurt.
1270 3907 1310 3974 llt
1330 3924 1394 3972 eum

279 4005 487 4092 pervenisset
509 4007 542 4073 in
567 4007 808 4095 propinquitate
834 4004 966 4074 dimidie
989 4007 1102 4095 leuce,
1132 4005 1240 4074 iactvrs
1268 4011 1320 4073 est
1341 4003 1396 4071 sibi

279 4120 439 4171 occursus
466 4121 606 4190 magnus
635 4123 654 4172 a
675 4104 876 4192 principibus
902 4104 933 4170 et
950 4105 1116 4172 nobilibus
1136 4109 1169 4172 et
1189 4106 1345 4193 precipue
1360 4101 1395 4168 ab

278 4202 532 4290 archiepiscopo
546 4203 751 4293 Coloniensi,
771 4209 803 4270 et
820 4202 999 4272 honorifice
1015 4210 1169 4292 receptus
1188 4208 1228 4272 ao
1241 4205 1275 4270 in
1291 4219 1396 4287 regem
