2890 4832
348 241 488 292 rnrsrru
509 242 623 294 11111
644 241 836 292 nrcrmrrrr.
1091 213 1161 284 313

43 386 70 452 11
88 401 125 453 11
137 381 227 471 quod
241 383 295 451 ille
309 383 484 462 moliturus
499 387 602 452 esset.
620 381 768 470 Cumque
780 383 845 450 ianr
861 398 1045 452 concavam
1061 382 1161 472 viam,

45 502 100 570 que
116 485 147 549 in
166 475 371 550 summitate¹
390 483 520 551 duabus
545 481 700 552 hincinde
719 482 845 550 semitis
864 480 1077 572 cingebatur,
1097 479 1161 548 dc-

42 583 136 649 1111111
162 583 345 670 episcopus
371 581 619 671 ingrederetur,
648 581 798 670 premissi
817 581 905 648 servi
934 581 1063 648 comitis
1087 597 1162 648 cum

41 687 120 748 tanto
134 682 275 768 strepitu
293 679 415 748 aditum
433 685 716 770 preoccupurunt,
733 686 770 747 ut
787 680 893 748 eciam
909 679 982 767 ipse
1001 678 1162 768 pontifex,

42 781 116 848 sient
132 778 233 846 hodie
252 781 347 848 testis
367 785 419 848 est
437 780 590 848 cellarius
608 779 651 848 de
669 777 888 848 Hemmerode
898 831 908 868 ,
930 778 1080 848 turbatus
1099 779 1161 846 mi-

40 883 161 946 raretur.
188 874 255 946 Alii
279 897 299 946 a
324 878 448 948 dextris
467 879 522 948 elii
547 897 567 946 a
592 879 733 948 sinistris
760 876 1008 967 gradiebantur,
1027 876 1162 964 quidam

41 994 108 1044 rem
132 983 220 1044 retro
248 995 322 1044 cunr
348 979 469 1047 comite
500 977 640 1046 insidias
672 977 893 1046 observantes
925 975 1161 1063 sequebantur.

40 1075 119 1142 lunc
136 1075 343 1166 Heribertus,
362 1078 496 1163 signum
512 1078 562 1146 eis
580 1075 665 1146 duns
684 1077 741 1164 qui
759 1075 794 1144 in
811 1075 947 1144 latebris
966 1079 1077 1163 erant,
1096 1079 1162 1142 tam

39 1173 216 1242 horribilem
236 1174 339 1244 edidit
355 1177 504 1264 sibilum,
530 1179 566 1244 ut
588 1193 655 1244 non
674 1173 774 1242 modo
792 1173 944 1242 homines
961 1172 1161 1261 proditionis
1198 1207 1201 1210 ·

41 1275 151 1362 ignari,
178 1273 241 1341 sed
262 1276 359 1342 etiam
378 1277 455 1362 equi
475 1273 595 1363 quibus
620 1272 811 1342 insidebant
833 1278 1014 1361 stuperent.
1041 1271 1122 1340 lllox
1139 1273 1162 1338 ii

42 1373 87 1459 qui
101 1375 516 1460 precesserantextructis
542 1372 663 1460 gladiis
681 1374 808 1442 reuersi
827 1378 913 1440 sunt.
945 1370 983 1439 ld
1000 1369 1057 1438 ubi
1075 1387 1161 1438 con-

41 1473 137 1557 spexit
155 1471 252 1540 miles
272 1471 423 1560 quidam,
443 1474 499 1560 qui
515 1473 601 1540 inter
618 1472 694 1540 illos
713 1476 746 1539 11
763 1472 958 1559 episcopum
976 1475 1062 1559 erat,
1088 1475 1161 1538 ter-

42 1570 109 1636 ritus
127 1571 301 1639 clamavit:
326 1571 483 1655 Domine,
505 1571 672 1638 ascendite
693 1571 759 1638 cito
779 1570 988 1638 dextrarium
1008 1572 1161 1652 cestrum,

40 1671 106 1752 puio
127 1687 219 1738 mors
234 1672 270 1736 in
285 1672 394 1738 iuncte
410 1671 483 1738 eet!
510 1669 701 1740 Ducebatur
719 1671 806 1738 enim
824 1667 1009 1737 dextrarius
1027 1686 1045 1735 a
1064 1673 1160 1754 tergo

42 1767 102 1836 eius
127 1787 146 1837 a
171 1769 278 1838 nobili
297 1768 511 1838 adolescente
536 1769 577 1838 de
602 1768 829 1838 Hemirsbaob.
862 1767 1024 1836 Videntes
1051 1772 1160 1838 autem

40 1863 138 1934 famuli
159 1869 292 1936 comitis
314 1868 405 1956 quod
430 1867 631 1937 dextrarium
658 1866 888 1955 ascendisset,
908 1865 1103 1934 obiecerunt
1120 1881 1159 1933 sc

41 1965 77 2054 ei,
102 1972 133 2034 11
155 1985 247 2034 1111
273 1985 315 2036 ex
332 1966 396 2036 illis
414 1967 601 2036 vulneravit
618 1985 692 2036 eum
711 1967 858 2052 graviter
875 1966 909 2032 in
927 1982 1037 2052 omre,
1065 1963 1159 2032 nullo

41 2081 101 2130 eum
118 2064 339 2155 defendente,
367 2071 509 2155 excepto
527 2066 627 2134 milite
646 2064 801 2134 Conrado
827 2063 868 2132 de
888 2063 1082 2152 Tremonia,
1102 2059 1159 2150 qui

40 2160 173 2232 districto
201 2183 286 2234 ense
303 2163 476 2234 Heriberto
495 2163 658 2233 llinclrore
684 2181 722 2233 se
749 2163 882 2233 obiecit.
915 2160 1022 2243 Quem
1048 2167 1158 2230 tamen

38 2260 61 2325 is
76 2259 264 2332 Heribertus
282 2269 496 2334 antevertens
514 2263 585 2333 dire
602 2265 637 2332 in
654 2261 761 2332 fronte
780 2263 958 2353 percussit,
977 2268 1010 2329 et
1028 2278 1101 2328 cum
1119 2279 1158 2330 se

40 2359 140 2429 abillo
159 2361 336 2432 Conradus
356 2368 531 2452 averteret,
544 2363 611 2431 alio
628 2364 697 2430 ictu
714 2363 799 2430 inter
813 2361 972 2450 scapulos
991 2378 1065 2428 eum
1082 2360 1159 2428 vul-

40 2462 163 2528 neravit.
196 2461 309 2548 Atque
334 2461 387 2530 hic
412 2469 463 2531 est
486 2462 542 2530 illc
560 2461 773 2550 Heribertus,
800 2461 857 2548 qui
874 2460 975 2548 paulo
994 2464 1071 2528 ante
1090 2457 1158 2528 do-

41 2559 146 2626 minum
165 2561 362 2649 episcopum
379 2567 630 2651 premonuerat,
649 2566 686 2628 ut
702 2560 731 2628 si
749 2576 850 2630 secus
868 2575 967 2646 quam
983 2559 1057 2646 ipse
1077 2575 1158 2644 spe·
1269 2613 1271 2618 .

41 2655 120 2724 rabat
136 2676 191 2727 res
218 2661 385 2750 eveniret,
412 2677 574 2728 excusare
598 2677 636 2728 se
648 2664 781 2748 posset.
808 2658 851 2726 Ut
874 2662 983 2726 autern
1002 2656 1159 2724 viderunt

41 2751 93 2822 111
108 2757 152 2824 1111
171 2759 229 2844 qui
248 2764 341 2826 erant
358 2775 432 2826 cum
450 2759 631 2847 episcopo,
659 2775 776 2826 omnes
795 2756 910 2824 relicto
929 2772 970 2824 eo
988 2753 1157 2843 ingerunt,

42 2858 68 2918 11
82 2855 246 2942 impletum
264 2858 367 2925 estin
384 2857 449 2924 illis
468 2856 558 2944 quod
575 2856 845 2946 perpropbetam
860 2854 1024 2942 decapite
1041 2858 1158 2922 nostro

43 2953 181 3040 scriptum
217 2961 286 3024 est:
328 2955 519 3024 Percuttcm
545 2960 716 3042 pastorem
746 2959 779 3022 et
810 2955 1040 3040 dispergentur
1070 2968 1158 3020 oceo.

42 3045 114 3127 Ouid
129 3059 207 3140 post
224 3054 288 3122 hec
306 3053 347 3122 de
365 3055 423 3122 illc
442 3059 574 3140 gestum
593 3056 637 3124 sit
654 3060 722 3124 turn
740 3061 874 3142 propter
891 3070 1025 3122 suumn
1046 3050 1159 3138 lugam

42 3151 96 3214 tum
112 3158 246 3239 propter
262 3153 483 3222 imminentem
501 3159 632 3222 noctem
651 3153 750 3242 plene
769 3153 847 3222 sciri
864 3169 931 3220 non
950 3151 1067 3240 potuit.
1090 3150 1159 3220 Sed

43 3257 204 3318 11111111
224 3251 278 3319 dei
296 3258 405 3320 actum
425 3258 495 3342 est,
521 3258 557 3320 ut
575 3269 687 3320 comes
706 3251 890 3320 1111111111
910 3250 951 3318 ab
970 3243 1082 3320 Urbc²
1099 3267 1157 3318 re-

42 3341 121 3414 diens
146 3349 317 3418 Coloniam
341 3353 494 3439 captivus
520 3350 717 3438 duceretur,
753 3369 795 3418 ex
822 3367 889 3436 quo
914 3349 1059 3435 martyrii
1084 3351 1157 3419 eius

41 3443 109 3511 ordo
126 3447 312 3536 modusque
331 3451 488 3535 cognitus
513 3453 573 3518 cst.
612 3449 644 3518 ls
669 3450 755 3518 enim
781 3447 909 3516 lacinus
935 3465 1029 3516 suum
1048 3447 1157 3534 pclarn

43 3542 215 3638 confessus,
234 3547 397 3635 parricidii
416 3566 492 3618 roos
511 3549 701 3616 nominatim
721 3547 896 3636 expressit,
916 3546 1020 3614 eciam
1039 3543 1156 3616 iratres

42 3655 108 3708 suos
125 3643 167 3712 de
185 3652 279 3716 reatu
298 3665 472 3714 accusans.
507 3646 631 3735 Captus
657 3653 710 3716 est
734 3663 807 3714 cum
826 3663 867 3714 eo
892 3650 925 3712 et
951 3644 1051 3712 milite
1071 3663 1158 3732 quo-

44 3735 104 3806 dam
121 3742 240 3812 Tobios
259 3746 410 3814 notarius
429 3747 519 3835 eius,
538 3746 645 3834 quiin
670 3744 811 3814 vinculis
830 3745 960 3832 positus
977 3741 1019 3812 ad
1037 3761 1157 3832 preces

44 3841 232 3919 quorundam
259 3845 512 3934 canonicorum,
543 3845 599 3932 qni
633 3861 685 3914 me
709 3843 752 3912 nd
777 3841 988 3912 scribendum
1013 3844 1156 3932 amplius

45 3935 259 4032 sollicitarunt,
287 3948 323 4010 11
345 3944 456 4012 verius
483 3943 583 4012 scribi
608 3949 746 4035 posset,
778 3940 1053 4030 quemadmodum
1079 3950 1157 4012 eta

73 4107 96 4173 Ι)
111 4111 216 4166 uuidar
233 4113 305 4168 hoho
323 4113 372 4170 dee
390 4113 590 4184 Gevelsberges
613 4113 779 4170 nordbatlich
804 4132 857 4170 von
876 4113 1027 4181 Schwelm,
1051 4131 1094 4168 wo
1113 4130 1155 4168 am

44 4179 91 4226 orte
117 4177 160 4233 der
186 4181 243 4236 tbut
270 4187 359 4236 11111
390 4185 435 4239 111
466 4182 681 4240 1111111111111
707 4181 997 4239 1111111111111111111
1027 4181 1156 4238 errichtet

43 4242 130 4300 uurde.
171 4250 201 4318 2)
219 4265 268 4306 cus
284 4199 361 4306 fleur.
