2950 4836
433 243 593 288 enaonrcoa
617 242 857 288 osraenommsr.
1143 213 1211 280 567

63 379 260 464 quingente
286 381 385 466 galee
410 389 443 448 et
461 383 656 450 rusticorum
674 380 877 468 pedestrium
894 381 984 448 milia
1000 380 1033 448 lx
1042 375 1061 448 ¹.
1088 382 1211 452 Consi·
1231 397 1298 452 tero

63 475 235 550 derantes
254 480 367 567 itaque
385 481 517 548 Bawari
536 479 626 567 qnod
645 481 810 548 exercitus
829 478 1093 548 adversariorum
1111 501 1214 572 prop·

63 581 118 643 ter
140 576 311 646 delectum
336 580 527 646 victualium
553 584 587 646 et
612 580 747 646 nimium
767 584 875 646 estum
894 584 927 646 et
944 596 1103 666 equorum
1122 582 1214 650 inte-

62 676 171 742 ritum
190 677 328 744 cottidie
347 677 600 766 diminueretur,
620 678 762 746 oonsilio
780 679 861 745 inito
880 677 1052 746 audaciam
1070 687 1213 772 sumunt,

62 781 312 861 presumentes
331 775 372 844 de
392 777 445 845 dei
470 778 586 862 gracia
605 782 637 844 et
655 778 811 845 oracione
830 777 1063 862 religiosorum
1083 781 1214 866 cogita·

61 872 156 940 bant
182 875 346 960 congredi
372 877 534 944 cumillis
559 877 591 944 in
611 875 699 944 bello
718 876 903 964 campestri.
930 875 1109 945 Habebunt
1127 880 1213 946 enim

60 989 190 1042 seeum
220 974 416 1044 sacerdotes
444 974 614 1042 seculares
640 981 673 1042 et
689 975 870 1061 religiosos
889 973 1096 1044 diversorum
1119 978 1213 1045 ordi-

61 1089 173 1162 num,
195 1074 250 1160 qui
276 1075 359 1161 ipsis
379 1073 491 1142 divina
507 1079 605 1162 prout
623 1073 735 1142 decuit
752 1074 953 1142 christianos
971 1072 1146 1143 iaciebant.
1171 1077 1214 1144 Et

62 1173 153 1256 quia
172 1173 332 1240 transitus
350 1174 434 1240 ultra
457 1174 563 1241 Ennm
581 1173 696 1240 haberi
721 1191 789 1241 non
806 1174 916 1260 potuit
933 1171 976 1240 ad
994 1177 1213 1260 congressio-

62 1287 167 1358 nem,
195 1269 237 1344 de
265 1273 406 1340 consilio
432 1272 555 1340 nobilis
580 1273 641 1340 viri
666 1271 808 1340 Hartlibi
829 1270 871 1339 de
889 1271 1060 1360 Puchperc
1077 1281 1213 1361 pontem

63 1367 237 1441 fabricare
257 1376 426 1458 ceperunt.
453 1371 492 1438 ln
517 1373 611 1440 cuius
636 1369 861 1460 perlectione,
880 1388 952 1438 cum
971 1370 1013 1438 de
1031 1390 1127 1440 mane
1145 1375 1212 1441 Ba·
1249 1412 1252 1418 ·

66 1469 157 1540 wari
181 1471 322 1540 transire
348 1471 550 1559 cogitarent,
578 1471 645 1558 ipsi
669 1469 851 1552 adversarii
879 1469 1085 1538 multitudine
1107 1473 1212 1541 rusti*

67 1585 191 1640 eorum
215 1569 331 1657 territi,
351 1570 439 1638 circa
459 1569 599 1638 mediam
614 1573 746 1638 noctem
767 1568 868 1638 Suevl
889 1585 963 1636 cum
988 1565 1210 1662 Australibus,

64 1664 139 1734 dux
174 1684 249 1739 oum
275 1667 546 1757 archiepiscopo,
573 1686 611 1736 se
642 1667 823 1754 adingam
851 1676 1123 1756 preparaverunt.
1163 1671 1212 1742 lta

64 1764 165 1852 qnod
200 1767 288 1837 circa
319 1773 427 1835 ortum
456 1768 538 1836 solis
570 1768 672 1836 tercio
697 1785 806 1836 nonas
832 1767 1022 1835 novembris
1050 1764 1143 1856 [nov.
1170 1767 1209 1860 3]

64 1881 191 1938 omnes
216 1863 329 1951 lugam
354 1867 514 1956 inierunt,
543 1871 576 1934 et
600 1865 771 1934 machinas
798 1883 838 1932 ac
863 1866 1006 1934 tentoria
1028 1867 1108 1951 igne
1127 1885 1211 1936 suc·

65 1963 278 2054 conderent,
303 1965 530 2056 relinquentes
548 1970 628 2054 post
645 1982 682 2033 se
692 2018 701 2054 ,
726 1970 764 2033 ut
784 1964 937 2032 omnibus
956 1963 1071 2056 videro
1089 1966 1210 2038 volen-

65 2061 159 2132 tibus
178 2065 303 2152 patuit‚
321 2082 465 2150 magnos
484 2081 592 2152 equos
611 2065 786 2152 accipitres
805 2063 923 2149 galeas
941 2063 1055 2132 vinum
1073 2081 1209 2136 mensas

67 2179 145 2235 cum
169 2161 253 2230 cibis
277 2169 470 2252 preparatas
497 2169 612 2234 vestes
639 2181 714 2232 cum
740 2161 847 2230 bracis
855 2215 865 2253 ,
893 2180 958 2250 que
990 2163 1101 2230 omnia
1129 2165 1209 2252 igne

68 2267 272 2348 consumpta
303 2260 451 2351 suerunt,
479 2263 629 2351 exceptis
656 2262 720 2330 hiis
749 2281 813 2349 que
848 2279 908 2350 per
937 2263 1117 2348 garciones
1148 2281 1209 2351 pro

67 2358 208 2431 modico
231 2360 368 2428 vendita
388 2366 475 2430 sunt.
507 2363 557 2430 Ex
579 2361 698 2448 quibus
726 2367 797 2430 erat
825 2361 1003 2430 tentorium
1023 2361 1209 2450 archiepis-

64 2459 214 2548 copale,
239 2458 329 2546 quod
350 2459 522 2530 dicebatur
543 2466 699 2530 constare
722 2461 842 2546 viginti
861 2471 1008 2552 marcas,
1034 2459 1124 2548 quod
1148 2479 1208 2550 pro

64 2563 218 2645 quatuor
238 2559 329 2628 libris
360 2559 611 2648 pataviensibus
639 2557 810 2628 venditum
834 2563 894 2628 est.
924 2558 976 2628 De
998 2559 1119 2646 quibus
1148 2579 1209 2628 cx-

64 2662 164 2728 stent
185 2657 270 2730 tales
289 2675 426 2726 versus:

170 2755 323 2828 Actenus
342 2757 489 2843 audaces
509 2755 611 2828 Suevi
628 2775 718 2826 nunc
735 2762 813 2826 sunt
829 2755 1009 2846 fugientes,

171 2855 289 2926 Verbis
307 2873 468 2944 procaces
488 2855 549 2924 sed
568 2855 663 2924 lactis
681 2855 727 2923 nil
744 2854 918 2924 iacientes.

171 2953 369 3023 Constructo
387 2961 489 3043 ponte
510 2954 695 3041 Scha‘rding
713 2972 790 3023 mox
807 2953 906 3022 devia
924 2960 1076 3045 querunt,

169 3051 246 3121 Non
263 3055 296 3123 vi
315 3053 377 3122 sed
395 3059 533 3143 sponte,
554 3055 628 3122 sine
646 3053 756 3122 bracis
774 3054 831 3121 vix
849 3052 1009 3122 ablemnt.

169 3151 361 3222 Bamaricns
375 3151 479 3222 llatus
494 3161 600 3241 'super
616 3153 722 3222 Enum
740 3155 981 3239 transagitatus

172 3251 301 3320 Terruit
318 3251 510 3342 Australes,
537 3253 688 3339 leporum
707 3251 869 3340 fugiendo
888 3251 1035 3322 sodales

168 3347 332 3420 Australis
350 3351 445 3420 turbe
466 3350 508 3419 de
528 3349 715 3436 Scbdrding
729 3368 850 3419 cancer
868 3351 909 3418 ab
927 3349 1008 3418 mbo

173 3445 258 3520 Octo
277 3455 370 3520 tenet
387 3449 493 3539 turea,
514 3449 592 3536 quia
610 3501 721 3517 .....
739 3453 775 3515 ut
791 3465 933 3536 amerca,

171 3547 213 3618 Et
230 3549 283 3618 bis
302 3567 364 3618 sex
377 3567 441 3616 ano
461 3548 680 3637 conplectitur
696 3547 752 3616 ille
766 3545 908 3636 prolano

171 3643 236 3716 Ore
255 3649 405 3736 rapitque
423 3665 545 3718 novem
564 3665 626 3716 ceu
642 3647 742 3734 lupus
761 3665 838 3716 acer
856 3662 962 3714 ovem.
1239 3724 1240 3728 Ἴ

143 3745 307 3816 Meceni.
338 3747 499 3816 Dominus
528 3744 606 3815 Otto
632 3763 690 3814 rex
716 3745 861 3832 Ungarle
892 3750 925 3814 et
950 3743 1019 3814 dux
1042 3742 1205 3834 Bawarie,

64 3851 201 3916 mortuo
227 3845 361 3916 domino
388 3845 558 3934 Stephano
586 3845 690 3932 duce,
709 3843 931 3913 mediantibus
949 3842 1206 3932 archiepiscopo

64 3963 144 4012 cum
164 3946 333 4034 episcopis
353 3951 387 4014 et
405 3944 602 4032 quibusdam
621 3944 787 4014 nobilibus
803 3945 974 4030 utriusque
988 3942 1204 4031 principatus,

62 4045 237 4112 consentit
260 4045 293 4112 in
321 4043 409 4114 diem
432 4045 589 4132 colloquii
621 4061 721 4131 super
746 4041 850 4111 torma
882 4042 1140 4132 composicionis
1170 4042 1205 4108 in

63 4145 298 4212 controversia
323 4143 429 4232 ipsius
457 4149 490 4212 et
516 4143 612 4212 ducis
643 4141 795 4232 Austrie,
820 4143 1011 4232 specialiter
1033 4148 1144 4210 tamen
1162 4138 1204 4206 ad

98 4255 130 4319 l]
151 4251 197 4304 ixt
