<?xml version="1.0" encoding="UTF-8"?>
<!DOCTYPE html PUBLIC "-//W3C//DTD XHTML 1.0 Transitional//EN"
    "http://www.w3.org/TR/xhtml1/DTD/xhtml1-transitional.dtd">
<html xmlns="http://www.w3.org/1999/xhtml" xml:lang="en" lang="en">
 <head>
  <title>
</title>
<meta http-equiv="Content-Type" content="text/html;charset=utf-8" />
  <meta name='ocr-system' content='tesseract 3.04.00' />
  <meta name='ocr-capabilities' content='ocr_page ocr_carea ocr_par ocr_line ocrx_word'/>
</head>
<body>
  <div class='ocr_page' id='page_1' title='image "./fontesrerumgerm00hubegoog_0596.png"; bbox 0 0 2950 4836; ppageno 0'>
   <div class='ocr_carea' id='block_1_1' title="bbox 432 245 1198 320">
    <p class='ocr_par' dir='ltr' id='par_1_1' title="bbox 432 245 1198 320">
     <span class='ocr_line' id='line_1_1' title="bbox 432 245 1198 320; baseline -0.005 -2"><span class='ocrx_word' id='word_1_1' title='bbox 432 273 622 320; x_wconf 80' lang='lat' dir='ltr'><strong>earnaruous</strong></span> <span class='ocrx_word' id='word_1_2' title='bbox 644 274 821 320; x_wconf 77' lang='lat' dir='ltr'><strong>larinensis</strong></span> <span class='ocrx_word' id='word_1_3' title='bbox 1129 245 1198 314; x_wconf 82' lang='lat'><strong>533</strong></span> 
     </span>
    </p>
   </div>
   <div class='ocr_carea' id='block_1_2' title="bbox 58 406 1303 3770">
    <p class='ocr_par' dir='ltr' id='par_1_2' title="bbox 58 406 1303 3770">
     <span class='ocr_line' id='line_1_2' title="bbox 64 406 1285 501; baseline 0.004 -24"><span class='ocrx_word' id='word_1_4' title='bbox 64 413 156 498; x_wconf 89' lang='lat' dir='ltr'><strong>regis</strong></span> <span class='ocrx_word' id='word_1_5' title='bbox 175 413 309 480; x_wconf 90' lang='lat' dir='ltr'><strong>nornine</strong></span> <span class='ocrx_word' id='word_1_6' title='bbox 322 406 427 480; x_wconf 84' lang='lat' dir='ltr'><strong>Anna</strong></span> <span class='ocrx_word' id='word_1_7' title='bbox 439 411 528 480; x_wconf 83' lang='lat' dir='ltr'><strong>obiit.</strong></span> <span class='ocrx_word' id='word_1_8' title='bbox 553 413 593 480; x_wconf 85' lang='lat' dir='ltr'><strong>Et</strong></span> <span class='ocrx_word' id='word_1_9' title='bbox 611 413 729 480; x_wconf 87' lang='lat' dir='ltr'><strong>eodern</strong></span> <span class='ocrx_word' id='word_1_10' title='bbox 744 431 833 480; x_wconf 89' lang='lat' dir='ltr'><strong>anno</strong></span> <span class='ocrx_word' id='word_1_11' title='bbox 851 414 924 501; x_wconf 90' lang='lat' dir='ltr'><strong>ipso</strong></span> <span class='ocrx_word' id='word_1_12' title='bbox 942 431 1000 480; x_wconf 88' lang='lat' dir='ltr'><strong>rex</strong></span> <span class='ocrx_word' id='word_1_13' title='bbox 1018 415 1121 481; x_wconf 80' lang='lat' dir='ltr'>exivit</span> <span class='ocrx_word' id='word_1_14' title='bbox 1135 420 1202 481; x_wconf 88' lang='lat' dir='ltr'><strong>ter·</strong></span> <span class='ocrx_word' id='word_1_15' title='bbox 1222 428 1285 482; x_wconf 84' lang='lat' dir='ltr'><strong>128t</strong></span> 
     </span>
     <span class='ocr_line' id='line_1_3' title="bbox 63 508 1204 600; baseline 0.004 -25"><span class='ocrx_word' id='word_1_16' title='bbox 63 529 133 576; x_wconf 91' lang='lat' dir='ltr'><strong>raru</strong></span> <span class='ocrx_word' id='word_1_17' title='bbox 150 508 305 600; x_wconf 85' lang='lat' dir='ltr'><strong>Austrie,</strong></span> <span class='ocrx_word' id='word_1_18' title='bbox 324 517 358 578; x_wconf 90' lang='lat' dir='ltr'><strong>et</strong></span> <span class='ocrx_word' id='word_1_19' title='bbox 374 514 482 600; x_wconf 90' lang='lat' dir='ltr'><strong>ipsuur</strong></span> <span class='ocrx_word' id='word_1_20' title='bbox 501 511 656 580; x_wconf 88' lang='lat' dir='ltr'><strong>ducatum</strong></span> <span class='ocrx_word' id='word_1_21' title='bbox 674 509 809 580; x_wconf 80' lang='lat' dir='ltr'><strong>alberto</strong></span> <span class='ocrx_word' id='word_1_22' title='bbox 828 511 895 580; x_wconf 89' lang='lat' dir='ltr'><strong>filio</strong></span> <span class='ocrx_word' id='word_1_23' title='bbox 914 529 976 580; x_wconf 82' lang='lat' dir='ltr'><strong>suro</strong></span> <span class='ocrx_word' id='word_1_24' title='bbox 995 514 1204 600; x_wconf 86' lang='lat' dir='ltr'><strong>primigenita</strong></span> 
     </span>
     <span class='ocr_line' id='line_1_4' title="bbox 64 608 1204 698; baseline 0.004 -23"><span class='ocrx_word' id='word_1_25' title='bbox 64 608 321 677; x_wconf 87' lang='lat' dir='ltr'><strong>commendavit.</strong></span> <span class='ocrx_word' id='word_1_26' title='bbox 349 609 417 678; x_wconf 89' lang='lat' dir='ltr'><strong>Sed</strong></span> <span class='ocrx_word' id='word_1_27' title='bbox 434 611 646 698; x_wconf 86' lang='lat' dir='ltr'><strong>postmodum</strong></span> <span class='ocrx_word' id='word_1_28' title='bbox 673 611 816 679; x_wconf 91' lang='lat' dir='ltr'><strong>eundern</strong></span> <span class='ocrx_word' id='word_1_29' title='bbox 841 611 996 680; x_wconf 89' lang='lat' dir='ltr'><strong>ducatum</strong></span> <span class='ocrx_word' id='word_1_30' title='bbox 1015 611 1121 679; x_wconf 90' lang='lat' dir='ltr'><strong>eidern</strong></span> <span class='ocrx_word' id='word_1_31' title='bbox 1140 610 1204 680; x_wconf 92' lang='lat' dir='ltr'><strong>do-</strong></span> 
     </span>
     <span class='ocr_line' id='line_1_5' title="bbox 62 705 1204 800; baseline 0.004 -26"><span class='ocrx_word' id='word_1_32' title='bbox 62 710 154 774; x_wconf 88' lang='lat' dir='ltr'><strong>mino</strong></span> <span class='ocrx_word' id='word_1_33' title='bbox 172 705 310 777; x_wconf 86' lang='lat' dir='ltr'><strong>Alberto</strong></span> <span class='ocrx_word' id='word_1_34' title='bbox 329 715 362 776; x_wconf 92' lang='lat' dir='ltr'><strong>et</strong></span> <span class='ocrx_word' id='word_1_35' title='bbox 378 708 519 778; x_wconf 85' lang='lat' dir='ltr'><strong>lludollo</strong></span> <span class='ocrx_word' id='word_1_36' title='bbox 540 710 613 778; x_wconf 85' lang='lat' dir='ltr'><strong>liliis</strong></span> <span class='ocrx_word' id='word_1_37' title='bbox 632 712 703 778; x_wconf 91' lang='lat' dir='ltr'><strong>suis</strong></span> <span class='ocrx_word' id='word_1_38' title='bbox 721 712 755 778; x_wconf 92' lang='lat' dir='ltr'><strong>in</strong></span> <span class='ocrx_word' id='word_1_39' title='bbox 773 709 908 778; x_wconf 90' lang='lat' dir='ltr'><strong>leodurn</strong></span> <span class='ocrx_word' id='word_1_40' title='bbox 926 711 1073 800; x_wconf 88' lang='lat' dir='ltr'><strong>contulit,</strong></span> <span class='ocrx_word' id='word_1_41' title='bbox 1093 727 1204 778; x_wconf 90' lang='lat' dir='ltr'><strong>corarn</strong></span> 
     </span>
     <span class='ocr_line' id='line_1_6' title="bbox 63 807 1204 896; baseline 0.003 -23"><span class='ocrx_word' id='word_1_42' title='bbox 63 808 273 896; x_wconf 91' lang='lat' dir='ltr'><strong>principibus</strong></span> <span class='ocrx_word' id='word_1_43' title='bbox 307 809 376 876; x_wconf 90' lang='lat' dir='ltr'><strong>suis</strong></span> <span class='ocrx_word' id='word_1_44' title='bbox 401 827 503 893; x_wconf 91' lang='lat' dir='ltr'><strong>super</strong></span> <span class='ocrx_word' id='word_1_45' title='bbox 528 809 594 877; x_wconf 92' lang='lat' dir='ltr'><strong>boc</strong></span> <span class='ocrx_word' id='word_1_46' title='bbox 619 807 773 896; x_wconf 85' lang='lat' dir='ltr'><strong>Auguste</strong></span> <span class='ocrx_word' id='word_1_47' title='bbox 800 811 834 878; x_wconf 92' lang='lat' dir='ltr'><strong>in</strong></span> <span class='ocrx_word' id='word_1_48' title='bbox 861 811 951 877; x_wconf 90' lang='lat' dir='ltr'><strong>curia</strong></span> <span class='ocrx_word' id='word_1_49' title='bbox 977 811 1204 896; x_wconf 80' lang='lat' dir='ltr'><strong>congregatis,</strong></span> 
     </span>
     <span class='ocr_line' id='line_1_7' title="bbox 61 901 1222 997; baseline 0.002 -23"><span class='ocrx_word' id='word_1_50' title='bbox 61 905 194 974; x_wconf 88' lang='lat' dir='ltr'><strong>Eodenr</strong></span> <span class='ocrx_word' id='word_1_51' title='bbox 214 925 303 976; x_wconf 90' lang='lat' dir='ltr'><strong>anno</strong></span> <span class='ocrx_word' id='word_1_52' title='bbox 322 907 517 976; x_wconf 88' lang='lat' dir='ltr'><strong>Chunradus</strong></span> <span class='ocrx_word' id='word_1_53' title='bbox 536 901 547 943; x_wconf 85' lang='lat'>¹</span> <span class='ocrx_word' id='word_1_54' title='bbox 565 925 678 978; x_wconf 89' lang='lat' dir='ltr'><strong>comes</strong></span> <span class='ocrx_word' id='word_1_55' title='bbox 703 908 745 976; x_wconf 91' lang='lat' dir='ltr'><strong>de</strong></span> <span class='ocrx_word' id='word_1_56' title='bbox 765 908 947 997; x_wconf 90' lang='lat' dir='ltr'><strong>blospurcb</strong></span> <span class='ocrx_word' id='word_1_57' title='bbox 970 911 1105 978; x_wconf 84' lang='lat' dir='ltr'><strong>moritur</strong></span> <span class='ocrx_word' id='word_1_58' title='bbox 1130 911 1222 993; x_wconf 26' lang='lat' dir='ltr'><strong>sine·</strong></span> 
     </span>
     <span class='ocr_line' id='line_1_8' title="bbox 61 1005 1204 1095; baseline 0.003 -23"><span class='ocrx_word' id='word_1_59' title='bbox 61 1005 249 1074; x_wconf 88' lang='lat' dir='ltr'><strong>heredibus</strong></span> <span class='ocrx_word' id='word_1_60' title='bbox 257 1059 266 1095; x_wconf 83' lang='lat'><em>,</em></span> <span class='ocrx_word' id='word_1_61' title='bbox 295 1013 328 1074; x_wconf 87' lang='lat' dir='ltr'><strong>et</strong></span> <span class='ocrx_word' id='word_1_62' title='bbox 354 1009 528 1076; x_wconf 78' lang='lat' dir='ltr'><strong>comitatus</strong></span> <span class='ocrx_word' id='word_1_63' title='bbox 547 1006 590 1075; x_wconf 91' lang='lat' dir='ltr'><strong>ad</strong></span> <span class='ocrx_word' id='word_1_64' title='bbox 608 1007 731 1075; x_wconf 89' lang='lat' dir='ltr'><strong>domini</strong></span> <span class='ocrx_word' id='word_1_65' title='bbox 757 1007 903 1076; x_wconf 90' lang='lat' dir='ltr'><strong>Heinrici</strong></span> <span class='ocrx_word' id='word_1_66' title='bbox 928 1007 1025 1076; x_wconf 87' lang='lat' dir='ltr'><strong>ducis</strong></span> <span class='ocrx_word' id='word_1_67' title='bbox 1051 1009 1204 1076; x_wconf 86' lang='lat' dir='ltr'><strong>Bawarie</strong></span> 
     </span>
     <span class='ocr_line' id='line_1_9' title="bbox 61 1104 1203 1194; baseline 0.004 -23"><span class='ocrx_word' id='word_1_68' title='bbox 61 1104 256 1173; x_wconf 89' lang='lat' dir='ltr'><strong>devolvitur</strong></span> <span class='ocrx_word' id='word_1_69' title='bbox 273 1112 482 1194; x_wconf 85' lang='lat' dir='ltr'><strong>potestatem.</strong></span> <span class='ocrx_word' id='word_1_70' title='bbox 516 1107 598 1174; x_wconf 88' lang='lat' dir='ltr'><strong>ltcrn</strong></span> <span class='ocrx_word' id='word_1_71' title='bbox 616 1106 735 1175; x_wconf 89' lang='lat' dir='ltr'><strong>eodem</strong></span> <span class='ocrx_word' id='word_1_72' title='bbox 760 1123 849 1175; x_wconf 87' lang='lat' dir='ltr'><strong>anno</strong></span> <span class='ocrx_word' id='word_1_73' title='bbox 868 1125 888 1174; x_wconf 86' lang='lat' dir='ltr'><strong>a</strong></span> <span class='ocrx_word' id='word_1_74' title='bbox 906 1106 1040 1176; x_wconf 89' lang='lat' dir='ltr'><strong>domino</strong></span> <span class='ocrx_word' id='word_1_75' title='bbox 1058 1106 1203 1176; x_wconf 77' lang='lat' dir='ltr'><strong>llridrioo</strong></span> 
     </span>
     <span class='ocr_line' id='line_1_10' title="bbox 62 1203 983 1294; baseline 0.003 -23"><span class='ocrx_word' id='word_1_76' title='bbox 62 1203 309 1291; x_wconf 73' lang='lat' dir='ltr'><strong>salzpurgensi</strong></span> <span class='ocrx_word' id='word_1_77' title='bbox 328 1205 581 1294; x_wconf 89' lang='lat' dir='ltr'><strong>archiepiscopo</strong></span> <span class='ocrx_word' id='word_1_78' title='bbox 597 1207 771 1274; x_wconf 85' lang='lat' dir='ltr'><strong>concilium</strong></span> <span class='ocrx_word' id='word_1_79' title='bbox 791 1205 983 1274; x_wconf 87' lang='lat' dir='ltr'><strong>celebratur.</strong></span> 
     </span>
     <span class='ocr_line' id='line_1_11' title="bbox 144 1295 1202 1392; baseline 0.002 -22"><span class='ocrx_word' id='word_1_80' title='bbox 144 1297 405 1392; x_wconf 76' lang='lat' dir='ltr'><strong>[Eodem2annc</strong></span> <span class='ocrx_word' id='word_1_81' title='bbox 424 1305 556 1373; x_wconf 88' lang='lat' dir='ltr'><strong>inimico</strong></span> <span class='ocrx_word' id='word_1_82' title='bbox 575 1305 706 1374; x_wconf 89' lang='lat' dir='ltr'><strong>bomine</strong></span> <span class='ocrx_word' id='word_1_83' title='bbox 726 1323 828 1392; x_wconf 90' lang='lat' dir='ltr'><strong>super</strong></span> <span class='ocrx_word' id='word_1_84' title='bbox 842 1305 1026 1374; x_wconf 83' lang='lat' dir='ltr'><strong>seminante</strong></span> <span class='ocrx_word' id='word_1_85' title='bbox 1036 1295 1202 1372; x_wconf 68' lang='lat' dir='ltr'><strong>&#39;zizaniam</strong></span> 
     </span>
     <span class='ocr_line' id='line_1_12' title="bbox 60 1401 1202 1493; baseline 0.002 -23"><span class='ocrx_word' id='word_1_86' title='bbox 60 1404 154 1470; x_wconf 89' lang='lat' dir='ltr'><strong>inter</strong></span> <span class='ocrx_word' id='word_1_87' title='bbox 172 1402 340 1471; x_wconf 87' lang='lat' dir='ltr'><strong>dominun</strong></span> <span class='ocrx_word' id='word_1_88' title='bbox 350 1402 582 1472; x_wconf 88' lang='lat' dir='ltr'><strong>Volcbruarunr</strong></span> <span class='ocrx_word' id='word_1_89' title='bbox 600 1403 752 1472; x_wconf 86' lang='lat' dir='ltr'><strong>abbatem</strong></span> <span class='ocrx_word' id='word_1_90' title='bbox 772 1401 943 1472; x_wconf 78' lang='lat' dir='ltr'><strong>debltuch</strong></span> <span class='ocrx_word' id='word_1_91' title='bbox 959 1410 1202 1493; x_wconf 78' lang='lat' dir='ltr'><strong>cannaparia,</strong></span> 
     </span>
     <span class='ocr_line' id='line_1_13' title="bbox 61 1501 1204 1593; baseline 0.001 -24"><span class='ocrx_word' id='word_1_92' title='bbox 61 1507 100 1569; x_wconf 88' lang='lat' dir='ltr'><strong>et</strong></span> <span class='ocrx_word' id='word_1_93' title='bbox 119 1501 284 1588; x_wconf 85' lang='lat' dir='ltr'><strong>quosdam</strong></span> <span class='ocrx_word' id='word_1_94' title='bbox 305 1501 422 1569; x_wconf 83' lang='lat' dir='ltr'><strong>tratres</strong></span> <span class='ocrx_word' id='word_1_95' title='bbox 442 1503 590 1571; x_wconf 85' lang='lat' dir='ltr'><strong>eiusdem</strong></span> <span class='ocrx_word' id='word_1_96' title='bbox 615 1503 680 1572; x_wconf 89' lang='lat' dir='ltr'><strong>loci</strong></span> <span class='ocrx_word' id='word_1_97' title='bbox 699 1521 740 1571; x_wconf 84' lang='lat' dir='ltr'><strong>ex</strong></span> <span class='ocrx_word' id='word_1_98' title='bbox 758 1503 878 1593; x_wconf 87' lang='lat' dir='ltr'><strong>altera,</strong></span> <span class='ocrx_word' id='word_1_99' title='bbox 905 1505 1016 1589; x_wconf 87' lang='lat' dir='ltr'><strong>gravis</strong></span> <span class='ocrx_word' id='word_1_100' title='bbox 1035 1501 1204 1571; x_wconf 78' lang='lat' dir='ltr'><strong>discordia</strong></span> 
     </span>
     <span class='ocr_line' id='line_1_14' title="bbox 61 1600 1203 1690; baseline 0.001 -22"><span class='ocrx_word' id='word_1_101' title='bbox 61 1605 120 1668; x_wconf 87' lang='lat' dir='ltr'><strong>est</strong></span> <span class='ocrx_word' id='word_1_102' title='bbox 138 1606 264 1668; x_wconf 87' lang='lat' dir='ltr'><strong>exorta.</strong></span> <span class='ocrx_word' id='word_1_103' title='bbox 289 1600 380 1668; x_wconf 90' lang='lat' dir='ltr'><strong>ldern</strong></span> <span class='ocrx_word' id='word_1_104' title='bbox 398 1621 541 1688; x_wconf 86' lang='lat' dir='ltr'><strong>namque</strong></span> <span class='ocrx_word' id='word_1_105' title='bbox 558 1602 676 1670; x_wconf 85' lang='lat' dir='ltr'><strong>tratres</strong></span> <span class='ocrx_word' id='word_1_106' title='bbox 701 1608 814 1670; x_wconf 89' lang='lat' dir='ltr'><strong>contra</strong></span> <span class='ocrx_word' id='word_1_107' title='bbox 839 1602 1023 1690; x_wconf 89' lang='lat' dir='ltr'><strong>predictum</strong></span> <span class='ocrx_word' id='word_1_108' title='bbox 1049 1601 1203 1670; x_wconf 87' lang='lat' dir='ltr'><strong>abbatem</strong></span> 
     </span>
     <span class='ocr_line' id='line_1_15' title="bbox 60 1699 1202 1790; baseline 0.001 -23"><span class='ocrx_word' id='word_1_109' title='bbox 60 1701 326 1787; x_wconf 86' lang='lat' dir='ltr'><strong>appellationem</strong></span> <span class='ocrx_word' id='word_1_110' title='bbox 345 1701 551 1790; x_wconf 87' lang='lat' dir='ltr'><strong>emittentes,</strong></span> <span class='ocrx_word' id='word_1_111' title='bbox 571 1700 734 1788; x_wconf 87' lang='lat' dir='ltr'><strong>quosdam</strong></span> <span class='ocrx_word' id='word_1_112' title='bbox 755 1719 796 1768; x_wconf 83' lang='lat' dir='ltr'><strong>ex</strong></span> <span class='ocrx_word' id='word_1_113' title='bbox 816 1719 853 1768; x_wconf 90' lang='lat' dir='ltr'><strong>se</strong></span> <span class='ocrx_word' id='word_1_114' title='bbox 872 1700 915 1768; x_wconf 89' lang='lat' dir='ltr'><strong>ad</strong></span> <span class='ocrx_word' id='word_1_115' title='bbox 933 1699 1112 1769; x_wconf 82' lang='lat' dir='ltr'>Romanam</span> <span class='ocrx_word' id='word_1_116' title='bbox 1137 1719 1202 1768; x_wconf 92' lang='lat' dir='ltr'><strong>cu-</strong></span> 
     </span>
     <span class='ocr_line' id='line_1_16' title="bbox 59 1799 1202 1888; baseline 0.001 -23"><span class='ocrx_word' id='word_1_117' title='bbox 59 1801 147 1866; x_wconf 89' lang='lat' dir='ltr'><strong>riam</strong></span> <span class='ocrx_word' id='word_1_118' title='bbox 174 1800 425 1866; x_wconf 87' lang='lat' dir='ltr'><strong>transmiserunt</strong></span> <span class='ocrx_word' id='word_1_119' title='bbox 433 1852 443 1888; x_wconf 85' lang='lat'><em>,</em></span> <span class='ocrx_word' id='word_1_120' title='bbox 470 1799 590 1868; x_wconf 84' lang='lat' dir='ltr'><strong>abbate</strong></span> <span class='ocrx_word' id='word_1_121' title='bbox 618 1817 828 1868; x_wconf 90' lang='lat' dir='ltr'><strong>econverso</strong></span> <span class='ocrx_word' id='word_1_122' title='bbox 856 1817 894 1868; x_wconf 92' lang='lat' dir='ltr'><strong>se</strong></span> <span class='ocrx_word' id='word_1_123' title='bbox 920 1817 979 1888; x_wconf 93' lang='lat' dir='ltr'><strong>per</strong></span> <span class='ocrx_word' id='word_1_124' title='bbox 1002 1801 1143 1867; x_wconf 91' lang='lat' dir='ltr'><strong>nuncios</strong></span> <span class='ocrx_word' id='word_1_125' title='bbox 1167 1800 1202 1866; x_wconf 92' lang='lat' dir='ltr'><strong>in</strong></span> 
     </span>
     <span class='ocr_line' id='line_1_17' title="bbox 59 1897 1202 1987; baseline -0.002 -22"><span class='ocrx_word' id='word_1_126' title='bbox 59 1897 185 1966; x_wconf 89' lang='lat' dir='ltr'><strong>eadem</strong></span> <span class='ocrx_word' id='word_1_127' title='bbox 207 1899 297 1966; x_wconf 92' lang='lat' dir='ltr'><strong>ouria</strong></span> <span class='ocrx_word' id='word_1_128' title='bbox 321 1897 533 1966; x_wconf 80' lang='lat' dir='ltr'><strong>defendente.</strong></span> <span class='ocrx_word' id='word_1_129' title='bbox 567 1898 698 1967; x_wconf 86' lang='lat' dir='ltr'><strong>Interea</strong></span> <span class='ocrx_word' id='word_1_130' title='bbox 723 1899 976 1987; x_wconf 87' lang='lat' dir='ltr'><strong>procurantibus</strong></span> <span class='ocrx_word' id='word_1_131' title='bbox 995 1899 1099 1966; x_wconf 86' lang='lat' dir='ltr'><strong>eoiurn</strong></span> <span class='ocrx_word' id='word_1_132' title='bbox 1126 1899 1202 1984; x_wconf 88' lang='lat' dir='ltr'><strong>qul-</strong></span> 
     </span>
     <span class='ocr_line' id='line_1_18' title="bbox 58 1991 1203 2087; baseline 0 -23"><span class='ocrx_word' id='word_1_133' title='bbox 58 1995 208 2064; x_wconf 88' lang='lat' dir='ltr'><strong>bnsdam</strong></span> <span class='ocrx_word' id='word_1_134' title='bbox 228 2015 269 2064; x_wconf 89' lang='lat' dir='ltr'><strong>ex</strong></span> <span class='ocrx_word' id='word_1_135' title='bbox 285 1998 368 2085; x_wconf 88' lang='lat' dir='ltr'><strong>ipsis</strong></span> <span class='ocrx_word' id='word_1_136' title='bbox 388 1997 560 2087; x_wconf 86' lang='lat' dir='ltr'><strong>tratribus,</strong></span> <span class='ocrx_word' id='word_1_137' title='bbox 586 2015 703 2066; x_wconf 89' lang='lat' dir='ltr'><strong>omnes</strong></span> <span class='ocrx_word' id='word_1_138' title='bbox 721 1991 850 2065; x_wconf 87' lang='lat' dir='ltr'><strong>canere</strong></span> <span class='ocrx_word' id='word_1_139' title='bbox 869 1997 1000 2064; x_wconf 84' lang='lat' dir='ltr'><strong>abbatis</strong></span> <span class='ocrx_word' id='word_1_140' title='bbox 1019 2002 1053 2064; x_wconf 85' lang='lat' dir='ltr'><strong>et</strong></span> <span class='ocrx_word' id='word_1_141' title='bbox 1071 1997 1203 2064; x_wconf 80' lang='lat' dir='ltr'><strong>cellaria</strong></span> 
     </span>
     <span class='ocr_line' id='line_1_19' title="bbox 61 2095 1191 2186; baseline -0.001 -23"><span class='ocrx_word' id='word_1_142' title='bbox 61 2101 100 2163; x_wconf 90' lang='lat' dir='ltr'><strong>et</strong></span> <span class='ocrx_word' id='word_1_143' title='bbox 117 2098 271 2181; x_wconf 87' lang='lat' dir='ltr'><strong>granaria</strong></span> <span class='ocrx_word' id='word_1_144' title='bbox 290 2095 454 2165; x_wconf 86' lang='lat' dir='ltr'><strong>violenter</strong></span> <span class='ocrx_word' id='word_1_145' title='bbox 473 2103 550 2164; x_wconf 91' lang='lat' dir='ltr'><strong>sunt</strong></span> <span class='ocrx_word' id='word_1_146' title='bbox 568 2097 713 2186; x_wconf 81' lang='lat' dir='ltr'><strong>effracta,</strong></span> <span class='ocrx_word' id='word_1_147' title='bbox 732 2103 764 2164; x_wconf 91' lang='lat' dir='ltr'><strong>et</strong></span> <span class='ocrx_word' id='word_1_148' title='bbox 782 2095 861 2164; x_wconf 92' lang='lat' dir='ltr'><strong>inde</strong></span> <span class='ocrx_word' id='word_1_149' title='bbox 880 2114 934 2164; x_wconf 87' lang='lat' dir='ltr'><strong>res</strong></span> <span class='ocrx_word' id='word_1_150' title='bbox 952 2096 1063 2182; x_wconf 88' lang='lat' dir='ltr'><strong>alique</strong></span> <span class='ocrx_word' id='word_1_151' title='bbox 1082 2113 1191 2183; x_wconf 88' lang='lat' dir='ltr'><strong>aspor-</strong></span> 
     </span>
     <span class='ocr_line' id='line_1_20' title="bbox 60 2193 1303 2285; baseline -0.001 -23"><span class='ocrx_word' id='word_1_152' title='bbox 60 2200 154 2282; x_wconf 81' lang='lat' dir='ltr'><strong>tate3</strong></span> <span class='ocrx_word' id='word_1_153' title='bbox 183 2213 343 2282; x_wconf 88' lang='lat' dir='ltr'><strong>campane</strong></span> <span class='ocrx_word' id='word_1_154' title='bbox 371 2203 404 2264; x_wconf 88' lang='lat' dir='ltr'><strong>ct</strong></span> <span class='ocrx_word' id='word_1_155' title='bbox 421 2213 561 2283; x_wconf 49' lang='lat' dir='ltr'><strong>‘queque</strong></span> <span class='ocrx_word' id='word_1_156' title='bbox 587 2197 786 2285; x_wconf 81' lang='lat' dir='ltr'><strong>pretiosiora</strong></span> <span class='ocrx_word' id='word_1_157' title='bbox 812 2195 957 2264; x_wconf 91' lang='lat' dir='ltr'><strong>ecclesie</strong></span> <span class='ocrx_word' id='word_1_158' title='bbox 980 2212 1040 2282; x_wconf 90' lang='lat' dir='ltr'><strong>per</strong></span> <span class='ocrx_word' id='word_1_159' title='bbox 1064 2193 1203 2263; x_wconf 87' lang='lat' dir='ltr'><strong>eosdem</strong></span> <span class='ocrx_word' id='word_1_160' title='bbox 1301 2195 1303 2199; x_wconf 82' lang='lat'>&#39;</span> 
     </span>
     <span class='ocr_line' id='line_1_21' title="bbox 60 2291 1203 2383; baseline 0 -23"><span class='ocrx_word' id='word_1_161' title='bbox 60 2293 184 2362; x_wconf 85' lang='lat' dir='ltr'><strong>fratres</strong></span> <span class='ocrx_word' id='word_1_162' title='bbox 209 2293 344 2362; x_wconf 87' lang='lat' dir='ltr'><strong>vendita</strong></span> <span class='ocrx_word' id='word_1_163' title='bbox 371 2303 449 2363; x_wconf 88' lang='lat' dir='ltr'><strong>suut</strong></span> <span class='ocrx_word' id='word_1_164' title='bbox 474 2296 528 2364; x_wconf 83' lang='lat' dir='ltr'><strong>rel</strong></span> <span class='ocrx_word' id='word_1_165' title='bbox 552 2294 641 2383; x_wconf 91' lang='lat' dir='ltr'><strong>apud</strong></span> <span class='ocrx_word' id='word_1_166' title='bbox 664 2296 834 2364; x_wconf 88' lang='lat' dir='ltr'><strong>usurarios</strong></span> <span class='ocrx_word' id='word_1_167' title='bbox 860 2293 1017 2380; x_wconf 87' lang='lat' dir='ltr'><strong>obligata.</strong></span> <span class='ocrx_word' id='word_1_168' title='bbox 1046 2291 1203 2361; x_wconf 72' lang='lat' dir='ltr'><strong>&#39;Tandem</strong></span> 
     </span>
     <span class='ocr_line' id='line_1_22' title="bbox 62 2393 1202 2463; baseline 0 -3"><span class='ocrx_word' id='word_1_169' title='bbox 62 2393 168 2461; x_wconf 84' lang='lat' dir='ltr'><strong>trater</strong></span> <span class='ocrx_word' id='word_1_170' title='bbox 184 2395 283 2462; x_wconf 92' lang='lat' dir='ltr'><strong>unius</strong></span> <span class='ocrx_word' id='word_1_171' title='bbox 302 2395 454 2463; x_wconf 88' lang='lat' dir='ltr'><strong>monachi</strong></span> <span class='ocrx_word' id='word_1_172' title='bbox 473 2399 506 2462; x_wconf 90' lang='lat' dir='ltr'><strong>et</strong></span> <span class='ocrx_word' id='word_1_173' title='bbox 523 2393 590 2463; x_wconf 92' lang='lat' dir='ltr'><strong>duo</strong></span> <span class='ocrx_word' id='word_1_174' title='bbox 611 2394 786 2462; x_wconf 82' lang='lat' dir='ltr'><strong>fratrueles</strong></span> <span class='ocrx_word' id='word_1_175' title='bbox 802 2394 938 2462; x_wconf 90' lang='lat' dir='ltr'><strong>alterius</strong></span> <span class='ocrx_word' id='word_1_176' title='bbox 958 2393 1111 2462; x_wconf 88' lang='lat' dir='ltr'><strong>monachi</strong></span> <span class='ocrx_word' id='word_1_177' title='bbox 1129 2411 1202 2460; x_wconf 91' lang='lat' dir='ltr'><strong>curn</strong></span> 
     </span>
     <span class='ocr_line' id='line_1_23' title="bbox 63 2491 1203 2582; baseline -0.002 -21"><span class='ocrx_word' id='word_1_178' title='bbox 63 2493 267 2580; x_wconf 87' lang='lat' dir='ltr'><strong>quibusdam</strong></span> <span class='ocrx_word' id='word_1_179' title='bbox 294 2495 367 2562; x_wconf 91' lang='lat' dir='ltr'><strong>aliis</strong></span> <span class='ocrx_word' id='word_1_180' title='bbox 391 2493 573 2582; x_wconf 87' lang='lat' dir='ltr'><strong>predictum</strong></span> <span class='ocrx_word' id='word_1_181' title='bbox 601 2493 767 2561; x_wconf 78' lang='lat' dir='ltr'><strong>abbatem·</strong></span> <span class='ocrx_word' id='word_1_182' title='bbox 784 2495 819 2561; x_wconf 95' lang='lat' dir='ltr'><strong>in</strong></span> <span class='ocrx_word' id='word_1_183' title='bbox 849 2494 1010 2582; x_wconf 88' lang='lat' dir='ltr'><strong>passagio</strong></span> <span class='ocrx_word' id='word_1_184' title='bbox 1036 2495 1070 2560; x_wconf 95' lang='lat' dir='ltr'><strong>in</strong></span> <span class='ocrx_word' id='word_1_185' title='bbox 1097 2491 1203 2561; x_wconf 90' lang='lat' dir='ltr'><strong>Werd</strong></span> 
     </span>
     <span class='ocr_line' id='line_1_24' title="bbox 60 2590 1203 2680; baseline -0.001 -22"><span class='ocrx_word' id='word_1_186' title='bbox 60 2609 170 2680; x_wconf 90' lang='lat' dir='ltr'><strong>prope</strong></span> <span class='ocrx_word' id='word_1_187' title='bbox 195 2595 429 2661; x_wconf 83' lang='lat' dir='ltr'><strong>nonasterium</strong></span> <span class='ocrx_word' id='word_1_188' title='bbox 456 2592 586 2660; x_wconf 91' lang='lat' dir='ltr'><strong>duabus</strong></span> <span class='ocrx_word' id='word_1_189' title='bbox 612 2593 744 2680; x_wconf 86' lang='lat' dir='ltr'><strong>sagittis</strong></span> <span class='ocrx_word' id='word_1_190' title='bbox 769 2593 804 2659; x_wconf 93' lang='lat' dir='ltr'><strong>in</strong></span> <span class='ocrx_word' id='word_1_191' title='bbox 828 2591 962 2660; x_wconf 88' lang='lat' dir='ltr'><strong>tlunrine</strong></span> <span class='ocrx_word' id='word_1_192' title='bbox 979 2590 1123 2659; x_wconf 90' lang='lat' dir='ltr'><strong>Danubii</strong></span> <span class='ocrx_word' id='word_1_193' title='bbox 1142 2609 1203 2658; x_wconf 93' lang='lat' dir='ltr'><strong>cc-</strong></span> 
     </span>
     <span class='ocr_line' id='line_1_25' title="bbox 63 2690 1202 2780; baseline -0.002 -21"><span class='ocrx_word' id='word_1_194' title='bbox 63 2691 236 2780; x_wconf 86' lang='lat' dir='ltr'><strong>ciderunt,</strong></span> <span class='ocrx_word' id='word_1_195' title='bbox 268 2709 374 2777; x_wconf 87' lang='lat' dir='ltr'><strong>equos</strong></span> <span class='ocrx_word' id='word_1_196' title='bbox 397 2709 479 2760; x_wconf 89' lang='lat' dir='ltr'><strong>suos</strong></span> <span class='ocrx_word' id='word_1_197' title='bbox 499 2696 532 2760; x_wconf 93' lang='lat' dir='ltr'><strong>et</strong></span> <span class='ocrx_word' id='word_1_198' title='bbox 550 2709 722 2760; x_wconf 88' lang='lat' dir='ltr'><strong>servorum</strong></span> <span class='ocrx_word' id='word_1_199' title='bbox 741 2709 876 2760; x_wconf 88' lang='lat' dir='ltr'><strong>suorum</strong></span> <span class='ocrx_word' id='word_1_200' title='bbox 902 2709 975 2760; x_wconf 90' lang='lat' dir='ltr'><strong>cunr</strong></span> <span class='ocrx_word' id='word_1_201' title='bbox 1001 2691 1101 2757; x_wconf 88' lang='lat' dir='ltr'><strong>rebus</strong></span> <span class='ocrx_word' id='word_1_202' title='bbox 1129 2690 1202 2758; x_wconf 89' lang='lat' dir='ltr'><strong>aliis</strong></span> 
     </span>
     <span class='ocr_line' id='line_1_26' title="bbox 62 2787 1203 2879; baseline -0.001 -23"><span class='ocrx_word' id='word_1_203' title='bbox 62 2789 284 2857; x_wconf 87' lang='lat' dir='ltr'><strong>abducentes.</strong></span> <span class='ocrx_word' id='word_1_204' title='bbox 321 2789 388 2859; x_wconf 89' lang='lat' dir='ltr'><strong>Sed</strong></span> <span class='ocrx_word' id='word_1_205' title='bbox 406 2796 485 2879; x_wconf 92' lang='lat' dir='ltr'><strong>post</strong></span> <span class='ocrx_word' id='word_1_206' title='bbox 501 2809 630 2879; x_wconf 91' lang='lat' dir='ltr'><strong>paucos</strong></span> <span class='ocrx_word' id='word_1_207' title='bbox 645 2791 717 2858; x_wconf 90' lang='lat' dir='ltr'><strong>dies</strong></span> <span class='ocrx_word' id='word_1_208' title='bbox 737 2795 879 2878; x_wconf 86' lang='lat' dir='ltr'><strong>quatuor</strong></span> <span class='ocrx_word' id='word_1_209' title='bbox 897 2787 1077 2858; x_wconf 85' lang='lat' dir='ltr'><strong>eorundem</strong></span> <span class='ocrx_word' id='word_1_210' title='bbox 1098 2788 1203 2856; x_wconf 89' lang='lat' dir='ltr'><strong>rnale·</strong></span> 
     </span>
     <span class='ocr_line' id='line_1_27' title="bbox 62 2887 1202 2976; baseline 0 -22"><span class='ocrx_word' id='word_1_211' title='bbox 62 2887 226 2956; x_wconf 83' lang='lat' dir='ltr'><strong>factorum</strong></span> <span class='ocrx_word' id='word_1_212' title='bbox 245 2895 322 2956; x_wconf 86' lang='lat' dir='ltr'><strong>sunt</strong></span> <span class='ocrx_word' id='word_1_213' title='bbox 340 2889 485 2976; x_wconf 83' lang='lat' dir='ltr'><strong>detenti,</strong></span> <span class='ocrx_word' id='word_1_214' title='bbox 514 2907 652 2976; x_wconf 88' lang='lat' dir='ltr'><strong>quorum</strong></span> <span class='ocrx_word' id='word_1_215' title='bbox 671 2889 738 2958; x_wconf 94' lang='lat' dir='ltr'><strong>duo</strong></span> <span class='ocrx_word' id='word_1_216' title='bbox 764 2891 798 2956; x_wconf 92' lang='lat' dir='ltr'><strong>in</strong></span> <span class='ocrx_word' id='word_1_217' title='bbox 817 2889 997 2974; x_wconf 91' lang='lat' dir='ltr'><strong>Straubing</strong></span> <span class='ocrx_word' id='word_1_218' title='bbox 1018 2893 1096 2955; x_wconf 86' lang='lat' dir='ltr'><strong>suut</strong></span> <span class='ocrx_word' id='word_1_219' title='bbox 1119 2888 1202 2955; x_wconf 86' lang='lat' dir='ltr'><strong>rotis</strong></span> 
     </span>
     <span class='ocr_line' id='line_1_28' title="bbox 64 2986 1203 3077; baseline 0 -24"><span class='ocrx_word' id='word_1_220' title='bbox 64 2986 175 3075; x_wconf 84' lang='lat' dir='ltr'><strong>affixi,</strong></span> <span class='ocrx_word' id='word_1_221' title='bbox 202 2987 257 3054; x_wconf 89' lang='lat' dir='ltr'><strong>alii</strong></span> <span class='ocrx_word' id='word_1_222' title='bbox 283 2987 349 3056; x_wconf 93' lang='lat' dir='ltr'><strong>duc</strong></span> <span class='ocrx_word' id='word_1_223' title='bbox 372 2991 406 3055; x_wconf 94' lang='lat' dir='ltr'><strong>in</strong></span> <span class='ocrx_word' id='word_1_224' title='bbox 423 2988 578 3077; x_wconf 85' lang='lat' dir='ltr'><strong>patibulis</strong></span> <span class='ocrx_word' id='word_1_225' title='bbox 608 2996 685 3057; x_wconf 89' lang='lat' dir='ltr'><strong>sunt</strong></span> <span class='ocrx_word' id='word_1_226' title='bbox 712 2989 887 3077; x_wconf 87' lang='lat' dir='ltr'><strong>suspensi,</strong></span> <span class='ocrx_word' id='word_1_227' title='bbox 919 2987 981 3055; x_wconf 88' lang='lat' dir='ltr'><strong>sed</strong></span> <span class='ocrx_word' id='word_1_228' title='bbox 1008 2988 1143 3074; x_wconf 90' lang='lat' dir='ltr'><strong>quintus</strong></span> <span class='ocrx_word' id='word_1_229' title='bbox 1170 2991 1203 3053; x_wconf 91' lang='lat' dir='ltr'><strong>et</strong></span> 
     </span>
     <span class='ocr_line' id='line_1_29' title="bbox 64 3084 1203 3178; baseline 0.001 -27"><span class='ocrx_word' id='word_1_230' title='bbox 64 3091 186 3152; x_wconf 86' lang='lat' dir='ltr'><strong>sextus</strong></span> <span class='ocrx_word' id='word_1_231' title='bbox 211 3087 424 3174; x_wconf 86' lang='lat' dir='ltr'><strong>postmodum</strong></span> <span class='ocrx_word' id='word_1_232' title='bbox 448 3085 568 3174; x_wconf 83' lang='lat' dir='ltr'><strong>gladiis</strong></span> <span class='ocrx_word' id='word_1_233' title='bbox 593 3093 671 3157; x_wconf 83' lang='lat' dir='ltr'><strong>sunt</strong></span> <span class='ocrx_word' id='word_1_234' title='bbox 697 3089 819 3178; x_wconf 87' lang='lat' dir='ltr'><strong>occisi,</strong></span> <span class='ocrx_word' id='word_1_235' title='bbox 858 3092 891 3155; x_wconf 90' lang='lat' dir='ltr'><strong>et</strong></span> <span class='ocrx_word' id='word_1_236' title='bbox 917 3088 966 3155; x_wconf 93' lang='lat' dir='ltr'><strong>sic</strong></span> <span class='ocrx_word' id='word_1_237' title='bbox 989 3103 1049 3175; x_wconf 95' lang='lat' dir='ltr'><strong>pro</strong></span> <span class='ocrx_word' id='word_1_238' title='bbox 1077 3084 1203 3154; x_wconf 90' lang='lat' dir='ltr'><strong>crudeli</strong></span> 
     </span>
     <span class='ocr_line' id='line_1_30' title="bbox 63 3183 1201 3274; baseline -0.001 -23"><span class='ocrx_word' id='word_1_239' title='bbox 63 3183 247 3253; x_wconf 86' lang='lat' dir='ltr'><strong>homicidio</strong></span> <span class='ocrx_word' id='word_1_240' title='bbox 281 3185 415 3255; x_wconf 86' lang='lat' dir='ltr'><strong>domino</strong></span> <span class='ocrx_word' id='word_1_241' title='bbox 440 3185 607 3254; x_wconf 87' lang='lat' dir='ltr'><strong>iudicante</strong></span> <span class='ocrx_word' id='word_1_242' title='bbox 630 3187 797 3254; x_wconf 86' lang='lat' dir='ltr'><strong>iusticiam·</strong></span> <span class='ocrx_word' id='word_1_243' title='bbox 824 3185 1001 3254; x_wconf 90' lang='lat' dir='ltr'><strong>crudeliter</strong></span> <span class='ocrx_word' id='word_1_244' title='bbox 1025 3188 1201 3274; x_wconf 84' lang='lat' dir='ltr'><strong>perierunt.</strong></span> 
     </span>
     <span class='ocr_line' id='line_1_31' title="bbox 63 3281 1202 3372; baseline 0 -22"><span class='ocrx_word' id='word_1_245' title='bbox 63 3281 151 3363; x_wconf 87' lang='lat' dir='ltr'><strong>Quia</strong></span> <span class='ocrx_word' id='word_1_246' title='bbox 161 3301 241 3352; x_wconf 84' lang='lat' dir='ltr'><strong>vero</strong></span> <span class='ocrx_word' id='word_1_247' title='bbox 252 3284 338 3352; x_wconf 89' lang='lat' dir='ltr'><strong>idenr</strong></span> <span class='ocrx_word' id='word_1_248' title='bbox 353 3285 457 3354; x_wconf 87' lang='lat' dir='ltr'><strong>abbas</strong></span> <span class='ocrx_word' id='word_1_249' title='bbox 471 3285 572 3352; x_wconf 88' lang='lat' dir='ltr'><strong>multe</strong></span> <span class='ocrx_word' id='word_1_250' title='bbox 587 3287 789 3354; x_wconf 88' lang='lat' dir='ltr'><strong>austeritatis</strong></span> <span class='ocrx_word' id='word_1_251' title='bbox 803 3286 836 3352; x_wconf 94' lang='lat' dir='ltr'><strong>in</strong></span> <span class='ocrx_word' id='word_1_252' title='bbox 850 3286 1013 3372; x_wconf 89' lang='lat' dir='ltr'><strong>religione</strong></span> <span class='ocrx_word' id='word_1_253' title='bbox 1029 3292 1062 3352; x_wconf 87' lang='lat' dir='ltr'><strong>et</strong></span> <span class='ocrx_word' id='word_1_254' title='bbox 1076 3285 1202 3352; x_wconf 91' lang='lat' dir='ltr'><strong>sancti-</strong></span> 
     </span>
     <span class='ocr_line' id='line_1_32' title="bbox 62 3382 1200 3474; baseline -0.001 -26"><span class='ocrx_word' id='word_1_255' title='bbox 62 3383 143 3450; x_wconf 91' lang='lat' dir='ltr'><strong>tatis</strong></span> <span class='ocrx_word' id='word_1_256' title='bbox 170 3383 204 3450; x_wconf 93' lang='lat' dir='ltr'><strong>in</strong></span> <span class='ocrx_word' id='word_1_257' title='bbox 229 3385 297 3452; x_wconf 88' lang='lat' dir='ltr'><strong>vita</strong></span> <span class='ocrx_word' id='word_1_258' title='bbox 327 3386 469 3474; x_wconf 82' lang='lat' dir='ltr'><strong>exstitit,</strong></span> <span class='ocrx_word' id='word_1_259' title='bbox 493 3402 614 3472; x_wconf 91' lang='lat' dir='ltr'><strong>corpus</strong></span> <span class='ocrx_word' id='word_1_260' title='bbox 640 3385 711 3452; x_wconf 87' lang='lat' dir='ltr'><strong>eius</strong></span> <span class='ocrx_word' id='word_1_261' title='bbox 737 3385 786 3451; x_wconf 91' lang='lat' dir='ltr'><strong>sic</strong></span> <span class='ocrx_word' id='word_1_262' title='bbox 805 3385 908 3452; x_wconf 91' lang='lat' dir='ltr'><strong>occisi</strong></span> <span class='ocrx_word' id='word_1_263' title='bbox 935 3401 955 3450; x_wconf 89' lang='lat' dir='ltr'><strong>a</strong></span> <span class='ocrx_word' id='word_1_264' title='bbox 979 3383 1141 3470; x_wconf 89' lang='lat' dir='ltr'><strong>passagio</strong></span> <span class='ocrx_word' id='word_1_265' title='bbox 1167 3382 1200 3447; x_wconf 93' lang='lat' dir='ltr'><strong>in</strong></span> 
     </span>
     <span class='ocr_line' id='line_1_33' title="bbox 63 3479 1200 3570; baseline -0.002 -22"><span class='ocrx_word' id='word_1_266' title='bbox 63 3481 173 3548; x_wconf 89' lang='lat' dir='ltr'><strong>Werd</strong></span> <span class='ocrx_word' id='word_1_267' title='bbox 189 3499 298 3570; x_wconf 87' lang='lat' dir='ltr'><strong>usque</strong></span> <span class='ocrx_word' id='word_1_268' title='bbox 323 3483 366 3552; x_wconf 90' lang='lat' dir='ltr'><strong>ud</strong></span> <span class='ocrx_word' id='word_1_269' title='bbox 390 3484 501 3551; x_wconf 81' lang='lat' dir='ltr'><strong>villain</strong></span> <span class='ocrx_word' id='word_1_270' title='bbox 525 3485 559 3550; x_wconf 93' lang='lat' dir='ltr'><strong>in</strong></span> <span class='ocrx_word' id='word_1_271' title='bbox 578 3482 732 3552; x_wconf 77' lang='lat' dir='ltr'><strong>lundors</strong></span> <span class='ocrx_word' id='word_1_272' title='bbox 753 3487 975 3570; x_wconf 85' lang='lat' dir='ltr'><strong>supernatans</strong></span> <span class='ocrx_word' id='word_1_273' title='bbox 1009 3500 1027 3548; x_wconf 89' lang='lat' dir='ltr'><strong>a</strong></span> <span class='ocrx_word' id='word_1_274' title='bbox 1050 3479 1200 3568; x_wconf 89' lang='lat' dir='ltr'><strong>pluribus</strong></span> 
     </span>
     <span class='ocr_line' id='line_1_34' title="bbox 61 3578 1202 3672; baseline -0.001 -25"><span class='ocrx_word' id='word_1_275' title='bbox 61 3579 256 3672; x_wconf 83' lang='lat' dir='ltr'><strong>videbatur,</strong></span> <span class='ocrx_word' id='word_1_276' title='bbox 283 3588 317 3651; x_wconf 89' lang='lat' dir='ltr'><strong>et</strong></span> <span class='ocrx_word' id='word_1_277' title='bbox 334 3581 467 3650; x_wconf 88' lang='lat' dir='ltr'><strong>tandem</strong></span> <span class='ocrx_word' id='word_1_278' title='bbox 486 3601 505 3649; x_wconf 88' lang='lat' dir='ltr'><strong>a</strong></span> <span class='ocrx_word' id='word_1_279' title='bbox 524 3581 677 3649; x_wconf 83' lang='lat' dir='ltr'><strong>tratribus</strong></span> <span class='ocrx_word' id='word_1_280' title='bbox 696 3583 753 3670; x_wconf 90' lang='lat' dir='ltr'><strong>qui</strong></span> <span class='ocrx_word' id='word_1_281' title='bbox 780 3581 843 3649; x_wconf 90' lang='lat' dir='ltr'><strong>sibi</strong></span> <span class='ocrx_word' id='word_1_282' title='bbox 862 3586 894 3648; x_wconf 88' lang='lat' dir='ltr'><strong>et</strong></span> <span class='ocrx_word' id='word_1_283' title='bbox 909 3580 1042 3648; x_wconf 91' lang='lat' dir='ltr'><strong>iusticie</strong></span> <span class='ocrx_word' id='word_1_284' title='bbox 1061 3578 1202 3647; x_wconf 86' lang='lat' dir='ltr'><strong>fideliter</strong></span> 
     </span>
     <span class='ocr_line' id='line_1_35' title="bbox 62 3679 1201 3770; baseline 0 -24"><span class='ocrx_word' id='word_1_285' title='bbox 62 3680 241 3748; x_wconf 85' lang='lat' dir='ltr'><strong>astiterant</strong></span> <span class='ocrx_word' id='word_1_286' title='bbox 266 3683 300 3748; x_wconf 92' lang='lat' dir='ltr'><strong>in</strong></span> <span class='ocrx_word' id='word_1_287' title='bbox 323 3682 449 3770; x_wconf 90' lang='lat' dir='ltr'><strong>capella</strong></span> <span class='ocrx_word' id='word_1_288' title='bbox 474 3682 578 3748; x_wconf 86' lang='lat' dir='ltr'><strong>sancti</strong></span> <span class='ocrx_word' id='word_1_289' title='bbox 595 3681 726 3768; x_wconf 79' lang='lat' dir='ltr'><strong>Kyllani</strong></span> <span class='ocrx_word' id='word_1_290' title='bbox 753 3679 936 3749; x_wconf 77' lang='lat' dir='ltr'><strong>honorilice</strong></span> <span class='ocrx_word' id='word_1_291' title='bbox 961 3684 1013 3749; x_wconf 91' lang='lat' dir='ltr'><strong>est</strong></span> <span class='ocrx_word' id='word_1_292' title='bbox 1039 3679 1201 3768; x_wconf 91' lang='lat' dir='ltr'><strong>sepultus.</strong></span> 
     </span>
    </p>
   </div>
   <div class='ocr_carea' id='block_1_3' title="bbox 65 3769 1202 3868">
    <p class='ocr_par' dir='ltr' id='par_1_3' title="bbox 65 3769 1202 3868">
     <span class='ocr_line' id='line_1_36' title="bbox 65 3769 1202 3868; baseline -0.001 -23"><span class='ocrx_word' id='word_1_293' title='bbox 65 3776 157 3846; x_wconf 89' lang='lat' dir='ltr'><strong>Obiit</strong></span> <span class='ocrx_word' id='word_1_294' title='bbox 181 3785 290 3848; x_wconf 88' lang='lat' dir='ltr'><strong>autern</strong></span> <span class='ocrx_word' id='word_1_295' title='bbox 317 3799 406 3849; x_wconf 91' lang='lat' dir='ltr'><strong>anno</strong></span> <span class='ocrx_word' id='word_1_296' title='bbox 431 3781 554 3849; x_wconf 89' lang='lat' dir='ltr'><strong>domini</strong></span> <span class='ocrx_word' id='word_1_297' title='bbox 579 3780 791 3848; x_wconf 79' lang='lat' dir='ltr'><strong>nnoclxxxii.</strong></span> <span class='ocrx_word' id='word_1_298' title='bbox 818 3781 958 3868; x_wconf 89' lang='lat' dir='ltr'><strong>septimo</strong></span> <span class='ocrx_word' id='word_1_299' title='bbox 986 3778 1061 3846; x_wconf 93' lang='lat' dir='ltr'><strong>idus</strong></span> <span class='ocrx_word' id='word_1_300' title='bbox 1086 3769 1202 3846; x_wconf 77' lang='lat' dir='ltr'><strong>maii.3</strong></span> 
     </span>
    </p>
   </div>
   <div class='ocr_carea' id='block_1_4' title="bbox 60 3885 1201 4370">
    <p class='ocr_par' dir='ltr' id='par_1_4' title="bbox 60 3885 1201 4370">
     <span class='ocr_line' id='line_1_37' title="bbox 98 3885 1200 3954; baseline -0.003 -13"><span class='ocrx_word' id='word_1_301' title='bbox 98 3889 130 3950; x_wconf 78' lang='lat' dir='ltr'><strong>t]</strong></span> <span class='ocrx_word' id='word_1_302' title='bbox 149 3903 180 3940; x_wconf 85' lang='lat' dir='ltr'><strong>so</strong></span> <span class='ocrx_word' id='word_1_303' title='bbox 200 3887 228 3944; x_wconf 86' lang='lat' dir='ltr'><strong>C.</strong></span> <span class='ocrx_word' id='word_1_304' title='bbox 246 3888 302 3943; x_wconf 89' lang='lat' dir='ltr'><strong>und</strong></span> <span class='ocrx_word' id='word_1_305' title='bbox 320 3889 418 3945; x_wconf 84' lang='lat' dir='ltr'><strong>Chron.</strong></span> <span class='ocrx_word' id='word_1_306' title='bbox 437 3888 545 3954; x_wconf 69' lang='lat' dir='ltr'><strong>salisb„</strong></span> <span class='ocrx_word' id='word_1_307' title='bbox 564 3892 592 3942; x_wconf 94' lang='lat' dir='ltr'><strong>in</strong></span> <span class='ocrx_word' id='word_1_308' title='bbox 606 3889 656 3943; x_wconf 86' lang='lat' dir='ltr'><strong>dor</strong></span> <span class='ocrx_word' id='word_1_309' title='bbox 667 3889 708 3942; x_wconf 85' lang='lat' dir='ltr'><strong>hs.</strong></span> <span class='ocrx_word' id='word_1_310' title='bbox 725 3889 761 3942; x_wconf 80' lang='lat' dir='ltr'><strong>ist</strong></span> <span class='ocrx_word' id='word_1_311' title='bbox 782 3888 825 3941; x_wconf 74' lang='lat' dir='ltr'><strong>tirr</strong></span> <span class='ocrx_word' id='word_1_312' title='bbox 842 3888 893 3941; x_wconf 90' lang='lat' dir='ltr'><strong>den</strong></span> <span class='ocrx_word' id='word_1_313' title='bbox 903 3901 1000 3940; x_wconf 83' lang='lat' dir='ltr'><strong>namon</strong></span> <span class='ocrx_word' id='word_1_314' title='bbox 1018 3885 1106 3939; x_wconf 83' lang='lat' dir='ltr'><strong>leerer</strong></span> <span class='ocrx_word' id='word_1_315' title='bbox 1119 3885 1200 3954; x_wconf 82' lang='lat' dir='ltr'><strong>plata,</strong></span> 
     </span>
     <span class='ocr_line' id='line_1_38' title="bbox 62 3953 1201 4023; baseline -0.001 -16"><span class='ocrx_word' id='word_1_316' title='bbox 62 3958 100 4008; x_wconf 87' lang='lat' dir='ltr'><strong>inr</strong></span> <span class='ocrx_word' id='word_1_317' title='bbox 119 3954 219 4010; x_wconf 84' lang='lat' dir='ltr'><strong>Chron.</strong></span> <span class='ocrx_word' id='word_1_318' title='bbox 244 3957 390 4012; x_wconf 88' lang='lat' dir='ltr'><strong>Osterbov.</strong></span> <span class='ocrx_word' id='word_1_319' title='bbox 416 3957 534 4011; x_wconf 87' lang='lat' dir='ltr'><strong>welches</strong></span> <span class='ocrx_word' id='word_1_320' title='bbox 559 3958 610 4010; x_wconf 87' lang='lat' dir='ltr'><strong>den</strong></span> <span class='ocrx_word' id='word_1_321' title='bbox 634 3965 692 4010; x_wconf 80' lang='lat' dir='ltr'><strong>salz</strong></span> <span class='ocrx_word' id='word_1_322' title='bbox 716 3973 778 4008; x_wconf 87' lang='lat' dir='ltr'><strong>zurn</strong></span> <span class='ocrx_word' id='word_1_323' title='bbox 800 3955 861 4009; x_wconf 86' lang='lat' dir='ltr'><strong>iabr</strong></span> <span class='ocrx_word' id='word_1_324' title='bbox 886 3959 953 4008; x_wconf 76' lang='lat'>1282</span> <span class='ocrx_word' id='word_1_325' title='bbox 976 3954 1050 4023; x_wconf 86' lang='lat' dir='ltr'><strong>giebt</strong></span> <span class='ocrx_word' id='word_1_326' title='bbox 1067 3953 1136 4007; x_wconf 80' lang='lat' dir='ltr'><strong>fehlt</strong></span> <span class='ocrx_word' id='word_1_327' title='bbox 1153 3954 1201 4006; x_wconf 88' lang='lat' dir='ltr'><strong>der</strong></span> 
     </span>
     <span class='ocr_line' id='line_1_39' title="bbox 61 4021 1196 4094; baseline -0.001 -19"><span class='ocrx_word' id='word_1_328' title='bbox 61 4039 170 4077; x_wconf 86' lang='lat' dir='ltr'><strong>namen.</strong></span> <span class='ocrx_word' id='word_1_329' title='bbox 208 4027 240 4092; x_wconf 85' lang='lat'><strong>2)</strong></span> <span class='ocrx_word' id='word_1_330' title='bbox 258 4025 306 4078; x_wconf 88' lang='lat' dir='ltr'><strong>der</strong></span> <span class='ocrx_word' id='word_1_331' title='bbox 327 4025 386 4080; x_wconf 85' lang='lat' dir='ltr'><strong>hier</strong></span> <span class='ocrx_word' id='word_1_332' title='bbox 414 4025 540 4094; x_wconf 76' lang='lat' dir='ltr'><strong>fulgenda</strong></span> <span class='ocrx_word' id='word_1_333' title='bbox 563 4029 592 4079; x_wconf 90' lang='lat' dir='ltr'><strong>in</strong></span> <span class='ocrx_word' id='word_1_334' title='bbox 616 4026 695 4078; x_wconf 85' lang='lat' dir='ltr'><strong>eebte</strong></span> <span class='ocrx_word' id='word_1_335' title='bbox 718 4023 868 4077; x_wconf 86' lang='lat' dir='ltr'><strong>klammorn</strong></span> <span class='ocrx_word' id='word_1_336' title='bbox 892 4022 1130 4090; x_wconf 85' lang='lat' dir='ltr'><strong>eingescblossenc</strong></span> <span class='ocrx_word' id='word_1_337' title='bbox 1153 4021 1196 4074; x_wconf 86' lang='lat' dir='ltr'><strong>ab·</strong></span> 
     </span>
     <span class='ocr_line' id='line_1_40' title="bbox 62 4091 1199 4159; baseline -0.003 -15"><span class='ocrx_word' id='word_1_338' title='bbox 62 4098 120 4144; x_wconf 86' lang='lat' dir='ltr'><strong>salz</strong></span> <span class='ocrx_word' id='word_1_339' title='bbox 139 4091 208 4145; x_wconf 83' lang='lat' dir='ltr'><strong>fehlt</strong></span> <span class='ocrx_word' id='word_1_340' title='bbox 225 4093 269 4147; x_wconf 85' lang='lat' dir='ltr'><strong>bei</strong></span> <span class='ocrx_word' id='word_1_341' title='bbox 288 4095 422 4159; x_wconf 74' lang='lat' dir='ltr'><strong>canisius,</strong></span> <span class='ocrx_word' id='word_1_342' title='bbox 440 4094 495 4148; x_wconf 90' lang='lat' dir='ltr'><strong>und</strong></span> <span class='ocrx_word' id='word_1_343' title='bbox 514 4096 550 4146; x_wconf 85' lang='lat' dir='ltr'><strong>ist</strong></span> <span class='ocrx_word' id='word_1_344' title='bbox 567 4109 620 4147; x_wconf 90' lang='lat' dir='ltr'><strong>von</strong></span> <span class='ocrx_word' id='word_1_345' title='bbox 638 4095 691 4146; x_wconf 89' lang='lat' dir='ltr'><strong>mir</strong></span> <span class='ocrx_word' id='word_1_346' title='bbox 708 4107 757 4146; x_wconf 85' lang='lat' dir='ltr'><strong>aus</strong></span> <span class='ocrx_word' id='word_1_347' title='bbox 775 4092 822 4144; x_wconf 92' lang='lat' dir='ltr'><strong>der</strong></span> <span class='ocrx_word' id='word_1_348' title='bbox 839 4091 878 4145; x_wconf 86' lang='lat' dir='ltr'><strong>bs.</strong></span> <span class='ocrx_word' id='word_1_349' title='bbox 898 4091 1097 4159; x_wconf 86' lang='lat' dir='ltr'><strong>eingescbaltet.</strong></span> <span class='ocrx_word' id='word_1_350' title='bbox 1117 4092 1149 4156; x_wconf 80' lang='lat'><strong>3)</strong></span> <span class='ocrx_word' id='word_1_351' title='bbox 1162 4091 1199 4142; x_wconf 88' lang='lat' dir='ltr'><strong>im</strong></span> 
     </span>
     <span class='ocr_line' id='line_1_41' title="bbox 61 4159 1197 4277; baseline -0.003 -66"><span class='ocrx_word' id='word_1_352' title='bbox 61 4159 164 4213; x_wconf 82' lang='lat' dir='ltr'><strong>(lbron.</strong></span> <span class='ocrx_word' id='word_1_353' title='bbox 190 4161 335 4216; x_wconf 85' lang='lat' dir='ltr'><strong>Osterbov.</strong></span> <span class='ocrx_word' id='word_1_354' title='bbox 362 4163 433 4217; x_wconf 85' lang='lat' dir='ltr'><strong>steht</strong></span> <span class='ocrx_word' id='word_1_355' title='bbox 461 4162 588 4216; x_wconf 81' lang='lat' dir='ltr'><strong>bierbber</strong></span> <span class='ocrx_word' id='word_1_356' title='bbox 617 4171 695 4216; x_wconf 84' lang='lat' dir='ltr'><strong>unter</strong></span> <span class='ocrx_word' id='word_1_357' title='bbox 718 4160 807 4216; x_wconf 77' lang='lat' dir='ltr'><strong>lauter</strong></span> <span class='ocrx_word' id='word_1_358' title='bbox 830 4159 1086 4228; x_wconf 85' lang='lat' dir='ltr'><strong>abgescbricbeneur</strong></span> <span class='ocrx_word' id='word_1_359' title='bbox 1109 4160 1197 4277; x_wconf 52' lang='lat'><strong>‘³5⁰⁸&#39;</strong></span> 
     </span>
     <span class='ocr_line' id='line_1_42' title="bbox 61 4225 1198 4300; baseline -0.003 -21"><span class='ocrx_word' id='word_1_360' title='bbox 61 4227 207 4281; x_wconf 81' lang='lat' dir='ltr'><strong>thdmlicb:</strong></span> <span class='ocrx_word' id='word_1_361' title='bbox 225 4228 327 4284; x_wconf 86' lang='lat' dir='ltr'><strong>Eodem</strong></span> <span class='ocrx_word' id='word_1_362' title='bbox 350 4247 422 4284; x_wconf 84' lang='lat' dir='ltr'><strong>anno</strong></span> <span class='ocrx_word' id='word_1_363' title='bbox 442 4234 540 4300; x_wconf 76' lang='lat'>(1282)</span> <span class='ocrx_word' id='word_1_364' title='bbox 559 4233 596 4284; x_wconf 85' lang='lat' dir='ltr'><strong>vii</strong></span> <span class='ocrx_word' id='word_1_365' title='bbox 618 4231 678 4285; x_wconf 83' lang='lat' dir='ltr'><strong>idus</strong></span> <span class='ocrx_word' id='word_1_366' title='bbox 702 4231 764 4283; x_wconf 86' lang='lat' dir='ltr'><strong>maii</strong></span> <span class='ocrx_word' id='word_1_367' title='bbox 789 4228 987 4283; x_wconf 83' lang='lat' dir='ltr'><strong>Volclrhmarus</strong></span> <span class='ocrx_word' id='word_1_368' title='bbox 1011 4227 1092 4282; x_wconf 84' lang='lat' dir='ltr'><strong>abbas</strong></span> <span class='ocrx_word' id='word_1_369' title='bbox 1117 4225 1198 4278; x_wconf 85' lang='lat' dir='ltr'><strong>Ara-</strong></span> 
     </span>
     <span class='ocr_line' id='line_1_43' title="bbox 60 4295 1010 4370; baseline 0 -22"><span class='ocrx_word' id='word_1_370' title='bbox 60 4296 154 4350; x_wconf 82' lang='lat' dir='ltr'><strong>bensis</strong></span> <span class='ocrx_word' id='word_1_371' title='bbox 172 4297 304 4352; x_wconf 82' lang='lat' dir='ltr'><strong>occiditur</strong></span> <span class='ocrx_word' id='word_1_372' title='bbox 322 4301 365 4353; x_wconf 89' lang='lat' dir='ltr'><strong>vir</strong></span> <span class='ocrx_word' id='word_1_373' title='bbox 382 4315 478 4370; x_wconf 82' lang='lat' dir='ltr'><strong>magne</strong></span> <span class='ocrx_word' id='word_1_374' title='bbox 495 4299 634 4368; x_wconf 79' lang='lat' dir='ltr'><strong>religionis</strong></span> <span class='ocrx_word' id='word_1_375' title='bbox 653 4303 678 4352; x_wconf 81' lang='lat' dir='ltr'><strong>et</strong></span> <span class='ocrx_word' id='word_1_376' title='bbox 697 4297 827 4352; x_wconf 72' lang='lat' dir='ltr'><strong>industrie</strong></span> <span class='ocrx_word' id='word_1_377' title='bbox 847 4295 1010 4368; x_wconf 86' lang='lat' dir='ltr'><strong>temporalis.</strong></span> 
     </span>
    </p>
   </div>
   <div class='ocr_carea' id='block_1_5' title="bbox 0 0 1480 4836">
    <p class='ocr_par' dir='ltr' id='par_1_5' title="bbox 0 0 1480 4836">
     <span class='ocr_line' id='line_1_44' title="bbox 0 0 1480 4836; baseline 0 0"><span class='ocrx_word' id='word_1_378' title='bbox 0 0 1480 4836; x_wconf 95' lang='lat' dir='ltr'><strong> </strong></span> 
     </span>
    </p>
   </div>
  </div>
 </body>
</html>
