2950 4836
278 235 350 305 496
660 259 832 308 annuamus
854 261 1038 308 rnrrnrusrs.

197 415 265 473 1208
356 400 519 469 Mocviii.
545 398 714 487 Philippus
738 415 797 466 rex
819 403 893 466 cum
919 417 1007 488 papa
1032 399 1266 468 reconciliatus
1282 399 1417 469 Babcn-

279 501 380 570 berch
405 500 447 568 ab
467 496 591 566 Ottcne
609 498 758 565 Palatino
783 499 903 566 comite
928 497 970 566 de
989 498 1222 588 Witicnspach
1246 517 1308 588 per
1333 519 1416 568 con-

279 601 494 690 spirationem
514 595 686 665 occiditur.
1296 682 1299 687 .

351 697 528 766 Mccuiiii.
553 693 630 764 Otto
651 693 737 763 tilius
756 694 851 763 ducis
870 695 1016 764 Heinrici
1034 694 1077 763 dc
1095 696 1293 766 Prunswicb
1310 697 1343 764 in
1361 717 1416 764 re-

278 815 356 884 gern
374 796 522 885 eiigitur,
542 801 573 863 et
592 794 633 861 ab
652 793 847 862 Innocentio
867 813 954 882 papa
971 801 1197 862 consecratur.
1225 793 1306 864 Otto
1324 797 1417 884 pala-

279 898 367 965 tinus
386 913 500 964 comes
519 893 680 962 occiditur
697 911 756 982 pro
771 893 947 961 homicidio
962 895 1139 962 commisso
1157 897 1192 962 in
1210 895 1417 986 Pbylippum.

353 995 481 1062 Mccx,
500 991 578 1061 Otto
596 1011 615 1059 a
634 991 767 1060 domino
784 1011 871 1081 papa
891 994 1206 1062 excommunicatur.

353 1093 496 1162 Mccxi.
515 1089 592 1160 Otto
610 1093 743 1158 intrauit
759 1089 931 1181 Apuliam,
949 1090 1069 1158 ibidem
1085 1091 1288 1161 Fridericum
1306 1111 1417 1179 regem

281 1193 404 1280 Sycilie
423 1208 615 1279 expugnare
633 1190 753 1278 voluit,
782 1197 815 1257 et
839 1196 939 1258 totam
957 1188 1109 1278 Apuliam
1129 1191 1193 1258 sibi
1213 1191 1416 1277 subiugavit.

282 1289 360 1360 Otto
387 1309 447 1358 rex
473 1309 492 1358 a
517 1290 626 1357 multis
652 1290 824 1378 episcopis
842 1288 1038 1358 Alamannis
1066 1293 1376 1358 excommunicatus
1400 1309 1418 1356 a

279 1409 367 1480 papa
385 1389 607 1458 denuntiatur.

354 1489 508 1557 M.cc.xii.
533 1486 676 1554 briasto
696 1487 803 1554 sancti
823 1486 962 1573 Nycolai
982 1482 1074 1576 [dcc.
1094 1483 1133 1576 6]
1152 1487 1348 1556 Fridericus
1366 1507 1419 1555 ren

282 1587 408 1675 Syciiie
438 1587 571 1654 intravit
606 1603 743 1670 regnum
776 1587 880 1674 patris
906 1587 967 1654 sui.
1007 1586 1143 1653 Electus
1167 1587 1418 1656 Francbenbrrt

282 1685 457 1756 Christiani
475 1684 516 1752 de
535 1685 728 1752 sarracenis
755 1687 788 1751 in
807 1684 980 1772 Hyspania
1005 1684 1073 1752 iere
1098 1691 1232 1752 contum
1252 1687 1345 1754 milia
1364 1704 1418 1753 oc·

282 1785 434 1854 ciderunt
451 1791 483 1852 et
502 1785 752 1871 captivaverunt
769 1784 979 1852 miraculose.
1004 1783 1223 1870 Manigoldus
1238 1785 1418 1852 Patavinus

282 1886 464 1973 episcopus
491 1889 523 1950 et
540 1881 668 1970 Rapoto
694 1882 862 1950 Palatinus
882 1882 976 1950 simui
996 1879 1247 1973 discordantes,
1274 1883 1419 1951 claustra

281 1983 482 2051 monasteria
501 1983 664 2050 ecclesias
690 1998 849 2049 unacum
868 1983 957 2049 omni
980 1983 1152 2068 provincia
1176 1981 1340 2052 incendio
1360 1982 1419 2050 dc·
1463 2007 1464 2020 ¹

280 2087 424 2151 vastant.

429 2177 528 2247 Anno
547 2175 681 2246 milleno
700 2177 890 2246 ducenteno
909 2177 1068 2246 duodeno

429 2275 482 2345 Ad
499 2277 589 2345 mare
608 2277 780 2345 stultorum
800 2276 957 2345 tendebat
974 2279 1035 2344 iter
1051 2295 1240 2365 puerorum.

281 2377 478 2447 Altmannus
502 2375 544 2444 de
568 2374 831 2463 Hclmgersperg
856 2379 1008 2465 moritur,
1038 2376 1099 2444 sed
1126 2383 1273 2445 castrum
1299 2377 1416 2446 ibidem

281 2477 424 2564 abipso
458 2474 643 2544 edificatum
670 2477 814 2543 moriens
847 2476 1030 2561 resignavit
1062 2475 1207 2544 ecclesie
1232 2474 1418 2544 Altahensi.

282 2574 379 2656 Quod
401 2574 554 2643 monachi
572 2573 743 2642 destruere
765 2574 919 2642 volentes
936 2572 1091 2662 prohibiti
1108 2581 1187 2642 sunt
1203 2595 1224 2643 a
1243 2577 1417 2643 comitibus

281 2674 324 2744 dc
342 2675 472 2761 Bcgen.

356 2774 465 2842 biocx
476 2773 521 2840 iii.
538 2770 723 2840 Fridcricus
747 2776 962 2838 consecratus
980 2777 1059 2859 aput
1075 2771 1289 2858 Mogonticm
1307 2775 1343 2841 in
1361 2793 1417 2863 pu-

281 2871 463 2940 rificatione
483 2869 565 2960 [ibb.
577 2867 616 2960 2]
638 2869 758 2936 curiam
768 2869 951 2958 Ratispcne
976 2866 1167 2939 celebravit.
1193 2871 1306 2940 Aliam
1326 2877 1415 2942 ctiam
1461 2865 1462 2870 ’

283 2972 405 3038 curiam
436 2973 469 3037 in
503 2971 663 3056 passione
699 2967 823 3035 domini
858 2975 937 3056 aput
967 2968 1193 3037 Constantiam
1228 2973 1415 3040 celebrarit.

282 3069 432 3136 Terciam
450 3068 646 3155 Merspurcb
664 3066 851 3134 celebravit.
876 3066 1045 3136 Gerdruda
1064 3071 1181 3154 regina
1198 3071 1414 3156 Ungarcrum,

282 3173 387 3234 mater
411 3171 526 3234 sancte
544 3159 743 3255 Elysabetb3
780 3183 907 3254 sponso
932 3165 1179 3254 expeditionem
1205 3177 1327 3237 contra
1352 3170 1414 3237 Ru-

281 3267 403 3334 thcnos
421 3272 595 3353 movente,
623 3283 642 3332 a
660 3267 779 3333 comite
799 3265 942 3351 quodam
960 3267 1056 3334 Petro
1075 3266 1269 3335 trucidatur.
1308 3267 1371 3349 Qui
1387 3273 1412 3333 et

282 3367 354 3454 ipsc
366 3364 584 3450 subsequenti
594 3370 693 3431 nocte
704 3365 736 3430 in
749 3365 907 3431 ultionem
919 3365 1137 3433 sceleriscum
1152 3367 1226 3436 aliis
1241 3369 1412 3454 iugulatur.

283 3464 342 3532 Cui
361 3465 540 3552 episcopus
565 3461 606 3530 de
626 3462 712 3529 Gran
732 3463 820 3530 misit
843 3463 875 3530 in
899 3464 1041 3551 epistota
1059 3465 1330 3552 amphibcioica:
1356 3465 1412 3533 Re-

282 3565 394 3648 ginam
413 3561 565 3630 occidere
583 3562 686 3628 nolite
706 3563 818 3629 timere
836 3561 960 3628 bonum
979 3569 1047 3651 cst,
1072 3565 1100 3630 si
1124 3581 1243 3632 omnes
1267 3581 1412 3633 consen-

283 3663 367 3728 tiunt
386 3679 451 3747 ogo
478 3679 545 3728 non
565 3659 765 3728 contradico.
803 3659 955 3727 Castrum
980 3662 1013 3727 in
1032 3661 1317 3751 Helmgersperg,
1346 3664 1411 3730 data
1459 3731 1460 3746 χ

283 3761 458 3828 comitibus
486 3761 528 3827 dc
545 3758 664 3844 Bcgcn
691 3760 848 3848 pecunia,
873 3777 893 3826 a
911 3759 1045 3827 domino
1065 3762 1223 3849 Poppone
1243 3761 1367 3830 abbate
1384 3767 1410 3826 ct

283 3858 454 3926 monachis
478 3859 548 3926 suis
567 3856 753 3924 destruitur.

355 3957 513 4024 Mccxu.
538 3955 754 4041 bianigcidus
785 3956 993 4024 Potaricnsis
1021 3960 1203 4046 episcopus
1229 3959 1325 4027 obiit.
1359 3957 1407 4026 Ui·

282 4055 370 4122 ricus
390 4054 541 4122 ciusdem
559 4055 703 4122 ecclesie
729 4057 909 4122 canonicus
936 4057 1094 4123 succedit.
1129 4057 1341 4126 Universalis
1360 4075 1409 4142 sy-

283 4152 393 4220 nodus
412 4153 579 4219 celebrata
597 4159 650 4219 cst
666 4153 779 4220 Rome.
813 4153 850 4219 ln
876 4173 941 4240 qrra
960 4154 1092 4223 fuerunt
1110 4159 1264 4244 episcopi
1283 4154 1407 4237 ccccxii,

283 4252 368 4317 inter
398 4269 483 4337 quos
508 4253 684 4318 extiterunt
711 4252 1407 4341 Constantirrcpciitanusierosolimitauus
