2884 4834
265 186 332 254 172
640 213 769 260 ansanus
791 212 1027 259 uenusrrsasus.

263 358 399 441 recepta
423 351 607 420 secundum
631 353 835 422 voluntatem
859 367 973 420 eorum
994 349 1263 437 distribuissent,
1287 356 1319 418 et
1336 353 1379 419 in-

263 451 409 520 citabant
424 451 673 519 universitatem
688 468 788 539 super
808 467 878 518 eos.
904 451 946 518 Et
961 450 1122 518 continuo
1140 459 1380 539 assumpserunt

264 551 327 619 sibl
359 551 591 638 receptionem
617 549 746 636 nagelti
769 554 802 618 ct
828 548 1053 642 provisionem
1079 547 1231 618 civitatis.
1264 547 1379 618 Videns
1429 575 1430 624 r

262 651 361 736 igitur
382 649 536 718 dominus
558 649 790 739 episcopusin
813 647 864 716 his
883 647 1002 716 horrori
1022 665 1084 715 suo
1104 652 1138 715 et
1161 646 1304 716 ecclesie
1327 667 1379 716 sue
1429 687 1430 726 r

262 765 303 816 nc
319 749 389 816 iure
408 753 442 816 et
458 748 642 836 privilegiis
660 748 731 817 suis
748 765 816 816 non
833 746 998 816 modicum
1021 744 1164 836 detrahi,
1190 753 1224 814 et
1242 747 1379 815 consuli-

262 848 326 916 bus
344 849 415 916 suis
439 864 478 915 ac
505 847 569 916 illis
589 846 778 934 quindecim
802 847 881 914 viris
907 847 942 914 iu
968 846 1096 914 honore
1124 863 1165 913 ao
1184 847 1258 912 inre
1280 864 1380 914 corum

261 948 396 1016 multum
418 945 591 1036 derogari,
609 944 708 1015 valde
728 945 961 1034 conturbatus,
979 945 1228 1033 conspiratores
1247 943 1320 1013 illos
1338 944 1381 1013 di·
1429 982 1430 1016 r

261 1047 405 1132 ligentcr
418 1046 620 1116 commonuit
636 1051 672 1112 ut
685 1044 727 1112 ab
743 1045 860 1112 iniuria
877 1061 991 1114 eorum
1002 1049 1187 1134 cessarent,
1208 1050 1243 1113 ct
1253 1050 1380 1112 ostenso

262 1145 437 1234 privilegio
453 1145 499 1213 nil
516 1142 664 1234 proiecit.
690 1145 768 1234 lpse
788 1161 870 1212 vero
892 1144 1072 1231 insurgens
1092 1143 1203 1214 statim
1228 1143 1328 1212 exivit
1341 1144 1381 1211 ci·

261 1245 406 1314 vitatem.

335 1341 547 1412 Adversariis
570 1361 650 1412 vero
676 1319 956 1411 convenientibus
989 1342 1245 1410 concitaverunt
1280 1357 1379 1430 popu·
1429 1317 1430 1326 ἵ

261 1441 346 1533 lam,
365 1448 399 1511 et
419 1443 516 1512 minis
537 1442 703 1531 impositis
727 1442 906 1510 conventui
927 1439 1227 1510 sanctimonialium
1247 1441 1281 1508 in
1299 1440 1380 1506 Nur·
1429 1480 1430 1524 r

262 1547 479 1610 neumunster
502 1547 664 1628 cogerunt
686 1558 746 1608 eos
770 1539 924 1627 frangere
949 1557 1093 1629 murum,
1119 1557 1218 1627 quem
1243 1539 1381 1606 domiuus

262 1642 443 1730 episcopus
460 1645 494 1708 et
512 1641 670 1710 eonsules
688 1639 732 1708 ad
754 1656 867 1708 earum
886 1639 1060 1707 maximam
1081 1639 1319 1706 necessitatem
1340 1635 1381 1702 ia·
1429 1680 1430 1724 ,

263 1757 338 1808 cere
354 1739 572 1809 indulserant.
587 1739 750 1808 Dominus
767 1741 947 1827 episeopus
964 1754 1046 1806 vero
1063 1735 1143 1806 loris
1158 1738 1310 1806 existens
1321 1735 1381 1802 suis
1429 1778 1430 1824 ᾗ

261 1839 365 1906 literis
382 1857 442 1928 per
460 1843 528 1906 tres
543 1839 731 1926 quindenas
753 1837 955 1906 commonuit
972 1835 1063 1924 quod
1076 1855 1096 1904 a
1111 1837 1311 1925 recepcioue
1327 1853 1380 1901 un-
1429 1879 1430 1923 ,

262 1938 343 2024 gelti
358 1943 392 2007 et
409 1939 643 2007 communitate
658 1937 896 2006 fraternitatum
908 1939 1092 2004 cessarent.
1109 1933 1187 2004 'Sed
1200 1933 1303 2003 nichil
1314 1950 1381 2022 pro-

260 2037 349 2106 lecit.
382 2037 424 2107 ut
441 2039 551 2107 stetim
570 2035 755 2106 extendens
782 2034 930 2123 gladium
956 2034 1168 2125 spiritualem,
1193 2033 1307 2104 divina
1331 2049 1381 2120 per

261 2141 363 2205 totam
394 2137 561 2206 civitatem
584 2142 661 2205 ante
687 2135 807 2204 lestum
824 2127 969 2203 omnium
989 2139 1179 2203 sanctorum
1204 2129 1380 2222 suspendit.
1429 2179 1430 2223 ,

260 2235 311 2304 De
330 2253 396 2324 quo
415 2236 534 2304 civitas
551 2241 621 2304 tota
638 2233 697 2304 init
714 2236 916 2304 contristata.
941 2231 1104 2302 Videntes
1122 2234 1237 2320 itaque
1259 2231 1381 2317 conspl-
1429 2276 1430 2324 ,

260 2341 399 2424 ratores,
417 2333 508 2422 quod
524 2340 639 2402 contra
657 2333 820 2403 stimulum
835 2351 903 2400 non
912 2337 1055 2422 possent
1068 2331 1289 2421 recalcitrare,
1306 2347 1380 2398 con·
1429 2335 1430 2421 ᾗ

259 2439 380 2503 vocato
405 2433 514 2524 clero,
535 2431 689 2502 iratribus
707 2431 972 2502 Predioatoribus
992 2435 1026 2499 et
1043 2430 1252 2522 lllnoribuS,
1274 2429 1381 2519 pecie-

259 2538 335 2601 runt
354 2532 517 2600 instamter
534 2531 625 2620 quod
644 2551 756 2601 eorum
776 2532 898 2600 auxilio
916 2530 1069 2598 dominus
1086 2530 1322 2619 episcopusin
1338 2527 1381 2596 vi-

258 2633 367 2700 cinum
384 2630 493 2700 locum
519 2632 660 2700 civitatis
686 2631 848 2699 accedere
868 2630 985 2719 vellet,
1008 2633 1046 2697 ut
1070 2631 1244 2718 cumipse
1270 2624 1380 2714 aliquid
1429 2671 1430 2716 ,

259 2731 338 2798 boni
347 2736 490 2819 possent
500 2728 757 2811 tractare.Quod
767 2731 879 2816 ntique
889 2728 1043 2796 dominus
1054 2729 1235 2816 episcopus
1247 2725 1381 2795 iecitali-

259 2829 529 2919 quibusvleibus,
547 2831 581 2897 in
592 2847 658 2917 quo
669 2827 928 2917 nichilprolecit.
945 2827 1065 2896 Ultimo
1082 2845 1162 2896 vcro
1176 2845 1237 2914 per
1251 2840 1379 2912 magnes

258 2946 376 3016 preces
396 2931 542 2996 accessit
564 2927 607 2996 ad
629 2927 939 3016 Nuuuenmunstcr,
959 2929 994 2996 et
1017 2925 1062 2994 ibi
1080 2927 1114 2994 in
1132 2927 1247 3012 vigilia
1275 2928 1378 2992 sarrcte

259 3026 382 3094 Cecilie
404 3023 499 3117 [nov.
513 3025 578 3119 21]
596 3023 817 3096 mediantibus
833 3025 913 3094 viris
928 3024 1080 3094 discretis
1096 3031 1128 3094 et
1147 3023 1378 3093 iratribasPrc-

259 3123 440 3194 dicatorum
458 3132 492 3194 et
506 3127 673 3196 Minorem
683 3145 743 3216 per
756 3125 879 3194 multos
894 3128 1054 3193 tractatus
1069 3125 1207 3193 inventa
1221 3130 1276 3192 est
1289 3122 1378 3190 loma

259 3220 517 3313 composicionis
540 3225 583 3294 ad
604 3225 851 3314 beneplacitum
870 3223 995 3294 domini
1011 3224 1171 3314 episcopi.
1197 3223 1277 3312 lpse
1299 3236 1376 3308 vero,

258 3321 313 3392 die
333 3322 487 3413 ,secunda
512 3331 699 3394 convocato
727 3323 873 3412 capitulo
899 3341 961 3392 suo
984 3327 1017 3391 et
1041 3323 1148 3411 clero,
1172 3337 1288 3390 eorum
1308 3335 1377 3388 usus

258 3423 417 3514 consilio,
444 3427 614 3492 tractatum
638 3423 779 3492 admisit.
817 3421 867 3490 lta
889 3421 981 3510 quod
1007 3421 1187 3511 conspirati
1217 3417 1376 3490 emendam

258 3521 432 3591 honestam
459 3527 493 3590 et
518 3522 719 3609 condignam
738 3521 801 3590 sibi
819 3520 986 3612 iacerent,
1005 3525 1039 3589 ct
1057 3521 1088 3588 ci
1106 3521 1176 3588 iure
1194 3537 1258 3588 suo
1277 3524 1310 3588 et
1324 3535 1375 3586 eo-

258 3621 359 3689 clesie
377 3638 438 3689 sue
456 3627 491 3689 et
507 3621 649 3690 consilio
668 3619 913 3690 Wormaciensi
933 3637 1064 3708 semper
1086 3620 1165 3688 totis
1183 3619 1308 3688 viribus
1324 3633 1375 3684 as-

258 3719 415 3788 sisterent
432 3727 465 3788 et
483 3722 719 3790 consentirent.
745 3721 786 3789 Et
803 3719 958 3788 dominus
977 3721 1156 3808 episcopus
1174 3717 1310 3786 indulsit
1322 3731 1374 3782 nn-

257 3819 383 3902 geltnm
397 3819 497 3907 recipi
517 3837 536 3887 a
554 3820 703 3908 proximo
718 3818 804 3887 iesto
815 3817 1062 3907 purificacionis
1076 3817 1225 3904 gloriose
1240 3813 1373 3900 Virginis

257 3933 319 4003 per
334 3934 464 3985 annum.
490 3916 544 3986 Ad
560 3919 654 3987 cuins
671 3919 905 4005 recepcioncm
923 3915 1070 3986 sedecim
1087 3918 1177 3986 viros
1192 3934 1236 3984 ex
1249 3919 1377 4002 quatuor

257 4014 438 4104 parrochiis
451 4017 558 4103 ipsius
576 4018 732 4108 civitatis,
750 4023 786 4084 ut
799 4019 920 4085 iustum
934 4021 997 4106 est,
1015 4035 1081 4084 una
1100 4033 1173 4084 cum
1192 4011 1372 4082 consulibus

257 4112 439 4182 constituit.
464 4114 550 4183 Date
577 4122 655 4184 sunt
679 4117 784 4184 eciam
810 4115 944 4184 domino
963 4116 1124 4204 episcopo
1142 4119 1289 4182 trecente
1305 4109 1372 4178 libre

257 4211 454 4280 ballensium
474 4218 540 4280 tam
557 4231 618 4301 pro
636 4220 769 4283 moneta
788 4233 885 4302 qnam
903 4231 963 4303 pro
981 4214 1131 4301 ungelto.
1153 4211 1373 4281 Fraternitates
