2884 4834
290 205 361 274 lah
536 303 539 308 Ι
700 235 827 282 inurens
848 235 1007 283 sernnxsas.

192 361 195 368 ’
288 371 519 442 ecclesiastico
537 379 571 442 ct
588 372 711 462 prediis
729 373 838 442 multis
858 373 981 442 ditavit.
999 372 1076 462 lpse
1091 375 1194 440 ceiam
1205 373 1412 462 postmodum

89 463 224 558 fecitte
244 455 321 544 coin
352 470 469 539 eadem
495 473 639 540 ecclesia
665 473 814 564 Spirensi
824 457 907 541 'silio
932 491 1011 561 suo,
1030 474 1087 560 qui
1112 471 1222 542 dictus
1242 477 1293 540 εει
1309 473 1414 540 iunior

93 571 174 662 prote
287 568 479 661 Heinrious,
505 589 644 658 regnum
668 571 817 661 tradidit,
843 574 899 659 qui
916 572 1082 660 completo
1105 572 1339 660 temperante
1358 590 1414 640 sue

288 672 379 738 iuxta
403 676 530 758 patrem
553 672 682 782 positug
710 676 770 739 cst.
797 671 918 740 Postea
944 671 1110 740 Lutherus
1141 669 1232 740 Saxo
1256 672 1413 756 regnavit.

113 787 145 853 a}
160 788 216 844 „tf
290 768 371 838 Post
387 767 475 838 huno
493 767 665 838 Cunradns
685 769 848 860 swevos,
876 770 938 838 snb
956 787 1023 856 quo
1048 769 1280 857 peregrinaoio
1298 787 1416 854 magna

143 861 146 875 “
287 866 376 936 lacta
394 873 447 936 εει
464 885 552 936 anno
570 867 694 937 domini
712 869 886 938 millesimo
905 869 1032 937 cxlvii.
1054 867 1151 956 Nota,
1172 867 1263 954 quod
1281 886 1415 954 regnum

288 983 349 1054 per
373 967 626 1035 successionem
651 985 820 1054 nunquam
844 969 996 1056 pervenit
1021 967 1107 1035 ultra
1132 973 1281 1053 quartam
1297 967 1414 1034 lineam

288 1083 348 1134 sue
365 1064 486 1154 prolis,
513 1066 579 1135 nisi
596 1067 630 1134 in
647 1067 741 1155 prole
766 1066 888 1135 Karoli.
916 1067 995 1135 Post
1011 1065 1101 1134 huno
1118 1082 1260 1151 regnare
1279 1067 1368 1153 oepit
1384 1071 1413 1132 et

287 1165 447 1252 imperare
469 1163 654 1234 Friderious
681 1165 844 1255 Suevos,
871 1165 1024 1252 subque
1049 1163 1136 1232 lacta
1163 1171 1215 1232 εει
1242 1163 1413 1252 expedicio

286 1279 377 1330 anno
395 1263 648 1352 m.o.lxxx.viiii.‚
666 1266 699 1332 in
719 1282 785 1351 qua
803 1263 1024 1352 expedicione
1047 1264 1122 1352 ipse
1139 1264 1318 1352 imperator
1337 1263 1412 1331 sub-

287 1377 427 1430 mersus.
453 1361 538 1431 Huic
564 1364 729 1432 successit
753 1365 891 1451 imperio
918 1363 963 1432 lt:
982 1359 1070 1431 hlius
1090 1363 1161 1430 cius
1180 1379 1240 1430 rex
1259 1361 1415 1430 sicilicet

206 1463 207 1466 ’
287 1458 479 1551 Alamannia,
507 1461 569 1530 sub
596 1480 662 1548 quo
687 1461 774 1530 lacta
799 1469 850 1531 εει
869 1461 1044 1550 expedicio
1062 1462 1312 1550 peregrinorum
1333 1477 1414 1528 anno

288 1560 467 1626 m.o.xo.vii.
486 1560 549 1628 sub
566 1577 654 1649 papa
672 1559 851 1630 Celcstino.
886 1561 970 1630 Huio
989 1560 1156 1629 suecessit
1172 1559 1345 1648 Philippus
1363 1577 1413 1626 rcx

287 1657 389 1724 trater
406 1675 487 1726 suus
505 1659 539 1726 in
556 1677 662 1745 regno
680 1665 815 1728 tantum.
834 1658 897 1741 Qui
915 1658 1048 1728 tandem
1066 1657 1266 1745 Babenbcrg
1277 1659 1411 1745 occisus,

287 1772 408 1843 corpus
427 1757 500 1825 eius
519 1756 638 1825 dilatus
650 1764 703 1826 est
717 1757 856 1848 Spiram‚
876 1765 909 1826 ει
924 1758 1088 1846 sepultum
1097 1759 1132 1825 in
1147 1758 1294 1826 ecclesia
1304 1763 1410 1825 sancto

286 1853 400 1922 ltlarie.
427 1855 507 1924 Post
532 1856 620 1925 huno
644 1858 771 1925 electus
800 1865 853 1926 εει
878 1859 912 1925 in
936 1874 1048 1942 regem
1068 1853 1146 1925 Otto
1166 1856 1253 1924 silius
1272 1856 1408 1924 Heinrici

286 1951 383 2020 ducis
409 1953 575 2045 saxonie,
602 1957 658 2042 qui
684 1957 793 2024 statim
817 1962 1033 2024 consecratus
1059 1961 1112 2022 εει
1135 1954 1170 2022 in
1187 1956 1408 2044 imperatorem

286 2070 305 2118 a
322 2071 410 2142 papa
436 2053 643 2123 innocentio.
676 2056 717 2123 Et
735 2057 894 2143 opposuit
911 2073 949 2122 se
968 2054 1110 2122 coclesic
1129 2055 1301 2142 Romane,
1328 2052 1407 2120 nndc

285 2155 592 2222 excommunicatus
618 2152 660 2220 ah
681 2171 722 2222 eo
740 2171 850 2242 usqne
868 2153 911 2222 ad
929 2154 1027 2221 finem
1045 2154 1112 2220 vite
1130 2171 1191 2222 sue
1209 2155 1243 2220 in
1262 2155 1334 2241 ipsa
1351 2170 1408 2219 ox-

286 2252 584 2320 oommunioatione
610 2253 770 2339 perstetit.
795 2254 876 2322 Post
900 2252 990 2320 huno
1007 2269 1148 2338 regnare
1166 2253 1255 2340 cepit
1271 2249 1407 2319 Frideri-

281 2363 346 2415 eus
364 2365 424 2416 rex
441 2349 561 2418 Sicilie.
588 2348 651 2430 Qui
677 2357 853 2440 postquam
879 2357 1096 2420 consecratus
1115 2352 1215 2418 estin
1235 2353 1405 2439 imperato·

286 2463 353 2514 rem
378 2448 509 2535 reliquit
533 2467 671 2535 regnum
699 2451 886 2519 Theutonic
906 2450 974 2517 tilio
994 2452 1086 2539 eiuS,
1106 2455 1139 2517 ει
1155 2451 1230 2536 ipse
1249 2468 1288 2518 se
1305 2456 1405 2518 trans·
1431 2503 1432 2528 r

282 2545 414 2614 tulitin
441 2546 594 2616 Siciliam.
631 2549 670 2616 Ει
693 2555 822 2618 mortua
844 2549 1050 2637 imperatrice
1076 2546 1169 2616 duxit
1199 2549 1298 2616 liliam
1324 2549 1402 2633 regis

283 2644 577 2739 iherosolimitani,
596 2646 686 2798 ”bum
704 2649 807 2717 caiam
825 2666 884 2716 rex
902 2647 1011 2716 sactus
1030 2647 1345 2716 iherosolimitanus.

457 2753 476 2761 ..
513 2739 689 2792 (sacrm.

747 2864 951 2874 ’,ι-*-

203 2990 270 3043 ¹¹⁸⁴
360 2995 459 3068 Anno
478 3000 642 3071 dominice
659 3004 893 3072 incarnationis
913 3003 1129 3072 mclxxxiiii.
1148 3005 1183 3070 in
1196 3001 1400 3091 penthecoste
1429 3035 1430 3129 p

286 3091 368 3184 [mai
394 3095 459 3188 20]
486 3101 707 3171 militaverunt
740 3101 806 3170 duo
839 3101 896 3170 hlii
926 3101 1082 3170 Fridcr·ici
1113 3103 1336 3190 imperatoris,
1358 3115 1403 3164 rex

283 3193 460 3264 Heinrious
488 3199 618 3268 scilicet
641 3210 675 3270 ει
696 3200 885 3270 Friderious
908 3201 980 3307 flux
1007 3201 1150 3270 Suelio.
1177 3199 1306 3270 Eodcm
1330 3213 1401 3265 anno
1428 3283 1429 3286 Ἴ

284 3296 422 3364 comites
441 3299 609 3384 perierunt
626 3303 660 3370 in
677 3301 795 3368 latrina
813 3299 902 3390 apud
920 3275 1134 3390 Ehp‘e'srort.¹
1428 3329 1429 3375 r

320 3487 348 3551 t)
367 3482 553 3539 Frankenvort
571 3486 616 3540 hat
633 3487 677 3541 die
695 3487 736 3543 hs,
755 3503 811 3542 was
829 3487 872 3542 ich
891 3487 1060 3556 berichtigte.
1079 3487 1400 3557 Vergl.Chron.Sampctr.

282 3550 339 3607 Des
356 3569 492 3622 vorgangs
509 3553 629 3674 ficdankt
652 3557 722 3610 auch
746 3555 795 3610 der
819 3556 925 3612 schluss
942 3558 1018 3610 einer
1035 3555 1096 3609 urk.
1118 3557 1166 3609 des
1184 3556 1304 3611 bischols
1320 3553 1400 3630 hlarliu
1427 3543 1428 3619 l

282 3636 336 3674 von
353 3622 490 3688 Μεὶεεειι,
529 3624 554 3676 ie
571 3623 935 3680 iurisdictionsverhhltnisse
953 3627 981 3678 in
998 3624 1131 3678 Lubanitz
1148 3623 1234 3691 batn,
1258 3625 1286 3679 in
1302 3625 1400 3692 Kreysrg

281 3687 364 3742 Beitr.
383 3706 432 3742 zur
449 3691 518 3744 Hist.
538 3690 587 3744 der
604 3691 783 3747 sachsischen
802 3692 895 3748 Laude
915 3697 988 3758 l,12:
1013 3693 1073 3758 Quo
1092 3695 1176 3745 eciam
1195 3700 1249 3746 tem
1270 3709 1315 3745 ore
1332 3689 1397 3766 domi-

282 3771 331 3808 nus
353 3757 508 3812 Fridericus
532 3760 679 3830 imperator
702 3759 772 3815 duos
795 3761 866 3814 filios
890 3777 954 3815 suos
976 3761 1115 3828 Mogontia
1139 3710 1299 3816 militaribus
1321 3757 1398 3811 balteis
1426 3775 1427 3863 p

281 3822 572 3903 gloriose'precinxin
595 3829 655 3908 ipso
679 3845 788 3900 quoque
813 3845 882 3884 anno
906 3845 970 3897 rege
996 3829 1195 3909 expeditionem
1219 3831 1248 3883 in
1270 3827 1397 3884 Polonianu

282 3905 376 3960 pacem
403 3899 473 3946 mter
490 3895 677 3963 Mogunhnum
701 3895 855 3950 Cunradum
877 3904 904 3950 et
928 3895 1102 3950 Lodewrcum
1126 3896 1304 3964 lantgravium
1326 3895 1397 3961 dispo-

282 3964 372 4023 nente,
391 3975 406 4012 a
425 3960 461 4013 ud
476 3962 611 4032 Erpissort
628 3963 748 4018 trabibus
766 3965 861 4018 domus
878 3981 926 4036 pre
943 3971 1077 4018 vetustate
1095 3963 1248 4030 confractis,
1267 3962 1396 4019 Fridcricus

282 4041 372 4080 comes
422 4029 630 4098 venbergensis‚
669 4033 813 4087 Heinrious
837 4049 927 4088 comes
956 4033 989 4086 da
1015 4031 1240 4101 Schwartzburg‚
1273 4033 1396 4084 Gusmarus

282 4109 373 4147 comes
398 4095 431 4150 de
450 4097 489 4168 Gy
509 4098 639 4166 enhagen,
658 4101 811 4170 Berngerus
830 4117 921 4154 comes
945 4100 978 4155 de
996 4099 1165 4170 Meldingcn,
1189 4100 1350 4154 Burchardus
1366 4109 1396 4146 ca·

281 4160 413 4284 Zt‘elleanust
433 4163 466 4218 tle
530 4167 653 4221 artberch
677 4185 737 4221 cum
768 4168 848 4223 domo
881 4175 989 4222 ruentes
1018 4169 1071 4222 heu
1101 4168 1246 4224 miserabili
1271 4174 1347 4220 morte
1367 4163 1395 4214 in-

310 4247 333 4282 rr
351 4247 421 4286 mu.

1415 4611 1423 4796 l
