2950 4836
284 222 352 290 556
620 249 782 298 cunonrcor
804 249 1046 298 osrrnncrrnnsu.

200 394 267 450 ¹292
283 385 556 478 promovendum,
575 405 640 476 quc
658 392 768 456 tomen
784 393 894 477 preter
908 386 1051 456 divinam
1065 387 1316 456 ordinacionem
1327 393 1418 455 sture

281 502 350 555 non
375 487 567 572 volucrunt3
599 490 707 554 tumen
735 504 809 554 cum
835 486 908 555 eliis
934 487 1150 554 iuramentum
1175 485 1217 554 de
1245 485 1312 555 lide
1340 505 1418 554 ser-

281 583 391 654 vando
406 585 565 673 prestitit,
585 589 619 652 et
634 581 824 653 infeodatos
842 603 862 654 n
883 601 965 671 rege
984 584 1086 652 tristis
1105 586 1256 652 recessit.
1279 585 1418 653 Electus

280 687 391 751 eutem
415 701 488 751 curn
517 682 708 770 pocioribus
736 684 833 768 regni
856 682 1060 772 principibus
1077 680 1327 769 Aquisgrnnum
1347 681 1416 750 du-

281 782 365 848 citur
382 782 467 848 etin
484 779 572 848 festo
589 787 812 868 pentecosten
829 781 979 869 proximo
996 773 1008 816 ¹
1023 799 1044 847 c
1062 779 1196 848 domino
1213 780 1416 867 Mogontinc

281 879 537 967 archiepiscopo
560 879 693 964 ungitur
719 885 754 946 et
777 885 963 948 coronetur.
998 875 1104 958 Quem
1121 877 1277 946 dominus
1295 879 1417 966 Nyco-

280 976 355 1043 lons
374 982 607 1065 quartuspcpn
620 977 690 1044 suis
706 977 825 1046 litteris
842 977 1014 1046 confirmat
1028 981 1062 1043 et
1078 977 1235 1044 electioni
1248 977 1418 1046 consentit

281 1080 316 1142 ct
330 1073 373 1143 ud
388 1091 544 1143 coronam
559 1074 686 1142 invitet.
713 1074 869 1144 Srmilitcr
885 1081 919 1143 et
934 1074 1087 1144 dominus
1104 1073 1293 1143 celestinus
1313 1077 1416 1162 quin-

281 1178 335 1241 tus
354 1177 388 1241 ct
401 1172 555 1241 dominus
567 1171 761 1242 Boulinoius
776 1180 925 1243 octavus.

354 1267 579 1338 DuxAustric
594 1270 764 1359 predictus
783 1271 903 1341 dolens
920 1269 1011 1359 quod
1035 1271 1070 1338 in
1091 1289 1230 1359 regnum
1251 1287 1323 1338 non
1347 1275 1415 1337 erat

280 1376 451 1458 promotus
478 1369 594 1457 incipit
628 1367 828 1438 discordiam
857 1370 1021 1438 seminare
1050 1369 1136 1437 inter
1170 1369 1343 1458 principes
1373 1368 1414 1436 de

282 1467 424 1535 consilio
439 1466 593 1536 avunculi
618 1467 671 1534 sui
684 1466 812 1536 Albcrti
828 1469 957 1536 comitis
979 1466 1021 1535 dc
1037 1466 1161 1536 Hnirlo.
1187 1467 1322 1535 Habitis
1341 1466 1416 1534 hinc

280 1563 358 1632 inde
384 1564 562 1652 colloquiis
580 1582 654 1632 cum
676 1583 757 1652 rege
778 1566 938 1635 Bolrcmie
964 1571 997 1634 et
1021 1564 1161 1634 ducibus
1188 1565 1362 1634 Kerinthie
1384 1570 1417 1632 ct

280 1661 482 1748 Moguntinc
508 1665 760 1753 archiepiscopo
790 1683 851 1752 per
874 1665 1089 1752 interpositos
1113 1681 1297 1754 perseum,
1332 1681 1415 1731 ocn-

281 1761 470 1848 spirecione
488 1779 562 1830 cum
578 1762 737 1852 predictis
760 1762 863 1852 iacta,
889 1767 1001 1832 movet
1019 1763 1197 1830 exercitum
1216 1761 1259 1830 de
1278 1759 1416 1830 Austriu

281 1857 459 1946 adportes
484 1859 577 1930 chi.
611 1861 792 1929 'lmnsiens
819 1879 879 1949 per
908 1861 1039 1930 Stirinm
1068 1866 1102 1928 ct
1118 1859 1335 1950 Kerinthiom,
1360 1860 1416 1927 ubi

281 1955 435 2026 diversos
467 1959 719 2028 ecclesiasticos
747 1965 780 2027 et
810 1960 979 2028 seculares
1003 1976 1063 2048 per
1086 1960 1279 2048 pecuniam,
1317 1977 1416 2046 quam

281 2062 396 2124 mutuo
421 2058 548 2124 nonin
571 2076 674 2146 parvo
698 2059 881 2146 quantitate
906 2077 926 2125 u
953 2056 1093 2126 ducibus
1117 2055 1287 2124 Kerinthie
1314 2075 1415 2125 rece-

281 2159 394 2243 perm,
421 2160 456 2222 et
478 2153 581 2224 lulsus
601 2157 843 2244 promissiones
865 2157 1020 2245 corrupit,
1046 2157 1255 2242 veniensque
1274 2153 1319 2222 od
1337 2173 1415 2244 pcr-

281 2256 333 2318 tes
349 2249 433 2320 chi
449 2254 483 2320 in
502 2253 657 2342 oppidum
679 2253 929 2343 Schashnnsen,
957 2253 1192 2339 aMoguntino
1217 2257 1251 2321 et
1270 2253 1338 2321 sibi
1356 2253 1416 2320 od-

281 2349 473 2419 herentibus
490 2354 523 2419 in
541 2370 654 2438 regern
672 2353 889 2442 constituitur,
908 2351 1042 2420 domino
1058 2349 1180 2420 Adollc
1192 2369 1275 2438 rege
1291 2370 1416 2440 super·
1473 2429 1474 2440 χ

282 2448 359 2516 stite
378 2453 412 2515 cl
428 2456 600 2535 regnante.
621 2448 726 2519 Huius
745 2450 910 2519 discordie
929 2456 1044 2518 auctor
1060 2451 1263 2538 permaxime
1282 2449 1346 2518 luit
1364 2469 1415 2517 er·
1473 2441 1474 2452 ’

280 2544 516 2635 chlepisccpus
538 2548 767 2635 Mogontinus.
795 2549 875 2617 Post
891 2548 955 2616 heo
972 2550 1006 2616 in
1023 2548 1111 2616 bello
1130 2550 1310 2636 campestri
1329 2567 1415 2617 con-

202 2729 204 2736 s
280 2643 484 2730 gredluntur.
510 2645 573 2715 Ubi
590 2646 743 2715 dominus
758 2645 902 2716 Adollus
917 2664 976 2714 rex
992 2645 1174 2736 predictus,
1192 2647 1332 2714 nimium
1350 2646 1416 2714 ler-

279 2759 364 2810 vens
374 2743 554 2812 vindictam
567 2747 792 2833 persecutoris
808 2747 869 2835 sni,
885 2745 1034 2813 exercitu
1052 2762 1114 2812 suc
1133 2763 1153 2812 a
1171 2750 1270 2830 tergo
1289 2746 1415 2834 relicto,

280 2843 490 2929 persequitur
503 2861 576 2910 cum
585 2845 699 2930 paucis
710 2861 824 2929 regern
838 2846 910 2911 sive
921 2841 1039 2910 ducem
1048 2844 1219 2911 intrusum.
1236 2843 1281 2912 Et
1293 2845 1330 2911 in
1344 2845 1416 2931 ipso

280 2941 523 3025 congressione
540 2942 656 3030 lapsus
673 2942 707 3010 in
726 2959 814 3029 equo
837 2943 1047 3030 vulneratus,
1073 2940 1137 3008 hiis
1162 2958 1249 3028 quos
1275 2959 1297 3008 a
1321 2947 1414 3026 tergo

281 3036 459 3122 reliquerat
476 3040 707 3130 venientibus,
734 3058 793 3108 rex
809 3045 957 3108 mortuus
984 3045 1037 3108 est
1053 3039 1220 3106 inventus
1253 3037 1321 3119 Qui
1339 3045 1415 3127 aput

281 3135 551 3204 sanctimoniales
575 3139 610 3205 in
628 3138 723 3206 Valle
746 3136 1097 3226 Roscrum'sepelitur,
1125 3154 1216 3205 anno
1243 3139 1342 3223 regni
1367 3138 1414 3204 sui

281 3237 378 3299 sexto
401 3233 436 3300 in
463 3236 607 3304 crastino
632 3235 788 3306 Processi
814 3242 847 3304 et
864 3236 1054 3305 Martiniani
1080 3231 1155 3325 [iuli
1174 3232 1228 3326 3],
1257 3237 1339 3322 quio
1358 3253 1413 3303 se-

279 3329 410 3418 pultum
433 3333 527 3418 regin
551 3339 630 3421 aput
648 3335 796 3424 Spircom
822 3353 883 3423 per
905 3334 1089 3424 predictum
1112 3329 1286 3400 Albertunr
1312 3337 1413 3401 intru-

279 3445 353 3496 sum
371 3427 434 3497 sibi
451 3435 531 3498 tunc
548 3431 608 3499 luit
625 3432 801 3519 denegate.

351 3527 545 3596 Mccxoiii.
563 3529 725 3598 Dominus
745 3529 959 3598 Gwilhclmus
977 3531 1297 3600 Premonstrctcnsis
1312 3529 1411 3598 abbas

279 3624 313 3691 in
331 3631 452 3694 octavo
469 3629 697 3714 apostolorum
710 3629 798 3698 Petri
816 3634 850 3698 et
862 3629 952 3696 Pauli
970 3630 1083 3696 visitet
1100 3627 1282 3697 ecclesiam
1298 3625 1410 3696 Oster-

279 3721 462 3792 hcvensem
480 3743 554 3792 curn
572 3725 728 3796 adiuncta
745 3727 808 3796 sibi
827 3727 1000 3817 socictate,
1019 3727 1149 3795 scilicet
1164 3726 1410 3794 venerabilibus
1471 3733 1472 3814 ζ

279 3822 427 3906 putribus
458 3823 676 3893 Cussiancnsi
697 3823 932 3894 Arnstoinensi
958 3824 1150 3914 abbatibus,
1182 3828 1215 3892 ct
1243 3827 1409 3914 preposito

280 3915 322 3985 dc
340 3919 449 4010 Mani,
477 3940 549 3990 curn
574 3923 648 3990 ollis
666 3923 801 4011 prelatis
819 3923 1096 4012 provincialibus,
1123 3923 1256 3991 scilicet
1271 3923 1409 4011 Urspcr·
1471 3917 1472 3924 ’

279 4017 378 4101 gensi
397 4017 632 4090 Scheltlarensi
654 4021 890 4090 Novecellensi
908 4019 1192 4107 Windeltergensi
1210 4021 1407 4110 Spninslmr-

280 4115 367 4182 tensi
391 4117 448 4202 qni
474 4117 581 4186 cidem
599 4127 828 4204 occurrerunt,
856 4119 918 4188 snb
944 4119 1078 4188 domino
1094 4119 1204 4188 Ulricc
1229 4119 1329 4188 huius
1345 4119 1405 4187 loci

315 4223 345 4286 l)
364 4221 412 4275 dus
428 4225 502 4276 wire
519 4239 562 4278 am
579 4227 622 4280 25.
640 4227 703 4292 moi,
720 4227 755 4282 ist
771 4227 837 4282 oller
855 4226 999 4297 uuriehtig.
