2890 4832
388 260 426 304 ιι
446 258 612 306 sonnrmno
633 257 811 306 coronrmsr.
1095 228 1163 296 sur

30 396 146 483 grania
172 395 349 482 Begginus
375 394 418 464 ad
443 395 541 465 iidem
564 397 750 488 mittuntur,
775 395 836 465 sed
853 393 896 464 ab
914 395 964 462 eis
982 397 1164 484 oontempti
1182 405 1249 462 taos

30 501 63 562 et
80 513 158 562 eum
176 495 361 580 ignominia
378 496 501 584 repulsi
519 501 604 564 sunt.

102 592 237 661 Eodem
262 595 367 662 eniam
394 611 483 663 anno
507 591 586 662 Otto
605 611 663 662 rex
680 591 806 660 ltaliam
825 610 897 660 eum
917 609 1039 678 magno
1057 610 1165 680 appe·

31 697 101 759 ratu
118 693 269 760 intravit.
296 692 358 761 Ubi
374 694 542 782 prinsipes
561 689 916 777 tooiusLongobardie
935 693 966 758 ei
984 708 1165 760 oeourren-

31 795 80 858 tes
99 809 178 858 eum
200 791 310 876 gloria
328 797 566 882 susceperunt,
586 792 738 860 civitates
758 795 792 857 et
809 789 946 858 castella
965 791 1037 858 eius
1055 788 1167 857 domi-

32 891 85 956 nio
104 888 348 978 subdiderunt,
366 890 526 958 inlinitum
543 891 719 978 pecuniam
737 889 949 974 vestigalium
968 894 1000 955 et
1021 888 1167 956 tributo-

33 1006 117 1076 rum,
146 1006 167 1054 a
188 989 393 1076 temporibus
420 988 563 1056 Heinrioi
580 989 787 1077 imperatoris
805 993 1030 1074 reservatam,
1059 986 1166 1053 tradi-

35 1086 161 1153 derunt.
193 1087 273 1154 Post
297 1087 359 1156 beo
384 1087 521 1156 Romam
544 1094 765 1177 progressus,
793 1091 970 1154 oeourente
997 1085 1061 1153 sibi
1079 1103 1167 1172 papa

34 1203 104 1252 oum
129 1185 359 1254 cardinalibus
383 1191 417 1255 et
439 1193 577 1277 senatu,
596 1205 669 1254 oum
687 1185 816 1253 honore
834 1185 1031 1272 suscipitur,
1057 1191 1091 1250 et
1108 1200 1166 1251 se-

36 1285 144 1370 quenti
173 1283 343 1352 dominioa
367 1293 447 1373 post
471 1285 591 1354 testum
616 1285 723 1354 saneti
748 1283 945 1352 lliubahelis
963 1282 1166 1371 archangeli,

36 1382 65 1450 id
83 1389 134 1451 est
151 1383 202 1449 iiii
220 1401 298 1450 non.
317 1385 463 1453 octobris
484 1381 567 1476 [ont.
580 1381 622 1474 t]
642 1387 675 1452 in
689 1383 834 1452 eeclesia
847 1383 962 1450 maiori
975 1382 1065 1450 beati
1081 1381 1167 1448 Petri

37 1482 180 1569 apostoli
201 1483 237 1548 in
253 1483 481 1570 imperatorem
499 1489 724 1552 eonseoratur.

105 1578 182 1660 Quo
216 1587 416 1651 oonseerato
447 1584 548 1650 oritur
570 1583 656 1650 inter
689 1599 750 1650 eos
781 1579 1010 1648 controversia
1033 1583 1168 1667 propter

38 1679 213 1746 marnhiam
239 1678 360 1748 domne
384 1681 564 1750 Methildis.
589 1680 661 1762 Qua
680 1679 849 1768 quondam
866 1678 927 1747 suit
945 1678 1011 1746 lilia
1028 1676 1165 1764 liutgeri

40 1778 194 1865 prineipis
212 1776 336 1868 Sicilie,
353 1780 414 1848 viri
439 1779 671 1869 famosissimi,
690 1785 724 1846 et
740 1796 824 1847 uxor
841 1777 985 1847 Cunradi
1002 1779 1093 1862 regis
1112 1775 1168 1842 lrlii

41 1873 178 1942 Heinrioi
198 1877 407 1965 imperatoris
426 1881 550 1970 quarti,
577 1881 637 1946 viri
655 1879 807 1946 eatbolioi
831 1885 863 1945 et
886 1876 1070 1964 apostoliea
1093 1873 1167 1942 sedi

43 1973 292 2065 sapientissimi,
312 1978 367 2063 qui
387 1983 502 2046 eontra
514 1979 718 2047 voluntatem
732 1979 834 2065 patris
846 1993 906 2064 per
920 1973 1080 2062 quasdam
1097 1974 1167 2040 lta-

42 2070 80 2138 lie
96 2079 211 2160 partes
231 2081 266 2142 et
284 2093 406 2143 nomen
431 2083 464 2144 et
487 2075 681 2162 dignitatem
705 2077 796 2162 regis
827 2075 923 2142 annis
949 2073 1019 2141 iere
1046 2087 1167 2139 novem

46 2169 177 2239 obtinuit
197 2178 234 2241 et
252 2179 370 2241 terram
386 2176 661 2264 spatiosissimam
676 2173 836 2264 possedit.
862 2173 942 2241 Post
963 2172 1057 2239 ouius
1074 2188 1167 2239 mor·-

46 2274 102 2335 tem
121 2270 177 2340 illa
207 2275 369 2340 turturina
390 2272 518 2360 predita
544 2274 608 2342 lide
640 2273 808 2342 seeundos
834 2270 1062 2340 detestabatur
1092 2287 1167 2336 am-

49 2367 167 2459 plexus,
189 2377 225 2438 et
242 2372 275 2437 in
290 2372 450 2441 viduitate
463 2391 661 2462 permanens
679 2371 855 2454 mnrpbiam
870 2369 934 2438 sibi
951 2389 971 2437 a
986 2369 1057 2437 viro
1068 2369 1168 2436 relio-

47 2470 103 2533 tam
123 2475 159 2536 ut
175 2470 227 2536 vir
243 2471 510 2556 sapientissimus
533 2471 751 2558 gubernabat.
777 2468 849 2550 Que
867 2469 911 2537 ad
929 2469 1067 2536 senilem
1090 2485 1167 2555 per-

49 2566 177 2634 veniens
207 2573 349 2658 etatem,
380 2571 605 2639 eireumventa
627 2589 648 2638 a
668 2588 756 2659 papa
777 2576 856 2636 tuno
876 2567 1049 2656 temporis,
1077 2584 1168 2632 mar-

29 2662 142 2731 ‘eliam
159 2667 332 2756 imperium
351 2669 543 2738 attinentem
564 2687 663 2757 quam
685 2668 843 2756 regebat,
862 2664 1111 2751 magistratibus
1135 2669 1169 2732 et

50 2765 262 2846 potestatibus
281 2767 396 2834 inseiis
413 2774 447 2835 et
462 2769 678 2857 inconsultis,
696 2769 797 2835 beato
814 2766 912 2834 Petro
929 2762 1070 2832 tradidit.
1095 2761 1167 2843 Quo

51 2863 147 2929 umen
173 2870 255 2951 post
277 2871 415 2933 mortem
436 2863 513 2934 'eius
538 2866 581 2934 ab
608 2865 863 2953 imperatoribus
887 2863 963 2932 sedi·
981 2861 1168 2951 apostoliae

53 2956 149 3027 oblata
163 2967 195 3029 et
208 2963 348 3050 imperio
366 2967 516 3034 restituta
533 2971 596 3034 est.
623 2964 717 3032 llano
733 2965 833 3050 igitur
851 2970 969 3030 terram
988 2979 1076 3050 papa
1091 2965 1167 3028 ante

52 3063 326 3130 oonseerationem
350 3063 413 3131 sibi
431 3065 559 3132 restitui
576 3063 769 3152 postulans,
794 3064 985 3152 imperator,
1003 3066 1041 3128 ut
1057 3077 1167 3128 novus

54 3149 139 3224 bomo
155 3164 188 3225 et
206 3161 254 3228 rei
269 3163 422 3251 neseius,
441 3165 557 3230 annuit
574 3170 608 3231 et
624 3162 782 3252 promisit
806 3161 874 3230 Sed
891 3165 970 3250 post
987 3175 1169 3228 conseera-

54 3251 180 3346 timem,
199 3277 219 3326 a
241 3260 464 3346 potestatibus
487 3267 520 3330 ot
541 3262 788 3350 magistratibus
810 3266 986 3329 revonatus
1006 3264 1039 3327 et
1054 3257 1168 3346 probi-

56 3345 146 3442 bitus,
164 3357 296 3424 minimo
316 3359 467 3428 restituit.

118 3449 188 3521 lloo
216 3472 305 3524 anno
331 3463 401 3525 erat
428 3463 520 3525 estas
549 3458 699 3525 tonitruis
728 3455 920 3524 fulminibus
950 3460 984 3523 et
1010 3451 1168 3521 imbribus

59 3545 140 3616 valde
157 3557 383 3642 tempestuosa
406 3561 438 3624 et
452 3556 591 3644 hyemps
612 3557 708 3624 nimis
728 3556 919 3643 asperrima.

119 3644 212 3718 Anno
234 3651 357 3722 domini
380 3673 503 3723 moen.
526 3653 641 3724 Novus
661 3655 839 3742 imperator
855 3655 889 3720 in
908 3651 1002 3720 ltalia
1016 3667 1169 3718 eommo-

61 3746 148 3834 ratur,
166 3766 229 3836 quo
250 3751 435 3822 ordinanda
453 3761 487 3821 et
506 3751 717 3840 disponenda
734 3771 794 3841 per
815 3752 1006 3839 provincias
1031 3755 1065 3816 et
1086 3750 1169 3818 eivi-

62 3839 134 3909 tatas
157 3853 248 3917 erant
271 3849 429 3918 ordinans
450 3858 482 3920 et
507 3849 710 3942 disponens,
734 3849 886 3939 Apuliam
909 3851 1013 3918 eniam
1031 3850 1169 3937 imperio

64 3941 212 4014 restituere
229 3948 367 4039 volens,
392 3968 490 4037 quam
509 3949 641 4018 Siculus
660 3969 679 4018 a
703 3968 790 4038 papa
813 3951 847 4016 in
870 3947 968 4017 lando
993 3966 1031 4015 se
1056 3953 1168 4016 tenere

66 4031 243 4136 affirmabat,
263 4065 360 4135 quam
378 4050 482 4116 eniam
504 4048 637 4137 quidum
657 4048 822 4135 liutgerus
840 4049 972 4116 nomine
1000 4046 1168 4135 quondam

67 4127 179 4220 inperio
193 4147 224 4212 vi
241 4145 383 4216 ablatam
401 4149 580 4216 invaserat.
613 4149 800 4216 Exercitum
819 4149 900 4215 satis
920 4147 1093 4234 copiosum
1111 4163 1170 4232 per

69 4235 205 4347 (illiadem
218 4245 379 4333 primores
397 4251 480 4316 terre
496 4245 585 4314 illius
601 4247 634 4314 in
650 4265 723 4314 eam
739 4247 928 4337 transmisit,
948 4261 1034 4333 quos
1049 4249 1169 4333 postea
