2950 4836
291 205 363 274 l98
672 233 845 280 ornaturus
865 233 1050 280 nurturusts

210 393 278 448 tato
296 375 427 444 sitionis
452 373 622 442 destructa
655 381 717 440 cst.
758 373 799 441 Et
825 372 868 440 ob
899 373 986 440 bano
1018 389 1154 440 causam
1183 373 1438 459 prenominatus

291 474 472 562 episcopus
491 473 642 541 homines
670 479 704 539 et
729 472 875 540 redditus
899 490 959 560 per
979 472 1090 539 omnin
1117 489 1205 558 qnos
1229 471 1264 537 in
1281 471 1382 539 llnlle
1404 481 1435 538 et

291 574 377 640 circa
405 571 573 640 habebant
598 571 686 659 apud
710 569 861 639 Altabeu.
887 571 1098 658 comparavit.
1134 570 1286 638 Damiala
1311 573 1433 638 civitas

290 673 466 757 ignorante
493 673 639 739 exercitu
658 672 731 738 sine
750 672 839 738 omui
857 670 1001 758 dampno
1021 669 1283 738 Christianorum
1300 672 1335 736 in
1356 687 1434 736 cre·
1457 737 1458 752 ,

290 770 431 859 puscuto
451 771 577 859 noetis,
605 769 787 838 interiectis
810 769 1103 836 innumerabilibus
1123 771 1288 857 paganis,
1319 769 1431 836 diuina
1457 761 1458 826 ἶ

290 871 439 956 potentia
457 875 555 958 capta
579 877 642 958 ast,
662 876 733 936 eta
751 868 947 936 Christianis
971 874 1125 956 potenter
1143 885 1322 955 possessa.
1357 866 1430 934 Hiis

290 966 411 1036 diebus
432 969 561 1036 Ulrious
588 968 798 1036 Putavicusis
825 970 1006 1055 episeopus
1033 969 1122 1056 cepit
1147 973 1347 1035 construere
1372 985 1431 1034 ca-

291 1072 392 1135 strum
409 1068 443 1134 iu
457 1073 569 1136 monte
589 1070 696 1134 suncti
715 1068 825 1136 Georii
844 1067 1062 1134 Patavieusis.

362 1166 515 1234 llleoux.
533 1163 610 1234 Otto
631 1166 855 1253 Frisingeusis
882 1167 1062 1254 episcopus
1087 1167 1188 1255 obiit,
1209 1166 1263 1233 eui
1282 1164 1432 1232 succedit

291 1264 455 1333 Geroldus
474 1265 624 1334 eiusdem
643 1266 787 1334 ecclesie
805 1267 999 1334 canonieus.
1032 1264 1178 1332 Thomas
1198 1263 1432 1332 canturiensis

291 1365 472 1453 episcopus
505 1371 538 1433 et
560 1370 682 1451 martyr
715 1364 757 1431 ab
779 1363 927 1432 Honorio
951 1381 1039 1451 papa
1065 1366 1179 1431 missis
1204 1363 1430 1431 cardinalibus

290 1463 472 1530 translatus
497 1469 559 1531 cst.
597 1463 783 1532 Fridericus
806 1463 1025 1530 Romanorum
1051 1481 1110 1530 rex
1137 1465 1269 1530 clectus
1292 1463 1335 1530 ab
1363 1462 1430 1530 llo-

290 1564 385 1628 nurlo
404 1581 491 1650 papa
510 1562 552 1630 ad
570 1563 800 1650 imperatorem
822 1562 926 1630 Rome
940 1561 1175 1650 'sollempniter
1200 1570 1429 1647 consecratur,

290 1659 376 1728 duee
394 1661 545 1729 Bouario
570 1661 733 1731 Ludwioo
754 1662 894 1748 aliisque
912 1661 1116 1750 principibus
1139 1668 1174 1729 ct
1198 1663 1280 1728 viris
1308 1662 1428 1730 nobili-

289 1759 594 1848 mmmm.

363 1858 536 1927 Mcoxxi.
560 1860 713 1927 Damiata
737 1861 869 1948 civitas,
896 1877 960 1946 que
978 1864 1095 1947 portus
1113 1857 1284 1947 Etbyopie
1306 1857 1429 1939 dicitur,

289 1958 390 2026 multo
408 1958 522 2026 labore
542 1966 573 2026 el
592 1961 759 2045 sanguine
777 1977 817 2026 ac
833 1957 955 2026 sudore
975 1959 1237 2026 Christianomm
1255 1959 1427 2044 acquisita,

288 2055 369 2123 heu!
388 2056 467 2124 heu!
487 2058 700 2144 exigentibus
717 2059 866 2146 peccatis
883 2057 1061 2146 hominum,
1081 2056 1193 2125 diuina
1206 2058 1427 2145 permissione

289 2156 437 2223 seductis
457 2158 490 2223 in
512 2157 677 2243 quandam
702 2157 844 2224 insulam
863 2157 1071 2246 christianin,
1097 2158 1194 2243 aquis
1222 2163 1257 2223 el
1283 2158 1425 2223 exercitu

289 2253 545 2324 Sarracenurum
564 2256 835 2345 circumvallatis,
860 2255 1056 2343 quibusdam
1082 2254 1269 2323 submersis
1288 2255 1426 2341 aliisque

289 2355 430 2443 occisis,
455 2354 586 2422 tandem
604 2356 665 2424 sub
685 2354 828 2442 quadam
857 2355 959 2423 lorma
978 2355 1251 2444 compositionis,
1277 2359 1313 2421 et
1331 2355 1424 2421 multu
1458 2345 1459 2368 ³

289 2458 402 2539 strage
424 2453 590 2522 bominum
610 2454 651 2522 ab
673 2460 812 2541 utraque
830 2460 925 2542 parte
946 2453 1049 2540 lacta,
1072 2455 1197 2521 coactis
1220 2453 1425 2540 Christianis,

288 2551 482 2620 Sarracenis
500 2571 558 2641 per
573 2571 690 2621 manus
706 2553 963 2621 Christianorum
976 2552 1105 2620 reddita
1124 2561 1185 2620 est.
1208 2553 1276 2620 Ubi
1291 2553 1424 2620 aderaut

286 2649 468 2719 Ludwicus
491 2651 558 2720 dun
577 2652 747 2742 Bouario,
771 2653 900 2720 Ulrious
916 2653 1123 2720 Patauiensis
1142 2653 1350 2741 episcopus,
1377 2652 1423 2738 qui

287 2750 407 2818 eodem
429 2769 518 2820 anno
543 2750 857 2841 transfretaverant,
893 2757 927 2820 et
953 2751 1007 2819 alii
1033 2769 1131 2837 qnam
1156 2751 1275 2838 plures
1300 2751 1422 2818 nobiles

288 2855 321 2917 et
338 2849 507 2936 ignobiles
524 2868 662 2937 quornm
685 2869 753 2918 nou
769 2857 837 2918 erat
853 2868 1008 2919 numerus
1018 2902 1027 2939 ,
1051 2852 1107 2937 qui
1122 2848 1237 2935 lugam
1261 2853 1421 2939 arripien-

287 2954 339 3016 tes
358 2950 414 3016 vix
431 2956 619 3018 evaserunt.
645 2950 774 3018 Ulrious
797 2950 1003 3018 Palavieusis
1025 2950 1204 3037 episcopus
1225 2949 1270 3015 ab
1289 2948 1421 3038 expedi-

286 3047 377 3114 tione
396 3047 531 3116 rediens
551 3051 769 3116 transmarina
784 3050 817 3116 in
836 3050 890 3117 uia
909 3049 1005 3137 obiit,
1026 3050 1079 3116 cui
1096 3047 1296 3116 Gebhardus
1317 3065 1421 3117 comes

287 3143 329 3212 de
343 3145 434 3214 Plaiu
453 3146 603 3214 eiusdem
618 3148 760 3216 ecclesie
782 3150 964 3216 canonicus
980 3147 1139 3215 succedit.

359 3245 554 3314 lllecxxiii.
574 3246 721 3338 Corpora
737 3254 926 3315 sanctorum
944 3246 1010 3314 Viti
1028 3252 1061 3314 et
1076 3245 1237 3335 Modesti,
1255 3245 1300 3313 ab
1321 3245 1420 3314 areli·

286 3344 653 3432 episcopoEberbardo
680 3354 713 3414 et
731 3346 852 3414 llarolo
875 3346 1096 3414 Seoouwensi
1121 3346 1287 3432 episcopo
1315 3347 1350 3413 in
1369 3362 1419 3412 ec-

285 3443 389 3510 clesia
408 3445 515 3512 sancti
526 3443 660 3513 Andree
678 3445 767 3532 apud
781 3445 912 3512 Latent
927 3447 1064 3513 iuventa
1081 3451 1115 3512 et
1132 3446 1167 3510 in
1181 3445 1279 3511 altari
1303 3463 1419 3512 recou-

285 3541 363 3632 dita,
380 3544 527 3631 plurimis
543 3551 703 3632 oeperunt
720 3562 899 3613 coruscare
914 3544 1089 3632 miraculis,
1102 3549 1135 3611 el
1149 3560 1268 3610 eorum
1284 3543 1415 3630 reliquie

285 3640 327 3708 ad
351 3642 829 3756 ecelesiamSalzpurgansem,
853 3643 1064 3731 presentibus
1084 3643 1287 3710 Patatiensc
1308 3642 1416 3710 etlil-

284 3757 399 3808 mense
424 3743 613 3831 episcopis,
637 3760 710 3810 cum
733 3743 919 3830 irequentia
943 3749 976 3810 ct
998 3741 1142 3830 tripudio
1160 3742 1279 3878 populi
1300 3741 1346 3809 ab
1368 3759 1414 3808 ar·

285 3837 501 3929 cbiepiscopo
519 3848 597 3910 suut
614 3841 783 3910 translate

358 3937 402 4003 Μ.
405 3941 563 4007 οοΗχκϋὶί.
582 3933 782 4008 Berbtoldirs
812 3941 1020 4008 Brixincnsis
1040 3941 1224 4026 episcopus
1244 3939 1347 4027 obiit,
1374 3937 1413 4004 cui

283 4035 435 4104 succedit
460 4037 636 4107 Heinricus
663 4036 913 4126 Aquileigensis
941 4038 1221 4125 archidyaconus.
1258 4036 1412 4126 Oppidum

283 4136 316 4201 iu
334 4135 485 4204 Landaw
503 4140 704 4206 construitur
722 4157 742 4205 a
759 4138 921 4206 Ludwieo
940 4135 1026 4207 duce
1044 4138 1208 4205 Bouario.

357 4233 540 4302 lllocuxu.
575 4235 771 4304 Cbuuradus
798 4237 977 4306 cardinalis
1013 4237 1208 4306 Porluensis
1241 4238 1411 4325 episcopus
