2888 4824
456 272 494 318 ss
515 255 616 319 rnonl
639 272 742 318 rvrnss
844 235 850 240 ¹
1090 247 1160 314 ccl

45 407 156 479 alitum
173 417 415 480 concesserunt
433 409 548 497 [12b8
567 414 631 478 oct.
652 407 728 502 18].
754 409 825 479 Rex
843 411 1009 480 civitatem
1026 412 1162 498 ingres·
1181 423 1248 480 rara

46 526 97 578 sus
115 509 219 576 statim
237 527 276 578 se
293 508 372 577 iecit
388 529 463 578 cnm
480 509 725 596 sollempnitate
744 527 810 597 qno
827 511 935 598 potuit
952 514 1117 579 coronari.

110 605 271 678 meatu.
296 605 395 680 Anno
414 607 533 676 eodem
550 608 584 675 in
602 606 690 676 sesto
707 610 816 678 sancti
833 607 947 676 Hilarii
966 609 1081 696 [1257
1100 612 1166 679 ian.

47 701 102 794 13]
120 705 249 774 electus
267 713 321 775 est
335 705 520 774 llicbardus
539 723 651 774 comes
671 705 837 774 Cornubie
855 708 890 775 in
911 725 1026 793 regern
1042 707 1166 778 lloma-
1300 736 1304 743 ·

45 820 160 870 norum.
196 805 237 873 Et
262 812 298 874 ul
323 805 365 874 ad
390 812 561 894 posteram
591 807 780 874 memoriam
811 805 1000 874 traducatur
1026 809 1167 895 qualiter

45 902 161 970 electus
179 901 241 970 init
259 909 291 970 et
310 907 365 991 qni
383 911 461 972 snnt
478 905 661 992 electores,
686 905 801 972 inutile
825 921 892 974 non
912 922 991 974 esse
1009 905 1166 975 decrevi-

44 1017 106 1068 mus
124 999 185 1069 sed
204 1010 414 1093 oportunum,
432 1004 479 1071 rei
497 1008 595 1089 geste
614 1003 734 1070 seriem
751 1004 961 1072 interserere.
986 1003 1165 1076 Interfecto

45 1115 114 1182 rege
132 1099 314 1170 Willielmo
324 1154 334 1190 ,
353 1119 451 1188 quern
468 1120 556 1190 papa
572 1101 686 1188 prefici
704 1100 783 1171 lecit
800 1121 906 1188 regno
919 1099 1114 1172 Alemannis
1131 1106 1166 1174 in

45 1195 145 1266 odium
156 1199 332 1289 Frederiei,
351 1199 393 1268 de
407 1219 473 1288 quo
493 1219 593 1288 supra
611 1217 700 1268 anno
714 1203 896 1269 m.cc.nl.vi.
914 1201 1052 1270 lecimus
1069 1221 1166 1272 men·

46 1295 176 1386 tionem,
201 1299 433 1367 aFrisonibus
460 1317 546 1387 quos
571 1317 634 1367 suo
657 1305 880 1388 proposuerat
898 1300 1079 1386 subjugare
1097 1301 1163 1371 do·

44 1395 151 1485 minio,
176 1403 320 1466 vacante
344 1398 547 1486 aliquamdiu
566 1415 690 1484 regno,
706 1399 829 1466 missus
849 1403 903 1467 est
919 1398 963 1466 ad
979 1399 1165 1487 predictum

44 1495 186 1562 comitem
207 1494 405 1566 Richardam
429 1516 472 1566 ex
494 1503 588 1586 parte
613 1496 820 1584 quorundam
837 1497 879 1566 de
898 1498 1098 1568 electoribus
1115 1499 1166 1568 vir

45 1590 155 1660 nobilis
180 1600 215 1662 et
240 1595 388 1683 pruriens
413 1595 585 1665 Jobannes
612 1593 655 1662 de
679 1589 873 1686 Atteniols¹,
892 1595 1009 1665 dicens
1028 1597 1166 1685 quodsi

44 1693 204 1776 negotium
220 1690 416 1762 Alemannis
434 1695 600 1764 voluisset
616 1711 805 1784 assumere,
831 1701 866 1762 et
882 1695 1083 1765 electoribus
1102 1715 1165 1766 su-

45 1806 95 1874 per
124 1797 247 1860 certam
279 1794 422 1881 pecunie
450 1811 610 1862 summam
642 1811 740 1880 qnam
766 1794 929 1882 petebant
958 1794 1164 1886 satisfacere,

47 1881 146 1980 [eum]
170 1891 206 1958 in
229 1909 344 1977 regem
370 1892 548 1981 eligerent,
576 1897 609 1959 et
632 1893 663 1958 ei
688 1893 774 1959 siout
791 1891 926 1960 domino
944 1894 1021 1961 totis
1038 1893 1164 1962 viribus

46 1984 240 2058 adhererent.
267 1989 369 2059 Cuius
393 1991 604 2079 persuasioni
630 2005 743 2058 comes
771 1989 869 2058 idern
887 1990 1037 2058 adhibuit
1055 1999 1089 2060 et
1105 2011 1164 2061 as-

46 2099 178 2154 sensum.
205 2089 247 2156 Et
264 2090 354 2158 misit
370 2107 443 2158 enm
462 2107 503 2158 eo
521 2091 554 2157 in
572 2087 802 2156 alemanniam
820 2088 964 2157 nobilem
982 2091 1084 2159 virum
1102 2090 1164 2160 lli-

46 2181 189 2254 clanlnm
218 2189 370 2256 comitem
396 2188 602 2256 Glaucestrie
621 2193 654 2254 ot
671 2185 840 2256 dominnm
857 2187 1044 2257 iohannem
1061 2189 1165 2258 Man·

47 2282 114 2372 sel,
131 2285 281 2354 tribuens
300 2289 349 2354 eis
367 2287 499 2375 plenam
516 2291 719 2374 potestatem
737 2287 959 2374 componendi
977 2305 1051 2356 curn
1064 2290 1165 2358 clec-

47 2381 159 2452 toribus
168 2435 178 2473 ,
197 2391 334 2473 recepta
352 2385 394 2454 de
413 2387 461 2453 eis
479 2387 657 2454 securitate
676 2384 767 2472 quod
786 2403 860 2453 eom
878 2387 1052 2472 eligerent.

109 2480 192 2551 Snnt
218 2489 328 2552 antem
355 2489 483 2572 septem
507 2485 676 2573 principes
700 2480 913 2573 Alemannis,
932 2484 975 2552 ad
994 2503 1079 2572 quos
1097 2505 1164 2574 pn·

47 2581 137 2648 testas
161 2581 311 2667 eligendi
337 2601 451 2669 regem
476 2583 665 2670 specialiter
681 2583 848 2670 pertinere
867 2581 1091 2674 dignoscitur,
1109 2587 1165 2654 vi-

46 2673 154 2746 delieet
170 2685 239 2748 tres
259 2681 480 2750 ecclesiastici
499 2687 532 2750 ot
550 2687 691 2769 quatuor
708 2681 888 2750 seculares.
907 2681 1033 2750 Primus
1052 2683 1165 2750 eccle-

47 2774 244 2848 siasticorum
269 2780 541 2869 archiepiscopus
568 2780 753 2869 Magantii,
781 2779 951 2850 secundus
976 2780 1164 2869 arehiepis-

46 2888 138 2961 copns
164 2877 321 2968 Colonia,
345 2880 463 2948 tertius
484 2879 757 2967 archiepiscopus
776 2879 934 2952 treverii.
959 2879 1085 2946 Primus
1104 2897 1165 2947 se-

48 2972 190 3044 cularium
216 2976 284 3045 dux
308 2978 467 3067 Bavarie,
494 2977 663 3046 secundus
682 2976 750 3046 dux
767 2976 933 3068 Saxonie,
956 2979 1079 3050 tercius
1096 2977 1165 3057 dua

47 3065 183 3164 austrie,
205 3081 340 3163 quartus
360 3076 504 3144 marchio
522 3075 807 3162 brandenburgie.
1177 3081 1182 3090 “

110 3173 420 3262 Pepigenrntigitur
433 3175 538 3242 nuntii
548 3173 728 3263 supradicti
739 3191 811 3242 curn
821 3175 1043 3263 prinoiplbns3
1060 3177 1166 3266 primo

50 3281 112 3336 cum
133 3271 297 3359 Magantii
322 3274 595 3363 archiepiscopo,
621 3272 662 3341 ad
681 3274 775 3341 onius
793 3275 1066 3360 preeminentiam
1084 3291 1165 3363 per·

49 3366 118 3436 tinet
141 3374 242 3458 prima
267 3391 335 3442 vox
358 3373 391 3440 in
411 3373 594 3461 electione,
614 3373 737 3458 quique
761 3377 837 3438 tune
855 3375 1014 3459 temporis
1031 3375 1165 3445 vinctus

50 3461 246 3539 detinebatur
275 3472 468 3543 incarcere
499 3471 671 3538 cuiusdam
701 3470 846 3559 potentis
876 3469 964 3537 illius
994 3471 1166 3558 provincie

50 3565 98 3646 qni
119 3584 190 3636 eom
212 3571 314 3658 poulo
339 3575 416 3636 ante
440 3570 474 3636 ln
499 3568 587 3637 bello
612 3573 762 3658 ceperat,
782 3585 855 3635 curn
872 3583 940 3654 quo
960 3585 1020 3656 pro
1040 3569 1167 3638 liberam

49 3659 126 3732 tione
144 3684 204 3735 sua
221 3687 337 3756 paoem
355 3667 481 3738 lecerat
497 3685 558 3756 pro
577 3669 723 3756 quinque
742 3666 884 3738 millibus
902 3685 1084 3736 marcarum
1103 3685 1164 3736 coa

51 3755 241 3858 leniensiurn,
259 3766 415 3836 videlicet
432 3766 523 3853 quod
537 3783 650 3834 comes
670 3766 764 3834 daret
782 3766 812 3832 ei
828 3770 904 3832 octo
921 3765 1019 3838 millia
1037 3785 1165 3836 maroa·
1241 3847 1245 3856 ¹

51 3873 109 3926 rum
125 3864 242 3956 colon,
261 3865 434 3952 dequibus
446 3867 591 3952 quinque
608 3865 708 3933 millia
723 3862 881 3934 cederent
896 3863 1093 3952 captivatori
1103 3883 1167 3955 pro

50 3952 229 4032 liberatione
252 3982 325 4055 sua,
346 3965 405 4032 tria
421 3963 520 4032 millia
538 3963 672 4032 residua
690 3961 849 4036 cederent
865 3963 981 4032 usibus
1000 3966 1168 4054 captivati.

51 4050 164 4128 Deinde
187 4065 389 4151 pepigerunt
414 4079 487 4130 cunr
512 4061 706 4130 Coloniensi
736 4078 796 4149 pro
821 4059 998 4133 duodecim
1022 4063 1165 4136 millibus

52 4167 212 4229 marcorum
231 4163 352 4248 colon,
372 4179 445 4228 curn
464 4159 549 4230 duce
567 4161 708 4236 Bovario
731 4177 792 4253 pro
811 4166 887 4234 octo
906 4165 940 4229 et
957 4161 1074 4236 decent
1092 4161 1167 4234 mil·

81 4264 104 4330 t)
120 4266 236 4327 lucanis
254 4269 334 4332 sollte
353 4285 383 4328 os
400 4267 518 4332 boissen,

909 4352 971 4406 29*
