2950 4836
252 231 321 300 508
635 257 809 304 annuamus
830 255 1014 304 nursinensis

164 414 227 468 mar
248 417 313 488 que
330 399 562 466 ministeriales
578 414 650 464 oum
666 398 826 484 episeopo
842 413 915 485 suo,
927 397 982 482 qui
997 396 1178 484 episcopus
1198 396 1288 464 lorus
1305 416 1381 464 mu-

246 517 302 568 ros
321 500 462 566 civitatis
482 515 555 564 ourn
567 496 675 564 multis
692 497 823 564 armatis
841 502 995 562 eventum
1012 496 1058 562 rei
1074 495 1239 564 sollieitus
1258 513 1381 584 exspe-

247 597 366 666 otabat.
405 597 658 683 subsequenter
684 597 771 663 oiroa
797 594 916 664 festum
948 594 1135 682 epyphanie
1167 614 1226 662 rex
1250 596 1382 663 Boemie

247 697 346 764 iillum
363 714 456 763 suum
474 697 508 762 in
524 696 706 762 Buwariam
725 713 799 762 eum
813 694 959 761 exereitu
975 693 1166 784 destinavit,
1182 696 1285 782 quiin
1299 713 1383 761 mar-

247 796 320 864 ohia
332 795 532 863 Chambensi
547 795 667 862 multas
682 795 780 862 villas
799 794 925 881 rapinis
936 799 970 860 et
981 793 1145 861 inoendiis
1162 795 1318 861 vastavit.
1331 794 1384 860 ln-

246 902 337 962 terea
352 913 441 962 mors
457 896 664 982 imperatoris
677 893 868 982 propalatur
884 891 1121 961 etChunradus
1141 911 1202 960 rex
1218 893 1262 961 ad
1277 900 1384 982 partes

246 990 1385 1080 Rebnilestinat.DominuspapainoenadominiWilbelmumeomi-

247 1101 312 1160 tem
322 1091 511 1181 Hollandie,
530 1093 729 1160 iamdudum
746 1111 765 1160 a
780 1089 979 1179 quibusdam
995 1091 1201 1180 prinoipibus
1219 1095 1255 1161 in
1266 1090 1385 1160 Roma-

246 1211 488 1279 norumregem
506 1193 657 1282 elemnm,
674 1193 784 1258 multis
796 1191 966 1278 episeopis
977 1191 1191 1279 presentibus
1203 1191 1322 1279 aputl
1325 1209 1385 1276 ug-

247 1293 369 1361 dunum
388 1293 579 1381 pontumal,
599 1298 631 1358 el
650 1293 758 1358 statim
778 1309 815 1358 se
835 1289 990 1358 transfert
1007 1289 1050 1358 ad
1068 1291 1212 1358 Ytaliam
1233 1291 1277 1359 de
1295 1290 1385 1376 Lug-

247 1393 357 1481 duno,
382 1391 465 1458 ubi
456 1409 519 1458 ram
539 1390 607 1459 lere
627 1397 704 1458 ooto
724 1391 819 1458 arinis
839 1391 997 1458 oontinuo
1022 1389 1147 1458 seeerat
1165 1391 1385 1457 mansionem.

248 1491 425 1559 Castrum
415 1510 449 1558 m
468 1490 643 1579 Teispaob,
658 1508 678 1557 a
695 1489 856 1557 Ludwroo
875 1488 960 1556 duee
975 1495 1075 1557 noete
1094 1509 1153 1578 per
1169 1489 1316 1558 insidias
1329 1506 1386 1577 pro

246 1597 358 1679 parteo
369 1598 478 1678 aptum
490 1597 524 1656 et
536 1607 597 1676 pro
611 1596 705 1676 parte
722 1589 909 1678 obsessum,
921 1587 1107 1678 destruitur,
1119 1596 1152 1656 et
1167 1588 1303 1656 iossata
1320 1591 1387 1656 eius

246 1689 436 1756 mirabiliter
447 1687 818 1777 loreiaeomplanantur.
829 1687 870 1754 Et
887 1687 1163 1755 exhooBauaria
1177 1689 1212 1755 in
1230 1707 1273 1756 ea
1284 1694 1388 1756 estote

246 1808 306 1876 pro
325 1807 446 1874 magna
463 1795 556 1876 parte
583 1787 746 1856 inoendiis
765 1787 902 1876 llagrat,
925 1787 1082 1854 Bohemis
1108 1795 1241 1875 partem
1259 1785 1388 1855 Alberti

246 1887 502 1976 Ratisponensis
526 1888 676 1976 episeopi
695 1886 893 1954 adiuvantes
912 1893 1027 1954 eontra
1045 1885 1157 1954 duees.
1187 1886 1389 1954 Chunradus

248 1995 357 2056 tamen
385 1985 531 2054 infesto
557 1987 786 2074 apostolorum
813 1986 898 2053 Petri
923 1991 956 2052 et
981 1985 1071 2053 Pauli
1098 1982 1185 2075 [iuni
1216 1983 1285 2077 29]
1316 2004 1387 2053 eum

248 2085 371 2155 Ottone
398 2085 482 2154 duee
518 2085 663 2153 Chambe
695 2087 803 2173 renit3
836 2102 920 2171 quos
953 2103 1012 2152 rex
1037 2085 1240 2153 Boemorum
1272 2084 1388 2154 videre

247 2187 455 2274 oontempsit.
491 2183 570 2254 Otto
601 2185 668 2252 dux
691 2192 833 2252 oaslrum
861 2189 893 2251 et
917 2183 1072 2272 oppidum
1098 2186 1132 2252 in
1156 2184 1389 2271 Dingolvinge

249 2292 443 2353 construere
470 2287 566 2372 oepit.
602 2284 729 2352 Eodem
752 2301 840 2351 anuo
861 2282 1057 2351 Chunradus
1075 2303 1134 2352 rex
1150 2286 1184 2351 in
1204 2291 1389 2372 autumpno

246 2381 518 2473 intratApuliam‚
532 2390 564 2450 et
577 2383 698 2451 ibidem
713 2383 781 2450 iere
799 2387 901 2451 totum
916 2390 1243 2472 regnumpaternum
1263 2391 1390 2472 poten-

248 2491 297 2552 ter
314 2482 479 2572 possedit
498 2483 632 2550 domino
651 2484 848 2551 lnnooontio
873 2500 961 2570 papa
988 2487 1067 2550 tuno
1085 2484 1214 2550 Perusii
1234 2501 1390 2551 eommo-

246 2588 338 2651 rante
357 2600 420 2650 neo
439 2582 614 2670 probibere
633 2583 779 2650 r alente
807 2581 1005 2648 Wilhelmus
1025 2601 1083 2651 rex
1100 2581 1326 2651 Romanorum
1346 2581 1387 2649 de

248 2683 416 2752 eomitissa
436 2681 588 2749 Flandrie
607 2681 757 2767 gloriose
776 2681 961 2769 triumphat

320 2781 469 2848 Mffloolii.
495 2781 636 2848 Domina
655 2781 837 2868 Elysabetb
862 2780 927 2847 ilia
953 2776 1085 2846 Ottonis
1114 2777 1208 2845 dueis
1228 2778 1387 2846 Bawarie
1461 2815 1462 2836 r

247 2881 363 2965 genuit
386 2880 562 2949 Chunrado
590 2880 788 2965 regibilem
824 2881 857 2947 in
888 2878 941 2948 die
969 2879 1232 2945 annuntiationis
1271 2884 1389 2945 sanole

247 2979 362 3065 Mario,
382 2985 415 3046 et
431 2985 569 3047 roeatus
591 2986 643 3046 est
661 2978 866 3047 Cbonradus

321 3077 483 3144 Maeliii.
503 3076 581 3145 Otto
600 3078 826 3146 duxBawarie
845 3096 964 3148 novam
984 3082 1151 3144 monetam
1168 3077 1202 3142 in
1220 3075 1390 3143 Lantsbiit

248 3173 399 3243 labrieari
418 3179 514 3244 iussit
529 3179 614 3244 eirea
633 3179 766 3244 inioium
786 3179 917 3265 messis,
933 3175 1095 3243 mandans
1113 3176 1208 3263 ipsos
1228 3175 1388 3242 denarios

248 3281 282 3342 et
299 3292 367 3342 non
386 3276 470 3343 alios
489 3278 589 3364 recipi
607 3279 640 3344 in
659 3283 728 3344 toto
748 3294 810 3344 suo
826 3276 986 3344 distriotu.
1020 3274 1061 3342 Er
1078 3277 1248 3341 exereitus
1268 3292 1388 3342 versus

247 3371 412 3442 Austriam
433 3394 592 3463 monem,
620 3377 653 3442 in
679 3377 753 3463 ipsu
772 3375 986 3463 expeditione
1006 3373 1062 3441 dlii
1081 3375 1132 3440 sui
1150 3373 1340 3442 Ludwious
1359 3380 1389 3440 et

247 3472 422 3542 Heinrious
441 3475 525 3542 inira
543 3482 694 3542 octavam
715 3475 923 3543 Tbebeorum
949 3470 1051 3563 [sept.
1072 3470 1136 3564 22]
1164 3480 1246 3560 aput
1265 3470 1388 3558 Oeling

247 3574 440 3642 militaribus
459 3574 580 3660 gladiis
606 3580 682 3640 sunt
706 3575 854 3641 aooinoii.
893 3573 1020 3640 Volens
1046 3573 1160 3658 itaque
1180 3590 1256 3639 eum
1284 3571 1387 3640 Hein-

248 3673 315 3739 rioo
335 3673 401 3740 idio
428 3692 491 3741 suo
518 3691 691 3742 oceurrere
718 3674 797 3740 Belo
824 3675 895 3759 regi
920 3672 1085 3764 ngarie,
1113 3672 1169 3758 qui
1197 3678 1279 3738 tuno
1303 3674 1387 3738 siout

247 3773 346 3858 priori
365 3789 453 3839 anno
481 3791 554 3840 ounr
573 3771 685 3851 valido
711 3774 860 3840 exoroitu
880 3771 1098 3838 Cumanorum
1125 3776 1157 3836 et
1176 3769 1386 3856 Ungarorum

247 3865 410 3936 Austriam
431 3878 464 3938 et
481 3871 663 3939 Moraviam
681 3871 900 3960 intraverut‚a
918 3869 1155 3937 munitionibus
1175 3876 1209 3935 et
1228 3869 1382 3937 militibus

248 3969 429 4054 superioris
453 3968 585 4038 Austrie
618 3970 818 4057 prepeditur.
860 3970 942 4037 Nam
976 3970 1074 4056 priori
1108 3985 1197 4036 anno
1231 3968 1385 4036 dominus

247 4067 423 4134 Premizzel
444 4070 550 4154 quiet
571 4067 714 4157 Otalrdr,
743 4069 828 4137 filius
848 4069 1043 4137 Wenzezlui
1067 4068 1157 4153 regis
1176 4067 1384 4154 Boemorum

246 4163 414 4236 Ariseriam
443 4173 476 4232 et
495 4167 636 4253 styriam
664 4168 727 4234 sibi
752 4168 957 4256 adtraxerat,
990 4166 1089 4234 duola
1114 4168 1146 4233 in
1165 4185 1305 4236 uxorem
1324 4166 1386 4234 do-

251 4265 337 4330 mina
356 4263 549 4350 Margareta
567 4267 679 4332 relicta
697 4265 840 4335 Heinrioi
859 4265 1028 4354 quondam
1047 4267 1135 4352 regis
1153 4265 1384 4352 Romanorum,
