2878 4834
415 249 608 298 ennrsrrrrus
630 251 822 300 accuremus
1113 226 1181 296 261

57 387 211 456 intestina
236 405 300 457 sua
316 386 349 455 irr
368 388 516 458 cloacam
534 390 647 480 eiecit,
667 395 701 458 ει
717 391 859 458 animam
878 391 1108 461 miserabiliter
1125 411 1187 462 err-

56 487 192 574 balavit;
211 488 296 556 alius
314 505 470 556 manuum
489 484 622 558 suarum
633 488 758 576 digitos
769 491 965 558 articulatim
975 490 1185 582 abmordenS‚

57 593 85 654 ct
98 585 140 654 de
151 604 211 655 ore
225 603 408 677 exspuens,
421 586 613 657 deformatis
628 588 793 678 manibus,
804 590 1058 678 quasiseipsum
1079 590 1187 661 devo-

55 703 140 774 rans,
154 687 329 774 expiravit.
347 683 375 752 Ο
391 685 474 754 deus
491 687 663 777 ultionum,
682 686 814 755 domine
831 687 916 758 daus
933 689 1105 779 ultionum,
1121 689 1187 760 lroc

56 790 102 852 εει
115 785 242 852 iustum
259 802 420 852 exercens
436 784 603 875 iudicium,
614 791 647 854 et
658 786 752 854 inhis
769 787 1001 856 omnibusnoa
1018 794 1072 856 est
1088 807 1186 857 avor-

55 901 108 950 sus
126 881 220 953 suror
238 885 329 974 eius,
355 883 417 952 scd
441 883 550 952 adbuc
567 902 685 953 manus
704 886 778 954 eius
797 892 942 955 extenta.
967 885 1090 955 Audita
1108 893 1188 956 sunt

55 983 110 1050 beo
135 982 172 1050 irr
200 988 286 1050 terra
311 989 428 1052 nostra
453 989 488 1051 ει
513 983 599 1052 lama
622 983 743 1052 celebri
768 983 957 1074 divulgata,
976 1003 1039 1053 nec
1057 1005 1077 1053 a
1095 1005 1187 1074 quo-

55 1099 148 1167 quam
166 1081 260 1150 aliud
278 1081 463 1172 dicabatur,
483 1101 596 1170 quam:
614 1083 814 1152 Benedictus
837 1085 1001 1168 dminus,
1019 1087 1073 1169 qut
1086 1101 1185 1152 ococ-

53 1179 166 1248 rcbtlis
193 1181 341 1249 Hctnrtci
363 1183 448 1249 inste
474 1182 631 1250 martam
651 1183 836 1250 medicavit.
863 1182 919 1251 Sic
936 1184 992 1250 isti
1010 1182 1083 1252 dias
1102 1202 1184 1252 suos
1278 1197 1281 1203 ·

53 1281 254 1348 clauserunt.

122 1377 308 1448 Crescebat
325 1380 486 1448 antemio
503 1380 623 1448 malum
640 1379 871 1450 vehementius
889 1379 1001 1449 odium
1019 1386 1053 1448 at
1069 1399 1186 1468 pugna

53 1477 171 1545 civium
197 1479 430 1568 predictorum.
468 1480 536 1548 lam
561 1479 791 1548 conducuntur
808 1479 851 1548 da
869 1479 949 1550 toris
969 1480 1184 1548 auxiliatores

54 1576 170 1646 milites
198 1577 239 1646 ab
265 1584 404 1666 utraque
430 1585 544 1669 parte,
569 1580 763 1667 pervenitur
779 1581 844 1647 iam
862 1578 905 1648 ad
923 1580 1075 1647 maiores.
1102 1578 1185 1646 Nam

54 1674 186 1762 quidam
212 1679 351 1746 comites
378 1677 656 1765 promissionibus
681 1680 812 1746 attracti
838 1678 915 1746 huic
939 1677 1045 1765 prelio
1065 1695 1103 1744 se
1121 1679 1185 1747 im-

54 1777 265 1844 miscuerunt.
298 1777 473 1844 Tractatur
496 1777 537 1844 ab
563 1782 703 1864 utraque
729 1783 823 1865 parte
850 1776 893 1846 dc
918 1776 1103 1864 sumptibus
1122 1794 1184 1845 ac-

54 1875 240 1962 quirendis3
259 1881 294 1943 et
316 1893 394 1963 pars
413 1895 511 1963 qrram
535 1875 671 1944 fovebat
687 1873 856 1944 Arnoldas
881 1874 1071 1944 festinatum
1096 1892 1184 1943 con-

55 1976 158 2042 silium
185 1976 402 2064 invenerunt,
428 1981 470 2046 et¹
486 1981 522 2042 ut
547 1981 660 2044 mutuo
687 1976 876 2063 acciperent
900 1973 1105 2042 deecclesia
1124 1992 1183 2042 or-

55 2080 130 2141 natu
155 2079 322 2142 secretum
339 2073 486 2142 habuere
504 2079 687 2142 tractatum.
717 2073 791 2142 lam
808 2074 983 2159 integritas
1001 2073 1108 2160 ipsius
1127 2090 1183 2140 or·

55 2178 148 2240 natus
167 2173 202 2240 irr
220 2180 313 2260 parta
331 2179 382 2241 est
399 2191 468 2240 narr
486 2173 616 2241 modica
633 2173 816 2241 vulnerata.
851 2169 879 2240 Ο
899 2171 1086 2240 cardinales
1104 2188 1183 2238 car-

55 2271 193 2361 pinales‚
211 2287 328 2359 pacem
346 2271 389 2340 dc
408 2278 493 2340 terra
511 2273 699 2360 accepistis
719 2277 753 2340 et
765 2277 802 2339 ut
814 2271 966 2340 homines
986 2289 1023 2339 sc
1042 2271 1183 2338 invicem

56 2371 267 2459 interficiant,
293 2388 357 2438 vos
377 2370 515 2439 lecistis.
549 2369 780 2458 Quodcunque
805 2371 880 2438 mali
898 2371 1069 2459 provenit,
1095 2387 1183 2456 qua-

58 2487 186 2557 cunque
212 2467 331 2538 luerint
363 2469 541 2538 homicidia
568 2475 775 2559 perpetrata,
803 2475 918 2538 vestra
944 2475 998 2538 est
1020 2470 1055 2536 in
1080 2486 1184 2536 causa

56 2569 275 2657 perversitas,
298 2573 410 2636 vestra
437 2575 490 2636 εει
515 2569 672 2655 iniquitas
704 2574 857 2657 oparata,
885 2573 921 2636 ut
945 2568 1059 2636 veniat
1084 2584 1184 2654 super
1294 2650 1298 2655 .

56 2685 114 2735 vos
142 2668 249 2736 omnis
275 2669 414 2754 sanguis
442 2668 498 2754 qai
522 2666 650 2736 allusus
676 2673 730 2735 est
754 2673 787 2735 et
805 2666 965 2754 deinceps
985 2665 1182 2734 attundetur.

56 2766 138 2834 llcce
162 2767 198 2834 in
222 2767 312 2834 omni
335 2771 421 2834 terra
443 2783 510 2834 non
536 2773 588 2836 est
614 2766 670 2853 qui
693 2766 769 2834 huic
792 2766 879 2834 malo
904 2766 985 2833 velit
1009 2782 1182 2834 occurrero

57 2864 94 2931 ad
112 2863 315 2954 sedandum,
342 2864 404 2932 scd
431 2866 551 2934 crescit
575 2870 609 2932 at
626 2865 819 2932 intumescit
835 2883 923 2933 mara
940 2862 1031 2932 istud
1048 2864 1183 2951 plenum

58 2962 257 3032 trementium
281 2964 477 3054 bestiarum,
503 2965 613 3032 ventis
638 2963 829 3032 albentibus
847 2965 961 3051 utique
980 2981 1023 3032 cx
1040 2961 1181 3030 insarno.

13 3111 17 3122 .
123 3064 191 3131 lam
218 3081 257 3130 εε
284 3063 446 3130 immiscet
463 3061 642 3132 Arnoldus.
669 3060 733 3143 Qui
751 3079 825 3130 cum
844 3067 937 3130 esset
955 3062 1182 3150 archiepisco·

57 3179 114 3246 pus
137 3161 202 3230 loci
210 3177 228 3252 ‚·
252 3160 400 3230 lautores
427 3162 586 3249 plurimos
612 3162 790 3248 acquisivit
815 3163 848 3230 in
878 3163 1009 3250 proprio
1037 3162 1181 3230 civitatis

57 3259 215 3328 interitum
240 3265 274 3328 ει
297 3261 473 3350 iacturam,
498 3260 617 3329 nolens
642 3277 795 3351 parcere,
819 3267 855 3328 ut
873 3260 1006 3348 quidam
1025 3262 1054 3327 ci
1072 3261 1181 3348 impo-

59 3359 195 3448 nebant,
221 3377 287 3428 nac
312 3361 407 3428 sexui
434 3377 498 3428 nec
523 3359 614 3428 etati.
641 3359 778 3448 Propter
802 3359 893 3446 quod
912 3359 1086 3426 consilium
1103 3375 1180 3446 pars

61 3455 195 3526 advorsa
218 3464 256 3524 ut
278 3459 313 3526 in
338 3463 476 3528 mortem
503 3459 554 3526 sui
573 3457 696 3527 domini
714 3464 935 3541 armarentur,
952 3459 1032 3524 iniit.
1058 3457 1179 3542 Longo

62 3571 135 3641 ergo
153 3563 186 3625 et
204 3557 432 3624 secretissimo
450 3557 564 3626 habito
584 3561 733 3648 tractatu,
754 3559 787 3624 in
805 3557 978 3645 proposito
998 3555 1125 3624 scolere
1141 3573 1179 3622 se

60 3652 189 3723 invicem
217 3655 453 3745 adhortanteS,
486 3674 523 3724 sc
551 3656 709 3724 roborant
737 3661 770 3723 et
794 3657 983 3743 coniurant,
1010 3659 1122 3722 tacent
1148 3660 1181 3722 et

61 3751 263 3823 abscondunt
281 3753 437 3842 quicquid
455 3773 514 3842 pro
534 3773 595 3822 sua
614 3756 657 3822 sit
675 3754 798 3822 malitia
816 3752 1084 3842 perpetrandum.
1113 3752 1179 3822 Sed

62 3851 132 3920 nibil
149 3859 298 3943 opertum
319 3853 407 3940 quod
426 3871 493 3921 non
512 3855 686 3922 revelatur.
713 3855 774 3922 Par
791 3853 903 3942 pluras
923 3854 1009 3922 anim
1028 3851 1180 3920 admoni-

64 3953 109 4016 tus
126 3951 292 4022 Arnoldus
313 3959 365 4021 cst
381 3954 604 4042 premonitus,
623 3959 659 4020 ut
678 3970 715 4020 se
735 3954 864 4020 cautius
884 3952 1090 4021 observaret.
1117 3951 1180 4031 Qui

62 4045 151 4117 iartur
176 4053 246 4120 suis
274 4051 491 4120 monitoribus
516 4050 754 4140 respondisse:
780 4053 889 4118 Canes
912 4051 1180 4138 anoottncnecs

63 4149 200 4218 mordere
218 4169 284 4219 non
298 4155 436 4235 norant,
451 4167 511 4218 acc
528 4151 656 4236 cttqctd
675 4150 786 4218 colent
802 4169 901 4235 pacm
919 4149 1096 4218 latratibus
1120 4149 1179 4214 dc-

62 4247 196 4328 tenecc;
221 4269 245 4318 o
266 4251 366 4318 corde
390 4249 580 4320 corenttbns
604 4252 792 4318 timcantur.
819 4249 1049 4336 llratquidam
1075 4247 1179 4314 obbas
