2884 4834
451 267 580 314 annuens
603 267 767 314 suracusas.
1105 239 1174 306 155

14 389 15 424 ἦ
111 404 393 474 ,lnnornoueiiii
407 407 698 494 postnutivitutenu
716 404 840 472 donnini
859 403 1012 475 dominus
1031 403 1168 473 Richar-
1190 411 1256 466 luen

51 506 101 572 dus
125 524 182 574 rex
208 503 351 594 Anglie,
371 505 456 572 datis
476 506 667 592 imperatori
685 503 841 572 Heinrico
859 509 990 572 centurn
1013 511 1046 572 et
1073 506 1172 592 quin·

52 606 197 691 quaginta
216 603 348 672 rnilibus
367 621 568 692 marearum,
594 602 771 671 absolutus
789 609 841 670 εει
860 605 1081 692 acaptivitate
1100 621 1171 692 sua,

52 708 166 789 etpost
183 702 428 771 absolutionem
447 719 541 770 suain
559 703 708 790 suscepit
732 719 871 788 regnum
897 719 992 769 suum
1019 701 1061 772 ab
1084 703 1171 791 ipso,

52 808 77 869 et
92 800 168 868 iecit
184 803 215 868 ei
233 801 432 888 homagium.

111 898 208 968 Anno
235 902 415 968 rn.c.xo.vii.
442 897 530 967 iacta
557 905 610 967 est
635 899 806 988 expeditio
833 900 1084 988 peregrinorum
1110 899 1173 967 sub

50 1017 124 1086 papa
142 997 313 1066 Celestino
332 1005 367 1068 ει
382 1000 578 1087 imperatore
596 995 753 1066 Heinrico
779 1000 867 1064 circa
884 999 1091 1067 nativitatem
1108 998 1172 1067 do-

50 1097 123 1163 nini.
161 1096 289 1165 Eodem
306 1115 395 1166 auno
414 1097 503 1166 iacta
529 1103 581 1165 est
600 1103 693 1164 tanta
710 1096 816 1165 sames
835 1095 926 1184 quod
944 1099 1037 1164 nurdti
1054 1099 1172 1165 mortui

50 1201 130 1285 sunt,
157 1195 289 1264 modius
316 1199 402 1266 eninr
421 1197 563 1282 siliginis
588 1197 693 1264 valuit
710 1201 787 1264 octo
805 1213 880 1264 unc.
899 1194 973 1263 don.
991 1203 1025 1264 et
1042 1195 1172 1266 modius

49 1296 129 1361 tritici
147 1313 207 1383 pro
226 1313 349 1363 novern
366 1313 441 1363 uno.
457 1294 675 1364 vendebatur.

113 1391 210 1461 Anno
237 1393 360 1462 donnini
385 1395 541 1462 incaviii.
569 1391 744 1463 undecimo
771 1394 835 1462 kal.
862 1391 930 1461 iulii
962 1393 1095 1460 occisus
1121 1397 1174 1460 est

52 1510 98 1559 rex
114 1492 284 1581 Philippus
309 1492 396 1581 apud
416 1492 615 1578 Bobenberg
639 1512 659 1560 a
681 1494 886 1580 nequissimo
905 1489 1029 1560 Ottone
1053 1493 1173 1559 cornito

52 1591 184 1678 palatino
211 1589 254 1659 de
274 1591 571 1678 Witelingesbaoh.
598 1590 724 1659 Eodenr
747 1609 836 1659 anno
861 1591 1025 1658 communi
1049 1590 1174 1678 princi-

50 1708 114 1776 pun
131 1689 316 1759 accedente
342 1691 485 1760 consilio
513 1696 547 1757 ει
570 1707 741 1760 consensu
765 1691 893 1759 electus
918 1695 971 1757 εει
988 1686 1067 1757 Otto
1087 1690 1173 1756 eirea

50 1787 156 1856 lostam
176 1792 284 1856 sanati
302 1789 436 1857 Martini
455 1788 544 1877 apud
563 1790 803 1857 Vrankenvort.

111 1886 209 1956 aluno
229 1887 353 1956 domini
371 1889 518 1956 unoculi.
544 1887 630 1956 iacta
650 1895 702 1956 est
719 1906 841 1974 magna
865 1886 1088 1978 peregrinatio
1107 1890 1171 1951 tarn

51 1985 257 2054 nasouloruni
272 2005 370 2074 quarn
386 1987 579 2076 puellarum,
603 1993 668 2054 tarn
687 2004 804 2055 senum
821 1991 1100 2075 parmidonum,
1120 1989 1173 2050 set

49 2091 161 2152 tanturn
180 2085 223 2153 de
240 2086 341 2174 plebe
359 2087 415 2154 viii
433 2086 496 2154 kal.
515 2088 661 2172 augusti.

109 2183 208 2254 Anno
243 2183 367 2254 domini
400 2202 555 2254 anconv.
588 2191 769 2253 coronatus
806 2189 858 2250 est
893 2201 951 2250 rex
986 2179 1172 2250 Friderious

48 2277 248 2368 lqnisgrani.
284 2283 408 2352 Eodem
433 2301 521 2352 anno
540 2283 742 2352 celebratura
760 2281 821 2352 iuit
837 2283 1013 2350 concilium
1031 2279 1135 2348 Romo
1153 2297 1174 2346 a

50 2397 124 2468 papa
142 2382 325 2450 innocente
345 2383 446 2450 tercio
455 2435 465 2472 ,
491 2389 525 2451 et
543 2381 756 2451 confirmatus
775 2388 828 2450 εει
854 2398 912 2450 rex
937 2379 1122 2448 Fridericus
1140 2379 1173 2444 in

50 2496 144 2565 regno
162 2479 323 2550 Rornano.

10 2585 11 2638 3
110 2576 207 2648 Anno
226 2579 350 2648 donini
367 2580 569 2648 naconviiii.
598 2577 664 2646 iilia
691 2580 782 2666 regis
800 2575 941 2666 Philippi
968 2573 1088 2644 tradita
1115 2573 1174 2642 luit

10 2663 12 2714 t
48 2680 151 2764 nuptui
171 2679 244 2765 regi
261 2678 434 2768 Hyspanie
454 2685 487 2746 et
504 2677 666 2746 traducta.
693 2676 819 2746 Eodem
845 2677 948 2744 eoiam
968 2691 1057 2742 anno
1076 2677 1174 2762 capta

49 2773 100 2842 luit
119 2779 266 2844 damiata
284 2796 303 2844 a
322 2777 516 2846 Christianis
534 2795 612 2845 non.
631 2775 820 2844 novembris
841 2769 935 2864 [nov.
956 2769 1005 2864 5].

10 2903 11 2908 ’
113 2874 210 2944 Anno
230 2876 353 2945 domiui
379 2894 527 2945 naconx.
546 2875 722 2943 Heinricus
742 2873 810 2942 dux
828 2871 967 2961 Svevie,
999 2869 1086 2937 lulius
1104 2867 1174 2936 Fri-

51 2969 139 3040 derioi
156 2975 246 3061 regis
256 3028 266 3064 ,
285 2976 474 3044 nominatus
493 2973 554 3042 luit
571 2975 605 3041 in
623 2991 736 3060 rogem
754 2971 842 3062 apud
860 2970 1100 3038 Vrankenvort.

114 3071 211 3141 Anno
230 3073 355 3142 domini
374 3075 542 3142 rn.oc.xx.i.
568 3073 698 3162 perdita
723 3069 783 3139 luit
800 3069 989 3138 Damiataa
1012 3066 1173 3135 Christia-

50 3171 94 3238 nis
110 3172 142 3238 in
160 3174 382 3260 conceptione
399 3167 410 3208 ¹
428 3171 593 3240 Johannis
613 3171 765 3260 baptiste.

112 3268 210 3339 Anno
230 3271 353 3340 donnini
370 3271 552 3338 m.co.xx.ii.
578 3287 693 3339 rnense
713 3269 799 3337 maio
819 3269 947 3337 electus
970 3273 1022 3336 est
1041 3274 1074 3336 ot
1091 3285 1175 3334 con-

53 3375 190 3438 secratus
209 3387 269 3438 rex
285 3369 460 3438 Heinrious
479 3365 682 3458 liquisgrani
701 3367 811 3437 adhuc
828 3385 919 3455 puer.

113 3477 210 3548 Anno
229 3499 306 3548 xxv.
325 3481 490 3548 contraxit
516 3497 590 3548 oum
618 3479 684 3546 filia
711 3477 806 3547 ducis
824 3477 957 3546 Austrie
985 3474 1072 3564 apud
1100 3461 1174 3542 Ni‘-

53 3575 200 3668 rcnberg,
227 3579 283 3648 ubi
307 3581 398 3660 multi
425 3579 578 3668 oppressi
603 3578 804 3646 interierunt.
848 3575 973 3644 Eodem
1001 3591 1090 3642 anno
1121 3575 1174 3640 vii.

52 3673 114 3743 idus
132 3677 321 3746 novembris
342 3673 436 3768 [nov.
458 3674 496 3768 7]
526 3677 658 3746 occisus
686 3683 739 3744 εει
757 3675 973 3762 Engilbertus
993 3671 1175 3741 Colonien-

53 3773 91 3840 sis
108 3777 390 3866 archiepiscopus.

112 3883 209 3958 Anno
227 3907 338 3958 xxxv.
363 3887 396 3954 in
420 3886 508 3956 iusto
527 3887 615 3956 beati
633 3885 732 3956 Ulrioi
761 3881 835 3976 [iuli
851 3880 893 3974 l]
912 3883 1004 3952 venit
1029 3883 1174 3970 impera-

55 3987 94 4048 tor
109 3985 291 4069 eriderious
318 3986 539 4054 Wormaoiam
562 3985 618 4053 ubi
638 3985 819 4072 captivavit
850 3981 950 4050 filiurn
986 3979 1175 4050 Heinricunr

55 4099 162 4167 regern

82 4277 105 4338 l)
123 4273 323 4329 decollatione?
