2950 4836
407 277 598 322 uaeaaaanus
617 275 803 322 turinensis.
1106 246 1170 312 bid

112 413 214 483 Anno
241 414 365 484 domini
389 415 555 482 moenai.
582 415 670 484 xviii.
693 413 757 481 kal.
783 417 916 500 augusti
943 419 1092 482 mortuus
1120 419 1255 480 estlear

34 514 206 585 Rudolius
220 513 442 582 Romanorum
459 531 526 581 rex.
552 514 594 581 Et
612 513 763 600 sepultus
779 521 831 582 est
845 516 878 582 in
900 513 1031 603 Spirea,
1051 530 1175 598 regna-

33 617 155 702 vitque
174 615 271 682 annis
290 613 527 701 septemdecim
544 614 579 680 in
596 610 804 701 Alamannia,
825 619 858 682 et
875 613 1018 680 Ytaiiam
1036 629 1104 678 non
1122 613 1176 678 in-

35 716 147 783 travit.
183 714 388 800 Postquam
421 711 503 780 inira
532 717 662 799 tempus
689 730 750 780 sex
774 714 938 780 mensium
968 712 1096 779 electus
1124 715 1175 777 est

33 812 186 881 Adoilus
220 829 332 880 eomes
356 811 398 880 de
424 811 590 880 Nassovve
613 812 648 878 in
676 810 896 880 Romanorum
924 829 1055 901 regem,
1080 809 1174 876 miles

36 913 180 980 maltum
199 918 364 978 strenuus

114 1009 181 1091 Qui
198 1028 285 1078 anno
307 1010 430 1077 domini
453 1009 654 1078 m.cc.xe.iiii.
675 1015 777 1078 terras
799 1010 955 1094 Turingie
974 1014 1007 1076 et
1021 1007 1176 1076 Miobsen

34 1110 244 1178 rebellantes
269 1109 332 1176 sibi
355 1111 504 1199 intravit,
537 1115 570 1176 at
598 1107 730 1176 duobus
761 1109 858 1176 annis
888 1127 1026 1176 manens
1053 1106 1176 1174 ibidem

36 1213 250 1298 expugnavit
280 1207 433 1299 easdem,
463 1214 496 1276 et
519 1214 663 1296 nepotes
690 1208 767 1275 olim
792 1206 946 1276 Friderici
967 1207 1174 1294 imperatoris

35 1310 269 1396 persecutoris
285 1307 439 1398 ecclesie,
455 1309 511 1394 qui
527 1306 663 1374 casdem
679 1313 781 1374 terras
800 1310 1056 1396 occupaverant,
1076 1307 1175 1373 eiecit

34 1410 175 1496 penitus
197 1407 238 1474 ab
260 1405 396 1474 eisdem.
428 1407 607 1493 Postquam
635 1407 722 1474 enim
748 1407 912 1473 civitatem
938 1407 971 1472 in
997 1404 1175 1472 Freibereb

36 1507 263 1596 obtinuisset,
292 1513 435 1574 castrum
456 1505 545 1592 quod
567 1507 601 1572 in
624 1505 741 1572 eadem
760 1507 892 1572 civitate
913 1506 1019 1572 extitit
1040 1503 1175 1572 sublodi

35 1607 187 1674 latenter
207 1606 365 1694 pracepit.
391 1605 431 1672 Et
453 1605 670 1690 congregatis
696 1603 818 1672 ibidem
846 1605 1025 1672 maioribus
1049 1602 1175 1670 adver-

39 1707 144 1774 sariis
162 1707 251 1791 regis
270 1711 302 1772 ct
318 1703 508 1773 lortioribus
518 1757 527 1792 ,
546 1705 627 1770 muri
643 1703 793 1772 eiusdem
809 1711 1011 1772 corruerunt.
1037 1702 1175 1770 Etidem

35 1824 100 1872 ren
123 1823 198 1872 cum
217 1805 288 1872 suis
310 1802 449 1870 eandem
470 1805 595 1870 ruinam
614 1805 805 1891 prescienS,
825 1802 935 1870 subito
951 1804 1076 1888 impetu
1099 1819 1174 1870 om-

36 1923 104 1972 nes
134 1905 246 1991 quiin
268 1908 375 1970 castro
404 1901 533 1970 fuerant
556 1904 745 1990 captivavit.
777 1902 865 1969 Inter
888 1919 974 1987 quos
999 1902 1174 1985 sexaginta

35 2006 152 2093 viros,
172 2005 228 2090 qui
254 2003 360 2087 magis
384 2009 547 2070 nocentes
567 2001 715 2088 luerunt,
733 2002 938 2088 proscriptos
960 2004 1059 2067 antea
1087 1999 1174 2066 sicut

38 2103 162 2171 hostes
188 2103 332 2190 imperii,
359 2101 393 2168 in
419 2101 603 2169 continenti
627 2099 809 2188 decapitari
834 2100 999 2190 precepit,
1027 2098 1099 2166 aliis
1132 2097 1175 2164 ad

37 2203 244 2290 peticionem
268 2217 401 2268 suorum
421 2199 580 2268 nobilium
599 2217 658 2287 pro
687 2208 834 2287 tempore
857 2198 1049 2268 reservatis.
1076 2195 1175 2276 Quod

40 2301 168 2370 sactum
186 2300 271 2368 adeo
285 2299 414 2367 incolas
430 2304 514 2366 terre
531 2300 663 2387 terruit,
683 2299 771 2386 quod
790 2299 901 2386 plures
923 2315 1037 2364 eorum
1052 2294 1175 2363 desar-

39 2403 84 2468 tis
102 2402 223 2469 castris
241 2398 426 2487 lugierunt,
447 2405 480 2466 et
496 2400 570 2486 ipse
591 2397 734 2466 marchio
752 2397 973 2485 blensensis,
994 2397 1045 2464 oui
1066 2393 1175 2462 adhuc

41 2501 163 2568 civitas
189 2505 221 2567 et
247 2502 390 2566 castrum
411 2499 446 2564 in
466 2497 619 2564 Miobsen
645 2514 717 2565 cum
736 2498 852 2585 paucis
871 2496 1018 2564 castellis
1039 2512 1175 2562 reman-

41 2605 151 2690 serat,
178 2616 215 2666 se
235 2597 341 2686 ipsius
366 2597 458 2682 rogis
482 2597 586 2682 gratie
609 2595 772 2684 subdidit,
799 2602 835 2663 ut
861 2613 920 2662 rex
939 2595 1004 2661 illis
1024 2599 1176 2680 parceret

40 2715 130 2785 quos
157 2697 199 2766 de
219 2695 435 2764 servitoribus
459 2697 530 2764 suis
553 2696 586 2762 in
609 2696 679 2762 suis
704 2695 847 2763 vinculis
870 2693 1048 2762 detinebat.
1077 2689 1175 2771 Quod

40 2803 75 2864 et
92 2797 217 2864 sactum
237 2800 307 2884 est,
327 2795 422 2862 etsie
437 2813 502 2882 pan
519 2793 627 2862 eidem
645 2799 729 2861 terre
745 2793 851 2862 rediit.
878 2792 961 2880 lpse·
979 2792 1064 2860 enim
1088 2805 1174 2858 mar-

40 2897 118 2964 obio
148 2901 259 2984 preter
284 2894 348 2962 alia
372 2893 458 2961 mala
482 2894 601 2980 quibus
628 2899 755 2960 terram·
772 2893 961 2960 turbaverat
981 2891 1175 2978 episcopum

41 3003 77 3062 et
96 2996 280 3063 canonicos
303 2991 515 3061 Miobsenses
534 3012 553 3060 a
569 2993 639 3060 suis
660 2991 859 3059 habitaculis
880 2996 913 3058 et
936 2989 1036 3058 rebus
1060 2991 1174 3056 eiece-

40 3100 107 3184 rat,
129 3101 162 3162 et
177 3094 329 3162 borreum
346 3090 414 3160 leni
430 3108 489 3180 pro
513 3095 610 3178 equis
632 3091 703 3160 suis
731 3089 857 3160 lecerat
881 3089 923 3159 de
945 3089 1092 3158 ecclesia
1112 3087 1175 3156 ka-

39 3193 193 3262 tbcdrali.

116 3291 217 3360 Anno
244 3290 368 3360 domini
390 3290 588 3358 m.oc.xc.iiii.
608 3286 689 3357 Orta
707 3294 759 3358 est
776 3287 943 3358 discordia
960 3288 1046 3354 inter
1062 3303 1174 3372 regem
1268 3366 1270 3369 ¹

42 3392 185 3460 Francia
206 3409 248 3458 ex
263 3409 329 3459 una
344 3397 436 3478 parte
446 3441 455 3479 ,
476 3395 508 3457 et
525 3387 712 3457 Eduardum
727 3405 841 3474 regern
863 3385 985 3474 Anglie
1003 3403 1044 3452 err
1062 3385 1174 3452 altera.

41 3492 84 3559 Et
101 3488 247 3559 Adultus
265 3487 561 3558 Romanorumren
577 3487 653 3576 plus
672 3486 790 3556 favens
809 3487 880 3572 regi
903 3483 1024 3571 Anglie
1048 3483 1175 3570 repeti-

42 3591 91 3658 vit
110 3609 130 3658 a
148 3607 228 3675 rego
246 3588 382 3657 Francia
400 3605 540 3674 regnum
557 3583 754 3654 Arelatense
773 3591 805 3653 et
826 3583 987 3672 quasdam
1005 3583 1087 3650 alias
1106 3588 1175 3649 ter-

41 3709 97 3757 ras
114 3695 147 3756 et
164 3689 353 3776 provincias
373 3705 456 3775 quas
475 3685 608 3754 dicebat
624 3703 701 3752 esse
721 3685 858 3774 imperii,
884 3686 1019 3770 insuper
1044 3685 1077 3748 et
1100 3681 1172 3768 spi-

42 3807 142 3856 neam
170 3805 325 3856 coronam
350 3786 499 3874 Domini,
534 3802 633 3873 quas,
658 3785 722 3852 nisi
744 3782 897 3852 redderet
925 3800 1002 3869 eas,
1029 3779 1120 3866 quod
1141 3781 1174 3846 in

41 3907 143 3955 manu
164 3886 240 3954 lorti
268 3887 370 3954 vellet
392 3887 575 3972 requirere,
602 3882 822 3952 demandavit.
859 3883 900 3950 Et
922 3881 964 3949 ob
993 3879 1057 3947 boc
1083 3879 1174 3946 multi

43 3987 194 4075 nobileS,
222 3987 307 4053 siout
326 3985 465 4052 comites
483 3983 635 4051 Flandrie
660 3989 694 4050 et
713 3981 754 4050 de
772 3983 837 4048 Bar
859 3988 891 4049 et
909 3981 962 4048 alii
972 4033 981 4068 ,
1010 3997 1047 4046 se
1067 3978 1173 4046 eidem

42 4088 116 4172 regi
141 4085 278 4152 Francia
306 4091 551 4173 opposuerunt,
579 4083 633 4169 qui
660 4083 690 4148 ei
715 4087 813 4148 antea
839 4084 1085 4150 consueverant
1109 4077 1172 4144 ad-

42 4185 171 4253 herere.
204 4185 340 4272 Propter
370 4182 460 4270 qucd
486 4180 654 4270 predictus
678 4198 736 4247 ron
760 4180 896 4248 Francie
931 4195 1019 4248 anno
1051 4176 1172 4244 domini

41 4285 241 4353 mernavii.
260 4282 372 4350 eduxit
385 4299 486 4369 super
500 4279 638 4348 eosdem
653 4280 790 4348 comites
806 4279 891 4349 adeo
906 4295 1060 4364 magnum
1076 4293 1171 4342 enor-
