2916 4834
306 232 348 298 12
678 258 805 306 aunuum
827 259 1057 309 conunuumsus.

223 403 381 464 rara-runt
401 399 433 464 in
452 415 566 466 mense
581 398 670 466 iulio.
696 397 931 467 Decimosexto
950 398 1015 467 kal.
1033 400 1144 488 aprilis
1167 401 1270 487 [mdrz
1289 397 1345 491 ll]
1362 403 1406 469 in-

302 495 458 564 terfectus
472 503 528 564 est
548 514 660 565 comes
676 495 717 564 de
738 496 854 565 Gulicb
875 498 908 564 in
929 498 1061 566 civitate
1078 517 1142 586 que
1163 498 1279 566 dicitur
1296 495 1404 586 Aquis-

301 612 439 680 granum
458 612 531 662 oum
547 594 677 663 duobus
694 595 766 663 frliis
784 602 817 663 et
835 612 894 664 cco
909 596 1064 665 militibus
1088 603 1120 664 ct
1138 615 1212 664 cum
1229 597 1343 666 familia
1358 615 1407 665 sna

301 693 411 760 multa.
437 691 508 760 Rex
524 693 682 761 Bohemio
693 695 844 782 promisit
862 711 899 762 so
914 697 1086 782 pecuniam
1098 713 1249 782 magnam
1266 695 1406 763 Teutonie

300 791 502 879 principibus
524 791 694 882 daturum·
714 798 750 860 ut
767 810 827 880 pro
843 809 880 860 se
902 799 1017 860 contra
1040 811 1152 880 rogem
1170 792 1340 862 liudolfum
1360 813 1408 880 pro

300 889 427 956 viribus
441 897 643 978 pugnareul;
655 889 745 978 quod
762 897 795 958 et
814 890 921 959 facere
936 891 1164 960 decreverunt.
1191 891 1262 960 Rex
1271 891 1408 958 Bobenia

301 987 416 1057 decem
439 989 539 1056 millia
559 991 695 1058 militum
722 991 959 1079 congregavit,
992 997 1027 1058 ut
1050 1008 1163 1077 rogem
1186 988 1355 1059 liudolfum
1376 989 1408 1056 de

301 1085 433 1155 dustric
472 1087 590 1155 linibus
621 1089 814 1176 extirparet3
856 1086 917 1156 scd
951 1088 1092 1158 Domino
1127 1089 1227 1157 dante
1260 1090 1407 1176 principes

296 1185 465 1254 exercilus
493 1187 689 1274 inceperunt
714 1185 841 1256 fortiter
860 1185 1068 1276 discordare,
1100 1188 1202 1256 etsie
1225 1186 1286 1254 fuit
1313 1203 1409 1253 eorum

300 1287 518 1371 congregatio
536 1283 706 1373 dissipata.
726 1285 985 1374 Dominuspapa
1003 1287 1300 1354 excommunicavit
1313 1302 1410 1352 ornnes

299 1383 510 1451 adversarios
528 1383 617 1468 regis
637 1381 766 1451 Rudolli
777 1439 786 1474 ‚
814 1390 847 1452 ει
863 1385 970 1472 ipsum
991 1386 1219 1472 imperatorem
1235 1383 1336 1452 liomc
1357 1401 1410 1469 pu-

299 1482 384 1549 blice
406 1483 596 1550 nominavit.
616 1482 774 1550 ¹Sorores
801 1482 843 1550 dc
872 1489 989 1550 sancto
1013 1483 1168 1551 iohanne
1192 1481 1316 1550 ordinis
1344 1481 1410 1547 Pre-

300 1578 482 1648 dicalorum
500 1597 590 1648 muro
615 1582 867 1670 secluserunt,
895 1583 989 1649 cuius
1007 1580 1146 1650 altitudo
1176 1580 1283 1669 pedes
1313 1581 1412 1664 viginti

299 1679 447 1746 noscitur
468 1677 644 1766 habuisse3
664 1686 696 1747 et
717 1697 859 1767 quercus
884 1698 926 1748 cx
946 1697 1012 1766 qua
1036 1679 1138 1748 sedes
1163 1680 1308 1748 ecclesie
1325 1696 1411 1766 parn-

300 1777 419 1845 bantur
450 1775 652 1845 dominurum
685 1779 718 1845 in
749 1777 1011 1846 circumferentia
1033 1778 1138 1866 pedes
1169 1779 1412 1864 vigintiquatuor

299 1875 557 1962 comprehendit.
583 1875 682 1944 Cives
704 1878 847 1947 civitatis
865 1895 928 1964 quc
946 1877 1066 1945 dicitur
1083 1875 1330 1964 Aquisgranum
1347 1892 1412 1941 oas-

300 1981 383 2042 trum
409 1973 575 2061 quoddam
599 1993 672 2043 cum
698 1975 887 2044 hominibus
913 1982 1090 2066 ceperunt,
1117 1975 1304 2062 exquibus
1328 1974 1412 2060 quin-

300 2072 406 2140 decim
424 2072 545 2159 gladiis
574 2073 784 2164 occiderunt,
806 2075 954 2162 reliquos
977 2092 1058 2142 vero
1081 2076 1202 2143 carceri
1219 2072 1412 2161 deputarunt.

298 2171 429 2239 Domini
455 2169 497 2238 de
523 2171 691 2260 HorDurc,
730 2172 785 2240 frlii
821 2172 854 2240 S.
881 2174 1007 2242 sororis
1039 2175 1166 2242 comitis
1200 2172 1411 2255 Phirretarum,

300 2275 446 2356 cognato
465 2286 527 2338 suo
545 2271 801 2338 reconciliantur
818 2277 849 2338 et
865 2272 899 2339 in
914 2268 1074 2339 Alsatiam
1091 2276 1308 2339 revertuntur.
1341 2266 1413 2335 Obiit

299 2383 412 2436 oomes
430 2366 472 2435 dc
490 2367 629 2458 werde,
648 2369 704 2455 qui
720 2387 738 2436 a
752 2377 854 2438 matre
878 2387 939 2438 sua
960 2369 1027 2438 non
1042 2371 1127 2437 lilius
1152 2387 1233 2436 suus
1257 2368 1319 2436 sed
1343 2367 1411 2434 filius

298 2464 503 2534 moledinarii
516 2464 619 2536 luisse
637 2466 807 2536 dicebatur
813 2491 821 2556 3
843 2469 908 2537 hoc
922 2467 1000 2537 ideo
1016 2469 1168 2556 probavit
1182 2467 1289 2534 fratris
1307 2466 1410 2552 dispo-

299 2565 377 2632 sitio
394 2566 543 2653 corporis
567 2571 599 2633 et
620 2571 744 2634 natura.
776 2565 931 2635 liuslious
954 2566 1086 2654 quidam
1108 2566 1150 2634 de
1169 2565 1322 2651 Vilingen
1343 2581 1412 2631 can-

300 2663 384 2732 dens
405 2663 523 2732 ferrum
539 2666 680 2752 portavit
701 2664 790 2733 nuda
806 2685 904 2734 manu
922 2666 995 2733 sine
1019 2667 1166 2754 corporis
1192 2665 1334 2731 lesione.
1357 2660 1413 2728 lien

298 2763 456 2832 Bohcmic
481 2765 642 2851 pugnavit
668 2781 741 2832 cum
764 2783 845 2850 rege
865 2763 1086 2833 Romanorum
1112 2781 1215 2852 prope
1239 2762 1413 2842 Wiennam,

299 2868 332 2929 et
352 2860 546 2929 interfectus
567 2863 716 2952 estipse‚
733 2869 855 2930 etcum
875 2881 916 2931 eo
936 2861 1185 2948 quatuordecim
1200 2860 1301 2928 millia
1318 2857 1414 2926 homi-

299 2977 393 3047 num,
417 2966 453 3027 ut
469 2961 683 3028 communiter
707 2959 886 3030 dicebatur.
921 2959 1119 3029 Interiectus
1141 2965 1192 3028 est
1208 2959 1360 3026 dominus
1380 2954 1413 3021 dc

298 3057 458 3124 Eobcrich
474 3064 507 3126 et
520 3057 674 3126 dominus
687 3056 875 3148 deApiaco.
896 3055 984 3128 Obiit
998 3059 1269 3148 archiepiscopus
1279 3056 1414 3124 Canum-

299 3156 418 3222 riensis
437 3155 633 3248 cardinum,
654 3156 753 3226 frater
778 3159 904 3227 ordinis
927 3157 1182 3226 Prodicatorum.
1217 3153 1307 3223 Obiit
1329 3153 1414 3220 frater

298 3251 459 3322 Martinus
479 3254 602 3324 domini
618 3273 704 3344 pape
723 3257 779 3325 diu
795 3257 1058 3346 penitentiarius‚
1081 3255 1352 3343 archiepiscopus
1371 3249 1414 3316 la-

298 3356 371 3419 ctus
392 3353 427 3420 in
443 3405 589 3422 .......
623 3351 712 3424 Obiit
731 3354 829 3424 frater
850 3355 977 3424 Probus
998 3354 1213 3444 provincialis
1234 3351 1276 3420 de
1304 3349 1413 3420 ordino

298 3449 473 3521 lllinorum.
506 3452 668 3521 Dominus
693 3472 781 3542 papa
808 3453 914 3524 factus
938 3460 991 3521 est
1007 3459 1190 3567 perpetuus
1212 3446 1414 3520 senatorio-

297 3567 425 3640 manus,
443 3555 476 3619 ct
490 3550 628 3620 Carolus
643 3554 745 3621 cessit
761 3553 802 3644 ei,
822 3559 856 3622 ει
869 3553 1001 3639 reliquit
1014 3553 1044 3620 ei
1059 3554 1169 3620 omnia
1189 3567 1253 3638 que
1268 3548 1415 3617 habuerat

298 3653 333 3714 ct
347 3649 543 3735 spectabant
558 3649 599 3718 ad
614 3651 739 3720 sedem
765 3651 926 3722 Dominus
942 3650 983 3718 de
1006 3651 1111 3718 Gliers
1127 3650 1246 3718 vallem
1262 3648 1413 3732 Sergove

258 3808 261 3813 ,
298 3744 498 3832 depredatur
516 3753 549 3816 ει
571 3755 639 3817 tres
661 3749 791 3818 nobiles
809 3749 982 3818 interfecit
1009 3749 1107 3818 Festo
1130 3748 1273 3816 Simonis
1292 3740 1396 3813 etlud
1399 3757 1413 3806 c
1439 3733 1440 3828 l

297 3845 429 3912 intravit
449 3863 534 3914 coni
538 3852 634 3914 entus
661 3846 794 3916 fratrum
821 3848 946 3918 ordinis
969 3847 1240 3916 Prodicatorum
1231 3863 1264 3912 m
1287 3843 1412 3912 Colum·
1439 3833 1440 3890 l

298 3941 462 4009 barium
452 3961 486 4010 m
519 3943 649 4012 domum
676 3965 767 4014 suam
795 3946 978 4036 acapilulo
1001 3951 1183 4034 receptam;
1199 3949 1247 4012 et
1271 3939 1440 4028 receptus
1439 3967 1440 4008 r

298 4038 356 4107 fuit
385 4059 404 4108 a
434 4043 605 4109 canonicis
633 4063 651 4110 a
682 4043 823 4113 dominis
855 4046 962 4113 sancti
985 4045 1126 4112 loannis
1151 4043 1295 4131 baptiste
1322 4047 1354 4107 ει
1379 4011 1440 4116 abi

297 4139 511 4208 universitate
539 4141 681 4208 civitatis
711 4143 918 4212 laudabiliter
947 4149 980 4210 et
1012 4143 1165 4210 honeste.
1216 4138 1353 4220 Quidam
1379 4133 1440 4201 de

301 4229 442 4306 Wienna
461 4245 632 4329 venerunt,
651 4246 683 4307 et
699 4239 850 4310 dixerunt
867 4240 956 4329 quod
976 4259 1034 4309 rex
1050 4237 1211 4308 liudolfus
1228 4238 1345 4306 multos
1358 4234 1413 4300 mi·
1439 4289 1440 4322 p
