2890 4832
310 271 317 282 ·
401 269 541 317 cnrsnnn
561 267 632 314 rrrn
652 269 676 315 a.
698 269 885 316 merneram
1123 241 1207 312 ,299

80 409 215 478 exussit.
244 405 294 477 Ob
319 425 417 496 qnam
445 425 580 478 causam
605 415 668 476 tem
693 424 815 494 graves
841 411 913 476 orte
934 412 1014 476 sunt
1034 406 1121 476 inter
1145 425 1207 477 eos
1317 473 1320 480 .

77 510 261 598 inimicitie,
286 515 322 575 nt
352 507 504 576 dominns
532 509 753 576 arehielectns
787 513 821 574 ct
857 506 957 575 irater
985 509 1058 575 eius
1091 525 1207 576 comes

79 607 254 696 Adolpbus
274 606 453 676 divortium
470 607 538 676 lieri
552 607 678 676 vellent
691 609 778 674 inter
790 604 980 674 Heinricum
999 605 1097 674 lilium
1112 606 1208 676 ducis

78 707 238 774 Walrami
261 712 294 774 et
314 705 412 774 tilium
429 706 579 775 eiusdem
597 703 759 796 Adolpbi,
779 707 1105 792 consanguinitatem
1126 724 1209 794 pre-

78 805 275 896 tendentes,
294 823 337 874 ne
362 807 497 874 comitia
519 805 563 874 ad
587 805 777 874 Heinricum
798 806 913 873 uxoris
939 806 1047 891 gratia
1074 801 1210 874 devolvi

77 911 202 994 posset.
230 903 307 974 Nun
324 904 384 974 luit
399 904 485 974 adeo
500 911 642 995 potens,
662 906 717 992 qui
739 907 774 972 in
800 901 923 972 ducatu
947 905 1020 973 eins
1042 905 1096 972 vel
1116 906 1209 992 epis-

77 1011 200 1093 copatu
226 1005 349 1073 inimici
379 1006 431 1074 sni
460 1011 579 1074 terram
604 1007 739 1072 vastare
762 1002 902 1072 auderet
929 1021 989 1090 per
1009 1003 1209 1072 incendium.

77 1105 132 1172 Sic
150 1105 309 1172 comitum
326 1104 399 1172 sive
419 1105 556 1173 aliorum
574 1103 732 1173 nobilium
750 1103 806 1170 vel
824 1110 994 1190 potentum
1011 1103 1209 1171 insolentias

79 1204 258 1293 repressit,
276 1208 418 1291 ut·pene
435 1204 559 1272 nullius
578 1209 720 1272 castrum
735 1200 922 1270 destrueret
938 1201 992 1270 vel
1013 1207 1130 1269 terram
1146 1219 1209 1270 va·

77 1309 197 1392 staret,
225 1303 334 1390 magis
356 1302 532 1390 prudentia
554 1321 652 1391 quarn
679 1301 839 1370 bellorum
865 1303 964 1390 eopia
995 1300 1059 1370 sibi
1088 1299 1209 1369 subiu-

77 1421 160 1489 guns
179 1403 311 1491 ornnia,
329 1402 375 1468 ita
395 1409 432 1470 ut
447 1401 490 1470 de
508 1419 549 1470 eo
572 1401 695 1470 dictum
716 1400 869 1469 videatur

172 1501 304 1589 (inique
320 1500 410 1568 delet
422 1504 549 1588 quoties
562 1504 693 1588 cogitur
708 1517 782 1568 esee
798 1499 910 1584 feroc.

77 1599 112 1668 ln
129 1601 322 1669 civitatibus
341 1601 413 1668 suis
431 1602 683 1690 principalibus,
702 1599 843 1668 Colonia
862 1599 993 1668 scilieet
1009 1604 1043 1667 et
1064 1598 1208 1690 Snsatiu,

77 1701 233 1768 maiorem
243 1701 394 1768 exercuit
406 1705 608 1788 potestatem
618 1701 694 1769 uelo
707 1700 844 1788 iustitie,
863 1717 960 1786 quarn
976 1699 1096 1786 aliquis
1114 1700 1208 1786 epis-

78 1817 235 1887 copornm
253 1805 331 1866 ante
350 1816 434 1867 eum.
460 1798 513 1869 Ad
531 1801 641 1868 curias
659 1798 813 1869 Friderioi
829 1799 1037 1886 imperatoris
1056 1804 1135 1865 tune
1152 1816 1208 1866 re-

78 1899 128 1984 gis
146 1915 224 1966 oum
249 1903 340 1966 tanta
366 1899 472 1983 gloria
500 1907 534 1968 et
551 1899 711 1989 expensis
729 1896 882 1966 ascendit
892 1949 902 1986 ‚
920 1903 957 1965 ut
974 1899 1094 1965 ceteris
1112 1898 1208 1984 prin·-

80 1997 205 2086 eipibus
226 1997 378 2086 superior
395 1999 502 2084 gloria
520 2005 554 2068 et
571 1999 698 2067 bonore
713 1997 898 2066 baberetur.
916 1993 1082 2076 Quantum
1101 1995 1208 2064 eidem

77 2095 242 2166 Friderico
273 2095 454 2188 adstiterit,
482 2104 641 2186 qnantum
669 2099 742 2166 eius
766 2101 880 2185 partes
907 2101 1024 2164 eontra
1049 2093 1207 2163 Ottonem

79 2197 295 2285 promoverit,
321 2213 431 2283 usque
454 2197 554 2266 hodie
574 2198 749 2286 experitur.
774 2196 815 2264 Et
833 2213 907 2263 curn
924 2196 1082 2263 maximas
1101 2193 1208 2262 babe-

78 2299 124 2362 ret
140 2311 330 2384 expensus,
357 2300 424 2364 tnm
450 2302 586 2386 propter
607 2297 717 2366 curias
735 2295 886 2385 regales,
906 2299 972 2362 tum
990 2300 1126 2383 propter
1143 2312 1208 2361 su-

78 2394 244 2481 pradictos
262 2393 404 2484 nobiles,
423 2413 562 2483 quornm
575 2397 691 2464 timore
709 2395 841 2482 corpori
859 2411 922 2464 suo
941 2393 1127 2474 custodiam
1145 2393 1207 2462 ad-

78 2491 211 2562 hibebat
231 2495 313 2562 satis
333 2500 571 2585 sumptuosam,
590 2496 631 2564 ab
649 2493 800 2564 Honorio
817 2511 916 2582 papa,
936 2495 992 2580 qni
1010 2493 1215 2582 Innocentio

80 2593 259 2684 suecessit,
279 2598 454 2680 antequam
473 2595 608 2684 pellium
635 2595 665 2662 ei
683 2593 762 2662 dare
780 2593 883 2660 vellet
900 2591 1033 2660 solvere
1053 2591 1207 2677 cogeba-

79 2695 127 2758 tur
152 2711 220 2780 qne
248 2693 322 2760 eins
348 2699 585 2763 antecessores
603 2692 779 2782 ndotpnus
797 2693 908 2760 Bruno
927 2696 960 2758 et
978 2691 1206 2759 'theodericus
1249 2775 1253 2784 Ι

81 2788 301 2860 dissensionis
335 2797 483 2881 tempore
511 2797 790 2882 consumpserant
818 2792 852 2858 in
883 2790 990 2879 enria,
1018 2807 1090 2858 oum
1117 2795 1206 2858 sorte

79 2905 193 2958 usurus
223 2891 458 2982 gravissimas,
487 2910 626 2980 quorum
657 2909 784 2961 summe
810 2888 1062 2959 transcendisse
1087 2888 1207 2958 dicitur

80 2988 222 3058 sedecim
240 2990 339 3058 millia
357 3009 547 3059 marcarum.

151 3091 263 3175 Caput
287 3091 441 3174 quintum.
467 3090 633 3158 Friderico
658 3107 739 3176 rege
764 3088 806 3157 ab
833 3087 984 3157 Honorio
1010 3088 1044 3156 in
1063 3087 1208 3174 impera·-

82 3189 178 3256 torem
203 3195 383 3278 coronato,
411 3207 485 3257 cnm
511 3191 668 3258 intrasset
693 3206 831 3274 regnum
861 3188 990 3278 Sicilie,
1016 3185 1131 3256 audita
1149 3205 1206 3253 or-

82 3284 281 3376 obiepiseopi
308 3289 371 3356 sibi
394 3290 428 3356 in
454 3288 650 3358 allemannia
668 3287 755 3355 bene
775 3288 843 3356 noti
861 3288 1046 3374 probitate,
1073 3304 1134 3373 per
1150 3285 1206 3352 lit-

82 3387 162 3453 terus
172 3388 361 3475 imperiales
372 3389 465 3474 regni
482 3388 619 3473 negotia
633 3387 713 3454 citra
724 3385 827 3476 Alpes
846 3387 892 3454 illi
912 3385 1084 3472 commisit,
1100 3383 1206 3452 Hein-

81 3483 134 3550 rici
153 3485 209 3553 tilii
229 3487 280 3554 sui
298 3503 372 3554 eum
387 3487 597 3555 constituens
614 3491 766 3575 tutorem,
785 3491 819 3554 et
838 3487 937 3554 totius
955 3484 1050 3569 regni
1066 3481 1206 3550 Romani

83 3599 135 3667 per
151 3581 378 3652 Alemanniam
395 3587 612 3674 provisorem.
639 3584 702 3666 Oui
720 3587 814 3671 regni
833 3585 970 3670 negotia
988 3600 1056 3650 non
1075 3581 1205 3668 absque

84 3681 191 3752 timore
218 3685 426 3774 suscipiens,
450 3684 632 3774 reipublice
651 3691 715 3752 tam
733 3684 847 3752 utilem
871 3689 991 3751 ettam
1017 3679 1148 3749 lrdelem
1167 3697 1206 3749 se

85 3780 233 3851 exhibere
252 3783 393 3874 studuit,
412 3790 449 3852 nt
466 3783 508 3852 de
527 3782 798 3870 contingentibus
822 3783 876 3850 vel
894 3781 1059 3850 modicum
1076 3780 1130 3848 vel
1148 3781 1206 3848 ni-

85 3876 141 3946 chil
165 3883 371 3972 negligeret,
397 3889 430 3952 et
452 3881 585 3951 invidus
611 3883 668 3952 ubi
694 3881 908 3950 detractionis
936 3880 1070 3949 dentem
1089 3879 1207 3966 ingeret

84 3975 114 4043 in
130 3981 198 4048 eius
216 3981 327 4050 verbis
345 3981 400 4050 vel
419 3982 546 4052 actibus
564 4000 632 4051 non
649 3983 821 4050 inveniret.
841 3981 1063 4068 congregatis
1081 3979 1205 4068 princi-

84 4076 171 4160 pibus
195 4079 385 4148 Heinrienm
412 4099 549 4170 puerum
576 4079 780 4169 Aquisgrani
804 4081 837 4147 in
862 4098 976 4167 regem
995 4079 1207 4148 consecravit

86 4167 188 4261 [1222
206 4181 272 4248 mai
290 4178 343 4272 8],
362 4199 459 4268 quem
484 4179 649 4249 nutriebat
668 4187 705 4248 nt
723 4179 822 4248 lulium
842 4186 876 4249 et
893 4179 1069 4248 bonoravit
1086 4183 1122 4245 nt
1139 4175 1206 4246 do·

86 4275 204 4346 ninnm.
241 4278 321 4348 Cum
350 4298 417 4368 quo
444 4285 477 4349 et
503 4281 576 4349 sine
602 4298 669 4369 qno
696 4279 849 4348 diversas
873 4279 970 4366 regni
996 4282 1108 4367 portes
1126 4293 1205 4364 per-
