2878 4834
280 193 351 269 286
638 225 760 272 urvonm
782 225 847 274 err.
868 226 933 274 arr.
955 226 1054 274 coron.

352 362 463 430 xxiiii.
480 362 650 432 ,Warinus
692 363 755 432 sub
786 360 909 434 Ottonc
938 363 1088 454 secundo
1118 365 1207 436 sedit
1223 369 1329 437 ‘annis
1345 370 1395 438 ix.

278 461 343 532 llic
372 462 626 532 Trevirensibus
657 464 848 552 petentibus
879 469 1006 553 partem
1045 464 1155 534 baculi
1190 468 1295 534 sancti
1319 468 1398 538 Petri

279 559 430 632 reddidit.
980 597 982 602 ·

352 660 475 728 xxviiii.
493 660 719 750 llvcrgherus,
739 659 781 730 dc
800 678 866 748 quo
884 659 1001 729 dicitur
1018 660 1108 750 quod
1124 661 1305 751 predictum
1321 663 1396 732 Wa-

280 759 387 828 rinum
402 760 513 828 vivum
539 760 672 848 sepeliri
692 757 779 828 iecit.
813 759 1005 828 Laborabat
1028 761 1113 828 onim
1135 761 1292 830 Warinus
1314 763 1396 830 inir-

282 859 395 926 mitate
421 859 557 948 capitis,
585 859 632 935 ita
653 863 690 926 ut
711 858 876 946 aliquibus
900 858 1018 928 diebus
1045 861 1118 928 sinc
1142 871 1250 930 sensu
1275 861 1397 930 iaceret.

281 955 355 1040 Quo
375 957 464 1026 iacto
480 955 615 1026 Romam
632 957 787 1046 penitens
806 959 973 1048 pervenit,
986 959 1077 1046 quod
1100 967 1218 1046 egerat
1231 958 1397 1030 consessus

282 1062 353 1147 εει,
369 1062 403 1124 ει
421 1075 509 1145 papa
527 1075 587 1145 pro
603 1057 808 1126 correctione
831 1058 860 1124 ei
876 1057 1035 1142 iniunxit,
1058 1059 1086 1125 si
1104 1075 1281 1145 quemnam
1298 1109 1397 1126 .....

280 1154 478 1226 labefactum
494 1157 609 1244 sciret,
629 1155 715 1224 datis
734 1155 892 1224 subsidiis
913 1155 1084 1226 relevaret.
1110 1155 1280 1226 Reversus
1300 1175 1395 1226 ceno-

281 1255 370 1324 bium
386 1255 493 1324 sancti
509 1254 643 1324 Martini
663 1255 697 1338 in
714 1254 855 1327 Colonia
874 1253 1074 1344 melioravit,
1099 1255 1217 1324 iratres
1229 1257 1308 1324 illuc
1326 1256 1397 1324 adn-

282 1356 390 1445 navit,
410 1359 444 1422 et
458 1405 465 1422 .
480 1406 487 1421 .
503 1405 511 1420 .
528 1354 772 1442 inperpetuum
791 1351 931 1443 tradidit.
958 1354 997 1422 Et
1016 1355 1080 1424 iste
1096 1353 1158 1424 sub
1174 1352 1300 1424 Ottone
1316 1357 1399 1423 tertio

284 1452 373 1524 sedit
391 1453 488 1522 annis
504 1471 557 1520 xv.
582 1453 620 1524 In
643 1451 742 1521 domo
758 1453 865 1522 sancti
881 1452 965 1522 Petri
988 1454 1139 1542 sepultus
1161 1460 1223 1524 est.

357 1569 433 1619 xxx.
460 1551 602 1622 Sanctus
626 1549 820 1622 Heribertus
857 1551 919 1619 snb
954 1551 1111 1620 Heinrioo
1142 1552 1297 1624 secundo
1324 1551 1399 1622 sedit

229 1679 231 1683 ’
283 1652 381 1722 antris
403 1651 468 1720 xxi.
506 1650 575 1720 lste
595 1651 765 1720 basilicam
785 1651 890 1720 Tnicii
916 1651 949 1718 in
984 1650 1142 1720 honorem
1168 1658 1286 1722 sancte
1310 1652 1399 1720 llario

283 1750 436 1839 instituit,
458 1748 570 1836 ibique
592 1749 744 1838 sepultus
762 1755 831 1840 cst,
853 1754 886 1818 ει
900 1749 1010 1838 multis
1030 1752 1148 1820 enituit
1162 1752 1339 1820 miraculis.

356 1849 445 1918 xxxi.
463 1847 635 1934 Successit
656 1848 850 1936 Pelegrinus
867 1848 929 1918 sub
951 1850 1149 1937 imperatore
1170 1849 1326 1918 Conrado
1350 1866 1399 1917 sc-

284 1947 404 2018 cundo.
432 1946 524 2016 Sedit
545 1949 642 2028 annis
656 1999 665 2018 .
680 2001 711 2015 ..
734 1947 797 2016 Hic
811 1949 1045 2018 monasterium
1062 1949 1097 2016 in
1115 1948 1257 2018 Colonia
1275 1953 1401 2034 sancto-

282 2067 352 2117 rum
368 2046 608 2136 Apostolorum
622 2047 816 2138 construxit,
831 2047 864 2114 in
880 2065 945 2134 quo
965 2052 998 2116 et
1015 2048 1157 2135 quiescit
1164 2070 1174 2136 5
1192 2054 1226 2116 et
1240 2046 1402 2116 suffician-

283 2148 361 2228 tiam
379 2146 615 2217 canonicorum
633 2145 801 2216 adunavit.

224 2308 234 2351 ,
356 2245 456 2312 xxxii.
474 2244 701 2334 HermannuS,
728 2263 826 2332 quem
843 2243 986 2314 nobilem
1012 2251 1151 2335 vocant,
1168 2245 1232 2326 sub
1255 2241 1401 2312 Heinrioo
1425 2254 1435 2341 p,

283 2345 480 2432 imperatore
503 2345 600 2414 tertio
621 2343 708 2414 sedit
726 2345 823 2414 annis
848 2363 902 2413 xx.
927 2345 963 2414 ln
988 2343 1086 2413 domo
1112 2345 1220 2416 sancti
1243 2344 1330 2412 Petri
1354 2358 1401 2410 sc-

283 2442 397 2534 pullus
414 2446 475 2512 est
1433 2533 1434 2536 Ν

359 2542 461 2612 xxxiii
489 2539 607 2631 Anno,
639 2541 703 2625 llos
737 2547 771 2610 ct
801 2559 890 2610 nova
915 2542 972 2610 lux
1006 2542 1178 2614 Germania
1208 2543 1326 2630 totius,
1358 2537 1402 2626 qni

286 2646 426 2726 cunctos
455 2647 691 2712 antecessores
723 2658 804 2710 suos
834 2641 868 2708 in
900 2643 1171 2727 augmentatione
1203 2637 1402 2710 Coloniensis
1431 2632 1434 2715 γ,

285 2740 429 2810 ecclesie
451 2741 624 2828 processit.
656 2737 744 2808 Ante
772 2741 1001 2828 episcopatum
1025 2742 1216 2829 prepositus
1242 2741 1277 2808 in
1294 2737 1401 2806 Goslar.

285 2838 324 2908 ln
339 2840 408 2909 vita
424 2855 486 2910 sua
510 2837 588 2908 iecit
611 2839 832 2928 monasterio,
853 2845 887 2906 et
909 2840 942 2906 in
967 2847 1070 2908 morte
1097 2858 1156 2908 sua
1184 2843 1340 2928 operatus
1362 2841 1401 2902 est

286 2937 456 3008 mirabilia.
481 2935 578 3006 Unde
601 2943 634 3005 et
652 2939 686 3006 in
710 2938 799 3022 omni
815 2955 873 3006 ore
893 2939 990 3025 qnasi
1010 2938 1074 3018 mel
1097 2937 1322 3009 indulcabitur
1342 2936 1400 3004 eius
1432 2989 1433 3034 ,

287 3036 453 3106 memoria.
479 3037 590 3106 Pretcr
603 3036 853 3108 innumerabilia
864 3035 1029 3104 beneficia
1047 3054 1112 3124 quc
1133 3037 1309 3125 episcopio
1330 3050 1400 3102 con·
1426 3060 1432 3133 p

287 3135 378 3224 tulit,
411 3140 522 3223 preter
544 3135 658 3223 plures
682 3135 844 3206 ecclosias
872 3153 955 3221 quas
988 3135 1023 3202 in
1046 3134 1187 3204 diversis
1217 3136 1303 3204 locis
1331 3149 1401 3200 con·
1430 3203 1431 3208 ,

288 3233 422 3322 struxit,
445 3239 554 3321 preter
574 3233 665 3322 quod
684 3234 806 3304 nullam
828 3235 1122 3320 congregationem
1144 3235 1178 3302 in
1202 3233 1328 3302 diocesi
1350 3246 1400 3298 sua
1431 3257 1432 3270 ι

289 3331 422 3422 dimisit,
439 3332 715 3419 quemadmodum
733 3332 886 3403 dominns
903 3331 1026 3422 Bruno,
1042 3334 1096 3420 qui
1110 3351 1213 3421 supra
1228 3333 1400 3402 nominatus

290 3437 358 3522 est,
396 3432 566 3520 ampliavit
591 3434 737 3520 quinque
768 3432 1051 3517 congregationes
1060 3483 1071 3521 ,
1115 3431 1275 3502 videlieet
1303 3432 1431 3498 sancte,

287 3529 394 3602 Maria
416 3529 460 3598 ad
476 3529 618 3610 Gradunr
648 3537 681 3600 et
704 3532 811 3600 sancti
831 3529 981 3615 Gregorii
999 3532 1181 3600 canonicos
1203 3531 1400 3598 ecclesiarum

289 3630 323 3698 in
351 3634 462 3698 monte
483 3629 617 3717 Syberg
647 3636 680 3698 et
708 3629 916 3717 Grasoboph,
947 3629 1183 3700 monachorum
1210 3625 1401 3698 monasteria.

290 3727 372 3796 ltcm
402 3747 503 3797 unum
527 3729 762 3801 monasterium
784 3729 817 3796 in
838 3727 986 3796 Salavelt
1004 3729 1145 3796 instituit
1166 3727 1354 3814 magnilica,
1376 3729 1401 3790 et
1429 3719 1430 3744 ²

292 3824 448 3894 allodium
464 3827 554 3915 qnod
565 3828 712 3896 Salavclt
729 3827 846 3896 dicitur
862 3827 1035 3914 episcopio
1052 3826 1182 3894 adiecit.
1208 3821 1400 3913 Supersede-

293 3941 366 3992 mrrs
380 3923 422 3994 de
445 3943 486 3993 co
505 3925 778 4015 singuladicere,
796 3926 951 4013 quoniam
968 3927 1065 4008 ctiam
1084 3927 1112 3992 si
1130 3942 1195 3993 nos
1210 3925 1400 4004 tacuerimus,

293 4023 399 4110 ipsius
423 4041 524 4111 opera
547 4025 744 4097 clamabunt.
778 4024 901 4092 Floruit
925 4025 1126 4112 temporibus
1143 4021 1288 4093 Heinrici
1314 4018 1400 4108 quarti

294 4122 437 4208 augusti.
464 4121 558 4192 Sedit
574 4125 608 4194 in
630 4125 827 4214 episcopatu
845 4123 942 4207 annis
957 4142 1012 4212 xx,
1028 4128 1062 4190 ct
1075 4123 1226 4212 sepultus
1244 4126 1297 4192 cst
1308 4122 1340 4190 in
1356 4134 1400 4186 ce-

295 4219 398 4288 nobio
418 4237 480 4292 suo
503 4220 652 4313 Synerg,
672 4223 729 4292 nbi
749 4224 782 4294 in
803 4222 913 4290 inultis
930 4223 1034 4295 claret
1048 4222 1223 4290 miraculis.
