2878 4834
348 287 472 334 urvonur
494 288 557 335 cnr.
579 290 644 336 arr.
666 289 766 336 conon
1052 260 1123 330 293

13 431 176 518 campestre
201 424 329 515 habuit,
356 426 390 493 in
416 444 483 514 quo
501 434 618 516 captus
636 445 695 518 per
714 435 781 496 tres
800 445 909 497 annos
921 438 1002 497 'oum
1021 428 1123 498 dimi-

13 530 54 597 liu
77 527 214 595 vinculis
240 523 461 594 condetentus
488 533 549 594 est.
577 524 704 607 Quibus
732 534 924 616 exemptuS,
950 546 1022 595 cum
1051 547 1122 596 ma-

13 631 81 696 rima
96 627 243 716 potentia
256 631 288 692 ct
306 625 517 694 solemnitate
534 645 645 714 regem
661 629 764 713 clegit
781 633 814 694 et
831 629 1052 716 consecravit,
1068 628 1122 696 vi-

14 728 114 794 lelicet
138 724 304 792 dominum
327 723 537 814 Redolphum
556 725 598 794 de
617 726 810 815 Habsburg‚
830 727 886 814 qui
904 725 1122 813 dignissimus

15 829 81 894 inter
97 841 211 893 ornnes
229 823 388 912 imperiali
406 841 540 915 corona,
558 843 698 912 regnum
712 825 803 915 quod
821 823 878 894 diu
894 827 1122 914 vacillaverat,

15 923 164 1010 magnifice
192 924 282 1012 cepit
306 922 496 992 reformare.
523 924 677 994 Mortuus
700 931 752 994 cst
770 931 879 992 autern
897 925 1122 1012 lingelbertus
1171 1005 1174 1010 ,

16 1023 254 1093 consecrationis
274 1039 334 1091 suc
351 1041 439 1092 anno
456 1022 724 1114 decimoquarto,
741 1030 773 1092 et
790 1025 942 1112 sepultus
960 1027 992 1092 in
1011 1023 1122 1094 cccic-

16 1125 52 1190 sia
65 1123 355 1212 Bonnensi,·quia
380 1121 499 1191 diebus
522 1123 587 1192 illis
607 1125 725 1192 civitas
745 1122 958 1192 coloniensis
976 1142 1035 1212 per
1053 1131 1121 1191 tres

16 1240 99 1290 annos
123 1220 183 1289 luit
204 1220 389 1290 interdicta.
421 1223 502 1290 Post
525 1223 623 1292 huius
650 1223 773 1292 obitum
797 1222 936 1292 abbates
960 1224 1121 1312 prepositi

16 1321 109 1389 decani
126 1321 256 1410 priores
274 1322 516 1390 convenientes
530 1323 564 1390 in
582 1323 701 1392 eadem
719 1323 863 1390 ecclesia
878 1323 1052 1390 Bunnonsi
1067 1322 1121 1390 dic

16 1421 45 1489 al
64 1420 248 1506 eligendum
275 1419 418 1511 prolixa,
443 1420 599 1490 dicebant
622 1440 661 1490 se
684 1421 809 1490 debere
827 1421 983 1490 electioni
1007 1423 1122 1510 ponti·
1152 1440 1155 1447 ·

17 1521 69 1587 icis
87 1522 259 1590 interesse.
292 1518 361 1588 Sed
384 1521 449 1589 soli
473 1522 626 1590 canonici
651 1523 783 1592 maioris
809 1523 972 1611 ecclesie,
999 1522 1120 1588 cctcris

16 1619 150 1708 prioribus
168 1637 238 1687 non
253 1617 419 1711 admissis,
434 1638 551 1689 omncs
566 1621 741 1708 clegerunt
751 1619 990 1689 Conradum-dc
1006 1620 1120 1688 lilontc

16 1719 191 1806 prepositum
212 1725 328 1786 sancte
348 1718 454 1788 llaric
473 1719 516 1789 ad
531 1719 672 1810 gradus,
692 1719 857 1788 detectum
874 1722 970 1788 etatis
988 1721 1120 1808 patien-

19 1825 72 1883 tcm.
102 1816 199 1886 Solus
227 1823 337 1886 autem
361 1819 477 1888 Petrus
501 1819 542 1888 de
568 1820 698 1888 Vienna
722 1821 853 1888 maioris
879 1819 1023 1887 ecclesie
1042 1837 1120 1907 pre-

17 1919 120 2004 positus
139 1918 243 2003 elegit
261 1915 442 2004 Sigiridum
460 1918 502 1988 de
520 1918 740 2005 Westerburg
754 1920 956 2008 prepositum
971 1917 1121 2004 liugan·
1176 1963 1180 1974 ·

18 2017 161 2083 tinanscm.
195 2015 271 2085 Hoc
291 2017 340 2084 sic
368 2020 494 2110 electo,
520 2017 675 2086 dominus
701 2019 881 2104 Gregorius
907 2016 1055 2085 decimus
1086 2017 1119 2084 in

18 2115 129 2184 concilio
153 2115 378 2204 Lugdunensi
404 2117 592 2186 Conradum
612 2119 776 2207 cassavit,
796 2123 829 2186 et
847 2117 992 2185 ecclesio
1013 2115 1120 2184 Colo-

18 2215 100 2281 niensi
122 2217 316 2284 auctoritate
339 2218 527 2307 apostolica
551 2217 698 2306 providit
723 2217 764 2285 dc
788 2216 878 2286 dicto
906 2215 1052 2302 Sigtrido
1077 2214 1119 2283 de

18 2311 212 2402 llcstcrburg
230 2316 392 2404 episcopo
412 2318 691 2405 quinquagesimo
711 2315 873 2406 secundo,
893 2317 949 2403 qui
963 2334 1016 2383 xx.
1032 2333 1120 2384 oon-

19 2415 184 2482 secrationis
209 2432 271 2483 suc
292 2431 413 2484 annum
439 2434 547 2502 agens
566 2416 778 2504 plurimorum
795 2413 1120 2503 loctunamprospc·

17 2527 66 2577 ram
83 2517 111 2579 et
127 2512 300 2582 adversam
320 2521 372 2582 est
391 2533 585 2606 perpessus.
617 2513 679 2582 Hic
698 2533 803 2603 prope
826 2514 963 2582 Wernio
978 2513 1013 2584 in
1035 2532 1120 2581 con-

19 2607 101 2699 lictu,
126 2630 224 2699 quem
241 2612 357 2683 habuit
383 2633 455 2684 cum
474 2613 559 2682 duce
577 2614 755 2682 Brabantie
772 2613 927 2682 lohanne
946 2619 980 2680 et
998 2613 1119 2680 comite

20 2705 48 2774 lc
67 2709 186 2803 llonte,
214 2711 411 2801 civibusque
437 2713 714 2804 coloniensibus,
741 2720 858 2802 captus
882 2717 934 2780 est
956 2730 976 2779 a
999 2712 1119 2780 comite

20 2804 48 2873 le
61 2807 161 2878 llonte
178 2809 354 2903 Adotph0,
375 2815 431 2902 qui
452 2813 593 2881 subvehi
609 2815 784 2880 consuevit
797 2814 830 2879 in
847 2829 952 2880 curru.
970 2809 1011 2878 Et
1029 2808 1120 2898 apud

20 2906 131 2974 cundem
152 2909 346 2979 interiectus
373 2918 425 2980 est
447 2913 570 2980 nubilis
597 2914 665 3001 vir,
697 2907 851 2980 dominos
874 2907 1052 2978 Heinricus
1077 2909 1119 2977 de

20 3001 186 3096 lucenburg
216 3027 348 3100 comcs,
368 3017 401 3080 ct
426 3011 480 3080 atii
508 3029 605 3099 quam
624 3011 738 3100 plures
755 3011 887 3078 nobiles
911 3016 944 3078 et
964 3010 1119 3078 barones.

22 3099 65 3168 llic
79 3103 255 3196 ridulphum
271 3113 422 3179 comitem
437 3110 479 3179 de
499 3111 666 3180 Nassowc
683 3111 787 3198 elegit
803 3112 835 3178 in
852 3127 965 3197 regem
985 3115 1019 3177 ct
1032 3125 1119 3178 con-

23 3205 134 3274 secravit
151 3209 182 3274 in
204 3225 328 3294 regem.

74 3301 121 3369 liii.
143 3305 304 3376 Dominus
331 3307 528 3378 Wicboldus
555 3307 598 3377 do
622 3307 721 3379 Holte
746 3325 764 3376 e
790 3308 999 3397 Wcstplaalia
1030 3325 1119 3376 anno

39 3403 116 3468 omini
132 3409 329 3476 m.cc.xo.vii.
348 3409 380 3475 in
399 3409 560 3498 principio
575 3410 649 3476 maii
659 3461 668 3497 ,
688 3407 838 3476 decanus
858 3405 1070 3476 Coloniensis
1086 3411 1120 3474 ει

39 3505 175 3606 popusitus
194 3503 381 3598 Aquensis,
401 3507 609 3576 concorditer
625 3507 752 3575 clectus
771 3526 791 3575 a
813 3507 957 3594 capitulo
973 3508 1007 3572 in
1024 3505 1118 3572 Nus-

37 3613 73 3685 m,
90 3607 152 3670 eta
177 3605 312 3674 dominu
338 3607 509 3676 Bonilacio
537 3625 625 3696 papa
645 3607 874 3695 confirmatus,
901 3606 985 3673 rexit
1004 3605 1118 3673 eccle-

26 3693 84 3762 siam
106 3700 331 3773 Coloniensem
359 3707 455 3774 anrris
481 3707 545 3787 vii,
574 3713 606 3774 ct
625 3707 709 3774 intra
730 3723 899 3794 guerram,
924 3721 1022 3791 qaum
1044 3721 1118 3771 cum

26 3787 178 3870 lvcrlaarclo
202 3806 321 3873 comite
340 3805 387 3892 clo¹
402 3805 512 3873 lilarca
534 3805 666 3896 habuit,
692 3805 805 3873 Susati
823 3810 970 3872 mortuus
995 3810 1065 3890 cst,
1086 3809 1119 3871 et

27 3895 142 3977 sepultas
158 3901 287 3971 ibidem.

81 3993 136 4063 lun.
151 3997 309 4070 Dominus
327 4001 502 4070 Heinricus
525 4001 566 4072 dc
590 4002 814 4093 Virncborch,
833 4003 1024 4092 prepositus
1047 4002 1118 4071 Co-

26 4082 173 4190 loniensis,
203 4119 291 4170 anno
325 4101 447 4170 domimi
478 4103 648 4170 mocciiii.
674 4103 802 4170 electus
828 4109 880 4171 cst
904 4103 937 4170 in
968 4101 1117 4170 Colonia.

30 4180 200 4278 conparavit
218 4201 361 4269 ecclesie
377 4201 572 4270 Coloniensi
587 4199 778 4270 Hullrerodc
798 4209 940 4270 castrum
956 4219 1028 4268 curn
1047 4201 1117 4268 suis

30 4292 190 4372 appenditiis
207 4305 363 4370 terrarum
381 4307 414 4370 ει
428 4299 634 4394 prediorum,
656 4300 746 4390 quod
765 4307 885 4390 postea
903 4307 1012 4368 tamen
1036 4315 1116 4388 pcr-
