2886 4834
1427 117 1428 174 l

295 203 342 276 80
661 231 824 280 mrorrcou
846 231 1051 282 communen

296 373 387 458 regis
411 368 534 458 Anglie
559 389 633 439 cum
659 370 726 438 tilia
753 369 948 460 tradiderat,
973 387 1054 458 egre
1079 370 1222 437 tulcmnt
1241 367 1332 456 quod
1350 386 1417 436 csse

296 472 359 540 sub
377 467 496 557 Angbs
523 469 718 538 debuemnt.
743 468 958 556 Rogaremnt
982 471 1082 556 igitur
1106 487 1215 554 regem
1235 468 1374 536 Francie
1389 473 1428 556 ull

296 569 475 638 dominium
505 570 648 637 civitatis
685 575 969 656 supramemorate
999 575 1208 655 quantocyus
1244 585 1308 654 per
1333 559 1428 644 eric-l

295 671 419 738 tionem
437 668 480 764 ad
499 685 537 735 se
555 667 662 736 redire
681 667 824 755 iaceret,
844 669 921 754 quia
939 667 1064 735 vellent
1080 669 1111 734 ei
1127 667 1161 734 in
1179 666 1349 734 solutione
1366 663 1428 752 pe}

296 769 394 836 cunie
411 784 471 854 pro
489 784 593 854 posse
612 784 675 834 suo
693 767 881 834 volunturie
899 766 1087 834 subvenire.
1427 817 1428 822 ,

369 863 521 945 Audiens
539 866 602 934 bec
620 883 678 932 rex
694 865 832 935 Francie
850 867 922 951 regi
939 861 1061 951 Anglic
1081 863 1253 931 mandavit
1287 869 1323 930 ut
1347 865 1428 930 civi:

296 970 397 1034 tatem
415 982 516 1052 supra
534 970 765 1051 memoratam,
792 965 870 1051 quia
887 964 966 1032 dare
985 964 1047 1031 sibi
1064 963 1164 1032 vellet
1181 980 1243 1050 pro
1264 979 1306 1028 eu
1323 975 1428 1048 pecu-¹

295 1066 382 1131 niam
401 1067 661 1152 competentem,
686 1063 749 1130 sibi
767 1061 930 1131 redderet.
957 1063 1097 1131 Gavisus
1120 1080 1180 1130 rex
1196 1059 1323 1146 Anglie
1341 1059 1428 1132 dedit}

294 1164 367 1248 regi
391 1162 530 1229 drancio
556 1163 724 1230 civitatem
750 1161 812 1229 sub
839 1168 928 1230 corta
953 1163 1095 1249 pecunie
1123 1163 1322 1248 quantitate.
1358 1158 1428 1230 Rex}

295 1261 431 1328 Francie
449 1279 522 1328 cum
542 1261 710 1328 civitatem
727 1261 883 1328 traxisset
899 1262 934 1327 in
951 1263 1117 1349 propriam
1133 1263 1342 1348 potestatem
1358 1257 1428 1352 regi}

295 1357 417 1445 Anglie
441 1362 605 1447 promissa
629 1360 762 1427 soluere
779 1361 954 1428 recusavit.
986 1359 1037 1427 De
1062 1359 1126 1426 boc
1144 1356 1267 1444 cinglio
1295 1374 1352 1424 rex
1374 1358 1428 1440 in-3

297 1457 471 1546 dignatus,
490 1475 603 1544 regem
620 1458 756 1526 Francie
775 1459 872 1526 annis
885 1458 1032 1545 pluribus
1050 1457 1229 1526 infestavit.
1427 1463 1428 1472 ³

372 1556 467 1624 Circa
488 1555 575 1624 idem
592 1562 723 1645 tempus
749 1575 808 1625 rex
824 1555 1031 1624 Arelatensis
1056 1559 1128 1624 sine
1153 1553 1337 1623 heredibus
1354 1569 1428 1648 moy

296 1656 392 1744 ritur,
419 1661 452 1722 et
475 1655 641 1723 hereditas
668 1656 711 1723 ad
729 1673 866 1742 regnum
884 1655 1073 1724 devolvitur
1089 1655 1323 1723 Romanorum.
1357 1649 1428 1717 tiu-t

297 1753 408 1823 dolius
425 1759 504 1822 tunc
521 1755 678 1841 temporis
697 1771 756 1821 rex
773 1757 879 1822 extitit
894 1753 1129 1844 Romanorum,
1149 1755 1203 1840 qui
1221 1757 1357 1840 proptor
1373 1750 1428 1832 nbi

296 1853 380 1920 mias
398 1854 639 1941 occupationes
658 1871 742 1940 quas
760 1853 875 1934 babuit
891 1855 924 1920 in
943 1854 1106 1920 Teutonia
1123 1852 1165 1920 ad
1182 1867 1324 1936 regnum
1340 1847 1416 1916 Are·

296 1952 426 2020 lutense
444 1969 513 2019 non
529 1957 660 2040 poterat
676 1954 866 2040 pervenire,
892 1959 929 2019 ut
945 1951 1027 2018 illud
1043 1953 1077 2018 in
1093 1953 1259 2040 propriam
1277 1941 1428 2036 potesta-i

296 2057 362 2119 tem
380 2050 531 2118 traheret.
571 2051 767 2136 Intelligens
792 2051 855 2119 hcc
873 2069 931 2118 rex
947 2051 1086 2119 Francie
1103 2049 1275 2117 mandavit
1292 2037 1428 2114 baroni-l

296 2149 359 2218 bus
375 2149 494 2237 quibus
509 2167 568 2217 rox
582 2167 720 2234 regnum
733 2145 931 2216 Arelatense
941 2151 1150 2218 commiserat
1160 2143 1428 2230 custodiendum,

296 2255 332 2315 ut
350 2246 413 2315 sibi
430 2265 569 2333 regnum
595 2249 629 2313 in
646 2253 847 2334 potestatem
873 2266 967 2316 suam
985 2247 1120 2338 darent,
1148 2247 1300 2334 alioquin
1326 2249 1428 2340 totum,

296 2363 435 2432 regnum
454 2365 527 2413 cum
545 2347 678 2413 armatis
696 2346 886 2414 hominibus
905 2346 1104 2415 devastaret.
1132 2345 1302 2414 Custodes
1313 2339 1428 2408 Areia-¹

297 2445 404 2512 tensis
422 2445 516 2529 regni
534 2461 648 2530 regem
665 2445 801 2512 Francia
820 2445 1011 2533 suppliciter
1029 2449 1231 2532 rogaverunt
1260 2447 1410 2531 quatenus

296 2559 435 2628 regnum
452 2561 521 2610 non
539 2561 635 2610 suum
652 2560 722 2610 non
738 2538 748 2579 ¹
768 2543 904 2611 deleret.
952 2543 1084 2611 Vellent
1110 2544 1195 2625 enim
1220 2543 1410 2609 voluntatem

297 2660 392 2711 suam
416 2643 488 2728 regi
504 2641 727 2710 Romanorum
753 2641 952 2710 demandare
979 2647 1012 2710 ct
1039 2641 1129 2728 quod
1152 2659 1294 2727 regnum
1312 2642 1411 2706 contra

296 2742 502 2809 voluntatem
528 2741 618 2826 regis
643 2740 780 2808 Francie
807 2759 874 2808 non
900 2746 1044 2828 possent
1066 2759 1126 2828 per
1145 2746 1276 2826 tempus
1295 2730 1411 2822 aliquod

297 2841 449 2928 relinere,
469 2841 546 2926 quia
562 2845 681 2926 posset
698 2857 834 2925 regnum
855 2858 928 2908 cum
941 2839 1074 2906 armatis
1088 2837 1275 2906 hominibus
1291 2834 1411 2903 faciliter

299 2937 486 3005 devastare.
514 2937 594 3004 Cum
611 2937 674 3005 beo
686 2944 725 3029 et
749 2938 800 3004 his
819 2939 937 3004 similia
955 2937 1115 3006 custodes
1133 2939 1228 3023 regni
1245 2933 1409 3004 Arelaten-
1427 2943 1428 3030 p

300 3037 347 3102 sis
371 3037 443 3120 regi
469 3033 689 3103 Romanomm
713 3035 989 3126 demandassent,
1022 3037 1156 3124 scripsit
1182 3037 1246 3103 cis:
1282 3031 1366 3120 qnod
1383 3039 1428 3093 ce

299 3132 513 3216 defenderent
536 3134 589 3200 cel
611 3138 842 3220 componerent
862 3137 947 3202 slent
966 3138 1118 3220 possent,
1149 3136 1228 3218 quio
1252 3128 1428 3216 secundun}

299 3234 455 3315 temporis
470 3235 592 3298 slctnrn
609 3251 674 3299 non
687 3237 802 3318 posset
816 3235 864 3299 eis
880 3235 914 3300 in
930 3233 1043 3318 aliquo
1059 3231 1237 3300 encaeniae.
1276 3229 1344 3298 Hec
1360 3243 1408 3293 au·
1427 3243 1428 3288 3

298 3328 429 3398 dientes
446 3328 651 3398 Arelatensis
676 3333 771 3416 regni
789 3331 947 3399 custodes
974 3350 1111 3416 regnum
1137 3332 1208 3416 regi
1226 3327 1409 3397 tradiderunt
1427 3353 1428 3382 ;

297 3429 353 3496 tali
371 3428 561 3496 conditione
581 3447 642 3496 sou
660 3435 776 3516 pacto:
802 3435 839 3496 nt
853 3432 926 3515 reni
942 3430 1164 3497 Romanorum
1186 3445 1323 3515 repncm
1345 3420 1408 3490 red-

296 3527 391 3594 deret
405 3527 458 3594 cel
472 3545 545 3594 enm
569 3544 608 3593 eo
631 3527 769 3612 pacifice
792 3533 1002 3612 conponeret
1027 3526 1224 3613 tenporibus
1248 3520 1407 3611 oportuna.

296 3623 366 3692 Rex
383 3631 489 3694 autem
508 3625 645 3692 Francia
665 3631 803 3713 accepto
826 3643 932 3712 regno
952 3625 1049 3694 iliam
1068 3645 1141 3695 oum
1161 3643 1201 3694 eo
1220 3617 1407 3691 matrimonio

297 3725 472 3811 copulavit.

370 3818 521 3889 Audiens
547 3841 606 3889 rex
622 3819 745 3907 Anglic
771 3821 862 3908 quod
890 3841 948 3890 rex
973 3822 1109 3890 Francie
1136 3839 1276 3906 regnum
1305 3815 1406 3888 Arela-

299 3923 393 3985 tense
425 3920 496 4004 regi
513 3917 734 3987 Romanorum
758 3921 981 3989 subtraxisset
1005 3927 1104 4006 atque
1131 3919 1196 3986 filie
1224 3915 1405 3994 tradidisset,

298 4015 467 4085 mandavit
489 4018 560 4102 regi
583 4015 803 4086 Romanorum
820 4015 963 4108 Adolio,
989 4017 1080 4106 quod
1099 4019 1127 4084 si
1144 4017 1249 4085 vellet
1275 4034 1344 4084 eum
1364 4011 1406 4076 iu-

297 4132 376 4182 vare
386 4167 395 4203 ,
421 4114 512 4200 quod
530 4116 695 4183 civitatem
717 4135 815 4203 quam
833 4117 896 4184 sibi
914 4135 972 4185 rex
989 4117 1125 4185 Francie
1145 4115 1349 4184 subtraxerat
1362 4124 1405 4176 re·
1427 4139 1428 4144 =

333 4224 363 4290 l)
382 4220 522 4276 nonhabe
541 4221 584 4276 ich
602 4227 719 4290 crgdnzt.
