2950 4836
276 229 344 298 562
629 259 790 304 onnourcon
814 259 1059 305 osrsnnoueuss.

191 401 257 458 1666
276 395 336 464 Cui
362 394 519 464 fidelitate
545 405 579 464 et
603 397 752 466 serviciis
776 395 931 464 dorninus
950 394 1028 464 Otto
1047 395 1114 464 dux
1131 396 1283 462 Bauarie
1301 394 1400 464 adbe-

272 493 365 562 rebat
383 495 468 564 sicut
486 504 584 565 antea
601 497 685 584 patri
711 513 773 562 suo
792 497 1003 584 promiserat,
1031 502 1065 564 61
1083 494 1191 562 aidenr
1217 493 1260 561 ad
1277 495 1399 562 iussum

271 595 361 679 ragis
387 593 528 681 predicti
552 613 668 664 ornnes
696 611 850 662 waronos
875 600 960 662 terre
986 593 1178 662 fidelitatem
1196 611 1329 664 6611616
1345 595 1398 660 iu-

272 698 435 764 raverunt.
472 695 511 762 111
535 696 613 780 qnia
643 693 811 782 predictus
839 712 898 761 rex
927 695 1061 762 vivente
1093 698 1186 781 patro
1211 698 1397 780 assumptus

271 792 379 864 iuerat
398 794 431 862 iu
455 811 568 879 regern
584 793 746 881 ungarie,
765 793 913 878 insignia
930 794 1026 878 regni
1046 792 1202 882 predicti,
1227 797 1399 859 constare

271 893 305 961 in
333 891 481 976 Unguria
503 911 571 960 nou
600 897 718 980 posset
742 899 876 979 propter
896 891 1121 960 infidelitatem
1150 893 1260 979 ipsius
1284 891 1397 978 gentis,

271 989 452 1058 reducente
466 993 575 1079 ipsunt
592 998 685 1078 patre
700 990 870 1057 laboribus
887 995 920 1058 et
936 992 1094 1078 expensis
1119 989 1161 1058 ad
1180 1007 1321 1076 regnum
1333 988 1397 1056 Bo-

273 1089 459 1180 beurorurn,
486 1082 634 1177 predicta
656 1090 803 1175 insignia
828 1107 941 1158 secum
965 1095 1203 1177 asportaverat.
1230 1089 1400 1156 Dominum

273 1184 429 1259 Ottoneru
443 1188 561 1258 duoern
576 1189 741 1272 Bassaris,
761 1190 814 1256 cui
831 1193 924 1276 pater
940 1190 1047 1276 ipsum
1063 1191 1097 1257 in
1115 1194 1221 1256 rnorte
1238 1204 1401 1255 coornen-

272 1285 426 1377 davcrat‚
444 1295 481 1358 ut
506 1307 644 1374 regnunt
672 1306 768 1356 suum
796 1287 978 1356 secundurn
1004 1289 1179 1355 consilium
1205 1287 1313 1374 ipsius
1338 1304 1400 1371 gu-

271 1385 444 1475 16166161,
473 1387 642 1472 regalibus
661 1387 791 1474 nupciis
814 1386 902 1474 apud
925 1387 1092 1454 Br·iinnarn
1111 1387 1263 1453 itioravie
1287 1386 1401 1452 civita-

271 1491 337 1554 teru
364 1487 539 1554 celebratis
567 1487 651 1554 circa
678 1485 800 1554 iustum
831 1485 921 1554 beati
946 1485 1100 1572 Dionysii
1127 1481 1244 1574 [1305
1267 1489 1331 1551 oct.
1352 1480 1399 1573 9]‚

272 1583 399 1652 eisdem
415 1586 571 1669 insigniis
588 1603 662 1652 cunr
676 1583 798 1654 ibidem
814 1591 986 1652 monerent
1002 1585 1187 1673 honoravit,
1199 1585 1298 1670 quasi
1312 1583 1401 1668 regni

270 1682 416 1768 Ungarie
436 1684 644 1752 verissimum
659 1682 825 1752 heredern.
851 1685 972 1754 Verunr
1001 1685 1078 1770 quia
1101 1682 1273 1771 predictus
1298 1680 1400 1748 dond-

270 1799 334 1850 nus
357 1777 434 1848 Otto
459 1781 520 1848 sub
544 1801 604 1870 spe
625 1782 789 1868 regnandi
805 1784 838 1851 in
855 1783 1001 1868 Ungaria
1024 1782 1066 1850 ad
1086 1783 1300 1849 vocationem
1321 1797 1401 1866 quo-

270 1879 408 1948 rundara
430 1882 664 1969 episcoporum
690 1888 723 1950 et
745 1881 903 1951 nobiiiurn
921 1883 1028 1969 ipsius
1049 1882 1159 1970 regni,
1185 1879 1402 1948 renitentibus

271 1980 505 2050 consiliaribus
527 1981 695 2070 Bouario,
721 1979 807 2050 inira
828 1988 979 2050 octavam
1002 1981 1182 2048 nativitatis
1205 1978 1307 2046 beate
1331 1977 1402 2043 Vir-

271 2079 359 2163 ginis
387 2075 501 2168 [1305
529 2085 614 2168 sept.
637 2077 700 2170 15]
727 2085 847 2148 terrain
870 2099 964 2148 suurn
985 2081 1126 2168 exierat,
1151 2078 1322 2148 adiunctis
1347 2075 1404 2144 sibi

271 2176 407 2245 domino
431 2177 483 2246 111.
504 2180 632 2246 iuniore
653 2180 773 2246 cornito
792 2179 833 2247 de
854 2177 955 2266 Η616,
985 2180 1079 2246 ouius
1104 2183 1200 2265 pater
1220 2177 1405 2244 infirmitate

271 2275 428 2348 detentus
442 2276 504 2344 tuit
521 2278 555 2344 in
570 2277 760 2368 Strubinga‚
779 2296 911 2346 necnon
925 2276 1059 2345 dornino
1070 2276 1220 2344 Hartiibc
1236 2275 1280 2344 de
1294 2275 1402 2342 Pncb-

270 2375 374 2463 perch
398 2381 476 2443 tuno
498 2379 656 2462 magistro
679 2379 785 2468 curie,
805 2396 879 2446 cum
896 2378 970 2444 aliis
993 2377 1163 2444 nobilibus
1177 2376 1317 2464 paucis,
1337 2391 1405 2442 curn

271 2479 365 2541 esset
382 2476 416 2541 in
440 2476 590 2566 Brinno,
611 2478 774 2544 animatus
797 2477 911 2544 maiori
931 2475 1071 2544 audacia
1089 2475 1130 2542 de
1150 2473 1326 2560 regalibus
1345 2472 1404 2540 sibi

269 2573 471 2662 assignatis,
490 2574 576 2644 idern
595 2594 732 2661 regnum
747 2593 819 2644 curn
834 2575 949 2663 paucis
967 2575 1008 2642 de
1031 2575 1185 2642 Bouaria
1206 2578 1328 2642 contra
1342 2589 1400 2640 vo-

197 2716 201 2724 ·
267 2671 427 2742 luntatern
451 2671 577 2742 Alberti
599 2675 689 2760 regis
713 2673 935 2742 Rornanorum
957 2680 990 2742 et
1015 2673 1070 2742 irlii
1092 2675 1144 2740 sui
1160 2671 1294 2740 Rudolii
1311 2670 1400 2739 ducis

268 2769 401 2843 Austris
411 2825 421 2861 ,
440 2773 502 2840 sub
522 2791 644 2858 niagno
662 2773 809 2860 periculo
832 2773 979 2860 corporis
999 2779 1031 2840 61
1047 2791 1169 2861 rerunt,
1188 2773 1289 2858 quasi
1304 2787 1400 2838 verus

268 2868 366 2942 heres
384 2872 517 2942 intravit
540 2871 799 2961 possidendum,
818 2873 982 2960 recipiens
1004 2889 1041 2940 se
1059 2872 1094 2940 in
1115 2869 1210 2939 Buda
1234 2871 1328 2938 circa
1350 2867 1366 2936 1
1383 2904 1401 2916 -

270 2967 927 3060 6111616611Μ6111111[1305116611]
954 2970 995 3038 Ε1
1022 2969 1270 3058 subsequenter
1291 2971 1326 3036 in
1351 2967 1400 3036 dic

268 3065 356 3138 beati
375 3068 515 3154 Nycolai
538 3067 629 3158 [deo.
654 3067 693 3160 6]
711 3089 771 3159 per
787 3069 948 3156 quosdam
973 3071 1169 3158 episcopm,
1188 3067 1401 3157 presentibus

267 3165 376 3234 nrultis
396 3166 576 3236 baronibus
596 3186 669 3235 curn
687 3171 805 3237 cernite
822 3168 941 3237 Ybano
958 3173 990 3236 61
1007 3168 1091 3236 duce
1113 3168 1290 3256 Stephano
1312 3167 1400 3235 aliis-

268 3281 333 3350 que
352 3264 481 3355 rnultis,
500 3267 535 3334 in
557 3267 824 3336 Weizzenburcb
847 3274 1043 3357 coronatur,
1062 3267 1192 3335 habens
1215 3266 1399 3335 666111611-

268 3364 378 3450 signia
404 3365 551 3436 eiusdem
576 3369 682 3452 regni.
716 3368 757 3436 Et
786 3372 941 3454 potenter
966 3373 1087 3453 regnat
1106 3367 1193 3434 61166
1218 3365 1351 3434 Budam
1371 3367 1399 3430 at

266 3465 424 3532 tarrninos
438 3464 561 3533 ibidenr
574 3467 722 3556 vicinos,
741 3467 969 3553 preciosisque
989 3465 1152 3534 cianodiis
1178 3483 1198 3532 6
1221 3463 1397 3534 comitibus

266 3561 353 3632 iliius
376 3569 460 3631 torre
481 3564 669 3634 honoratur.

339 3661 465 3734 Eodem
489 3682 577 3732 anno
604 3663 758 3732 doninus
784 3661 940 3734 Albertus
968 3665 1080 3732 senior
1110 3681 1224 3731 comes
1248 3661 1295 3730 de
1320 3659 1396 3728 Hais

265 3758 450 3830 infirmitate
475 3767 693 3851 pregravatus
702 3815 711 3852 ‚
735 3763 854 3832 volens
883 3781 920 3832 se
946 3762 1125 3832 transferre
1151 3761 1195 3829 ad
1220 3758 1395 3828 61116116-

265 3858 413 3941 rniuiurn,
445 3860 619 3930 descendit
645 3881 664 3930 6
689 3861 868 3947 Strubinga
893 3863 927 3930 in
952 3879 1088 3950 aquam,
1113 3862 1206 3928 venit
1230 3859 1274 3928 ad
1294 3859 1394 3928 iarun

265 3953 390 4040 Pogon.
423 3959 493 4027 Nec
519 3961 659 4030 consilio
683 3961 886 4028 medicorum
912 3960 993 4028 ultra
1018 3959 1174 4048 progredi
1199 3960 1322 4027 valens
1341 3955 1395 4024 de-

265 4053 395 4144 cubuit,
423 4063 456 4124 61
478 4061 621 4148 receptis
649 4059 887 4129 ecclesiasticis
907 4060 1122 4127 sacramentis
1140 4059 1184 4127 iii.
1203 4076 1283 4126 non.
1303 4062 1395 4124 octo-

265 4152 332 4220 bris
343 4156 485 4224 moritur.
504 4157 752 4244 Deduciturque
766 4160 801 4226 in
816 4177 903 4245 aqua
916 4157 1077 4246 usquead
1090 4158 1269 4226 ecclesiam
1285 4153 1395 4224 Oster-

265 4250 466 4344 bovensem,
487 4261 519 4321 et
537 4257 570 4322 in
589 4255 740 4324 eiusdem
758 4259 948 4326 monasterii
976 4257 1119 4347 capitulo
1140 4256 1325 4325 honorifice
1343 4271 1394 4322 sa-
