2886 4834
297 227 368 294 tlt
654 251 817 300 currnruus
840 253 877 299 ur
898 253 1068 301 susurrum.

212 403 278 456 tart
294 389 1418 485 [tecleepiscoporumArgentincnsiumcstcunsecutapereundcm,

292 493 333 560 de
352 510 481 561 sursum
501 497 610 560 tamen
629 509 647 558 a
667 509 734 579 quo
753 491 840 561 bona
859 501 978 562 cuncta
1000 493 1193 582 procedunt.
1219 495 1332 562 Mater
1348 512 1418 561 vero

291 593 399 679 ipsius
419 590 541 658 domini
560 589 690 657 lludolli
709 591 847 681 nubiliS,
876 594 952 679 quia
980 593 1044 660 lilia
1070 593 1200 660 comitis
1218 595 1253 662 in
1273 591 1418 682 lliburcb7

292 710 357 778 que
377 690 550 757 virtutibus
569 690 678 757 miultis
698 690 813 758 claruit
831 697 864 758 et
881 691 1062 759 nobilitate.
1089 692 1221 761 blortuo
1238 698 1350 759 autem
1366 711 1419 779 pa·

292 799 339 858 tre
366 791 472 878 ipsius
500 789 622 856 domini
641 788 789 880 liudolfi,
816 791 889 878 ipse
908 789 1061 858 dominus
1079 789 1242 859 liudulfus
1263 793 1420 859 successit

292 893 325 957 in
343 890 453 957 locurn
471 890 592 977 patris,
618 896 651 955 ct
671 887 778 956 lactus
802 888 863 956 suit
889 891 1038 957 similiter
1065 890 1133 957 dux
1151 891 1266 957 militie
1287 891 1419 956 civitatis

291 989 563 1076 Argentinensis‚
596 993 630 1053 ct
656 994 790 1056 secutus
821 990 963 1075 vestigia
987 991 1088 1077 patris
1114 991 1148 1056 in
1176 996 1308 1057 tantum
1333 990 1420 1055 ctiam

292 1087 382 1176 qrrod
408 1089 481 1175 ipsc
510 1087 604 1155 solus
625 1085 798 1154 timebatur
815 1105 875 1175 por
893 1093 996 1155 totam
1015 1085 1175 1155 Alsatiam
1194 1096 1228 1156 et
1248 1088 1419 1173 Sweviam,

291 1188 424 1255 iuvante
441 1183 551 1254 tamen
566 1184 630 1252 sibi
643 1186 776 1254 civitate
790 1183 1038 1272 Argentincnsi.
1064 1186 1228 1255 Preualuit
1242 1188 1333 1254 enirn
1348 1203 1420 1253 oon·

292 1294 341 1354 tra
367 1287 518 1354 comitem
547 1284 677 1352 Petrum
695 1286 737 1352 du
756 1285 876 1374 Serui,
909 1287 964 1373 qui
983 1285 1105 1353 divitiis
1125 1291 1159 1353 et
1183 1287 1304 1353 militia
1322 1285 1419 1372 polle-

291 1387 367 1474 bat,
392 1382 618 1472 expugnando
637 1389 746 1451 castra
765 1402 841 1473 sua,
869 1384 984 1452 Baden
1009 1385 1166 1453 videlicet
1184 1391 1217 1452 et
1235 1384 1419 1470 Morsburg,

293 1491 436 1552 castrum
455 1482 580 1567 lliburg
605 1488 638 1549 et
656 1482 789 1570 opidum
813 1483 1021 1573 Winterdiir,
1043 1492 1075 1550 ct
1093 1485 1286 1553 comitatum
1308 1483 1349 1550 de
1368 1483 1419 1548 lli-

292 1583 377 1668 burg
396 1582 458 1648 sibi
477 1573 698 1667 subiugando.
726 1578 775 1648 Ao
793 1585 945 1650 comitem
963 1582 1144 1671 predictum
1164 1583 1206 1650 ad
1225 1585 1362 1671 propria
1376 1581 1419 1648 lu-

292 1680 406 1769 gundo
431 1682 605 1748 insecutus
634 1680 693 1747 luit
718 1700 791 1748 curn
810 1699 883 1748 cum
900 1683 988 1748 mille
1007 1688 1040 1748 et
1058 1683 1251 1769 quingentis
1272 1681 1419 1748 militibus

292 1782 424 1848 armatis
451 1779 655 1864 suffragante
683 1781 815 1847 civitate
833 1776 1090 1868 Argentinensi‚
1118 1787 1151 1846 et
1170 1779 1309 1848 obsedit
1326 1781 1419 1848 Beru-

291 1899 366 1948 nam
392 1886 425 1946 et
449 1876 591 1946 reddidit
617 1896 677 1946 eos
702 1879 899 1946 tributarios.
927 1881 1091 1946 Prevaluit
1109 1881 1207 1946 etiam
1227 1886 1349 1947 contra
1367 1897 1418 1946 co-

292 1981 401 2047 mitem
426 1977 468 2046 de
495 1977 735 2066 Tockenburg,
767 1995 863 2064 quem
884 1980 1016 2045 omnino
1036 1977 1286 2066 depauperavit.
1316 1978 1434 2046 Domi-r

292 2097 355 2147 nos
383 2079 479 2145 ctiam
504 2075 546 2144 de
569 2075 791 2162 Regensberg
817 2076 858 2144 de
884 2077 1065 2163 Griesberg
1089 2084 1122 2144 et
1140 2077 1181 2144 de
1201 2077 1349 2164 Clingen
1367 2094 1419 2143 suo

293 2178 355 2244 sub
374 2179 454 2262 iugo
473 2177 601 2264 posuit,
629 2183 662 2243 ct
678 2177 754 2263 ipso
782 2175 869 2244 lucto
890 2175 975 2244 lama
993 2195 1051 2265 pcr
1068 2181 1179 2265 partus
1198 2177 1317 2244 mrmdi
1336 2177 1418 2244 vola-

292 2279 354 2364 rit,
375 2275 465 2362 quod
485 2292 552 2342 non
571 2282 665 2342 essct
682 2274 874 2342 bellicosior
891 2293 942 2342 oo.

366 2373 465 2442 Anno
484 2371 607 2441 domini
635 2375 835 2442 mcclxxiii.
854 2391 944 2442 nouo
964 2375 1027 2441 kal.
1046 2374 1236 2442 novembris
1259 2370 1344 2464 [oct.
1364 2370 1435 2456 24]1

292 2473 325 2541 id
347 2481 399 2541 est
416 2474 522 2560 primo
542 2489 657 2540 mense
678 2472 947 2562 subelectionis,
966 2472 1129 2542 lludollus
1146 2492 1203 2542 rex
1222 2470 1419 2560 Aquisgmui

294 2579 473 2641 coronatus
493 2577 554 2661 est,
574 2577 606 2638 et
625 2589 685 2660 pcr
703 2571 989 2660 archiepiscopum
1008 2571 1244 2654 coloniensem
1257 2574 1296 2639 in
1318 2587 1418 2656 regen

292 2679 344 2740 est
367 2674 532 2739 inunctus.

368 2772 447 2839 Post
478 2771 540 2837 bec
567 2786 722 2838 reversus
754 2768 797 2837 ad
825 2777 941 2838 terram
974 2766 1119 2860 alisatio,
1151 2776 1185 2838 et
1213 2775 1294 2857 post
1319 2765 1418 2836 modi-

294 2887 366 2937 cum
394 2878 523 2956 tempus
557 2867 699 2938 collecto
733 2871 878 2936 exercitu
911 2871 1132 2957 expugnavit,
1167 2869 1337 2936 arridente
1367 2863 1418 2932 sibi

294 2967 441 3055 fortuna,
474 2967 653 3034 fortissima
682 2974 791 3036 castra
822 2974 856 3036 et
882 2967 983 3056 opida
1014 2968 1213 3054 blulcnberg
1240 2967 1418 3050 Crezingcu

295 3074 328 3132 et
344 3065 499 3154 Durlacb,
520 3083 559 3132 ao
582 3072 682 3133 totam
702 3073 819 3133 terram
834 3067 968 3135 swevie
991 3086 1032 3134 ex
1056 3069 1119 3135 alia
1139 3074 1231 3155 parte
1255 3066 1341 3134 Reni
1363 3079 1418 3150 quc

295 3171 365 3232 erat
379 3165 577 3230 marchionis
593 3163 634 3232 de
651 3165 777 3232 Baden.
796 3167 836 3234 Et
851 3165 1066 3254 urtaiur'tpax
1083 3184 1204 3252 magna
1221 3167 1417 3254 perGenua·

295 3265 382 3330 niam
400 3282 419 3330 a
436 3263 601 3331 montibus
617 3263 709 3332 ltalia
727 3283 835 3350 usquc
851 3264 892 3332 ad
906 3266 1014 3333 lacurn
1030 3264 1209 3350 Angliuani
1227 3267 1338 3333 maris,

212 3359 278 3414 ¹2⁷6
370 3360 468 3430 Anno
488 3361 611 3430 domini
630 3363 829 3430 m.cu.lxx.vi.
847 3363 1001 3432 dominus
1019 3363 1181 3432 Rudollirs
1199 3363 1339 3432 illustris
1356 3364 1416 3432 llo·

294 3479 462 3529 manorum
480 3480 552 3549 rex,
573 3462 715 3530 collecto
741 3463 889 3532 exercitu
910 3480 1051 3549 magno,
1077 3481 1145 3530 una
1171 3481 1243 3530 eum
1267 3465 1417 3551 principi-

295 3559 357 3628 bus
377 3557 550 3628 Alemauie
570 3577 689 3628 versus
712 3557 879 3628 dustriam
901 3563 962 3628 iter
981 3563 1135 3650 arripuit,
1160 3562 1272 3648 ibique
1295 3560 1417 3629 obsedit

295 3661 459 3727 ciuitatem
484 3659 660 3726 Wiennam
686 3666 801 3728 contra
826 3679 939 3745 regem
958 3661 1147 3729 Bobcmum.
1174 3659 1215 3728 Et
1236 3659 1416 3747 subiugavit

295 3757 358 3824 sibi
377 3759 541 3826 civitatem
560 3757 737 3826 Wienuam
753 3758 952 3847 predictam,
973 3777 1037 3846 que
1057 3767 1154 3848 eaput
1171 3765 1223 3826 est
1244 3761 1345 3827 totius
1361 3758 1414 3825 du-

296 3863 390 3924 catus
408 3855 561 3944 dustria,
581 3857 699 3925 voleus
724 3857 891 3926 retrahere
908 3857 949 3924 de
964 3877 1063 3924 manu
1080 3859 1171 3944 regis
1187 3857 1345 3926 Bobemie
1361 3857 1414 3924 du-

296 3960 403 4021 catum
423 3953 557 4022 Austrie
576 3955 776 4045 predictum,
796 3959 851 4043 qui
868 3957 957 4024 illum
975 3958 1138 4025 violenter
1154 3956 1326 4024 detinebat
1341 3973 1413 4024 cun-

210 4051 212 4055 ’
295 4057 344 4118 tra
366 4051 546 4122 Ronrarrum
571 4055 748 4142 imperium.
786 4056 827 4123 Et
846 4058 959 4124 statuit
986 4056 1049 4124 sibi
1075 4055 1246 4145 predictus
1271 4055 1413 4123 domiuus

294 4149 456 4218 Rudollus
483 4155 688 4221 mansionem
712 4156 745 4220 in
772 4155 904 4222 civitate
934 4155 1078 4223 Wienna
1103 4155 1260 4242 prodictu.
1300 4153 1413 4222 Vidcus

296 4255 403 4317 nartem
421 4268 479 4326 reu
489 4250 652 4318 Bobemus
662 4245 860 4345 OlbakaruS,
876 4255 1010 4342 quintus
1025 4254 1324 4343 ruxBobemorum
1335 4248 1412 4353 qrrod
