2886 4834
255 188 301 256 bb
629 214 790 262 cuuoruuox
813 217 1019 264 couurmrmsu.

256 362 367 424 castro
388 354 546 424 derelioto
570 371 643 421 oum
658 353 853 442 corporibus
875 338 1097 424 recesserunt.
1125 356 1245 424 Comes
1265 354 1394 426 lludol-

257 453 309 522 ius
330 454 443 524 habito
466 459 576 521 eastro
593 452 773 540 destruxit,
794 459 827 521 et
844 472 899 524 res
914 473 1028 523 sorum
1050 456 1132 524 olias
1151 455 1354 524 devastavit.

332 554 412 622 Post
437 560 574 621 mortem
588 554 795 641 imperatoris
810 553 963 622 Friderioi
981 557 1107 644 imperii
1121 573 1176 623 ros
1195 571 1284 642 quus
1295 555 1394 642 quili-

258 653 314 721 bet
338 652 543 721 dominorum
575 657 705 739 poterat
733 651 937 722 rouiisoavit.
968 652 1118 722 Obtinuit
1143 661 1254 723 autem
1281 671 1396 722 eomes

257 750 418 820 Rudolius
435 751 477 818 de
496 751 683 818 Habisburo
700 751 868 820 Brisaoum
879 759 981 842 etper
996 760 1124 842 tempus
1141 754 1271 840 aliquot
1286 754 1322 820 iu
1337 772 1399 820 suu

259 853 363 919 tenuit
375 856 553 938 potestate.
569 849 780 918 Venerabilis
790 868 872 920 vero
887 851 1042 922 domiuus
1063 853 1240 922 Heinriuus
1257 854 1396 940 episeo-

257 968 321 1042 pus
335 949 532 1020 Basilieusis
543 949 625 1017 dixit
636 951 746 1018 comiti
760 947 921 1040 liudolio,
935 954 1025 1037 puod
1035 953 1210 1036 Brisueum
1222 969 1321 1018 soum
1337 951 1398 1017 de-

258 1049 349 1117 beret
367 1067 456 1134 esse,
477 1067 516 1116 eo
530 1050 621 1134 puori
637 1049 707 1116 iure
725 1046 924 1118 terentterto
934 1053 1146 1136 possedisset.
1173 1049 1300 1120 Comes
1318 1067 1398 1118 vero

258 1147 421 1218 liudolfus
447 1147 552 1238 dixit,
575 1149 665 1233 quud
684 1150 714 1215 st
732 1147 829 1215 vellet
847 1151 876 1216 et
897 1151 980 1218 dore
1002 1150 1090 1218 settle
1110 1168 1247 1218 murcos
1271 1151 1403 1235 arpenti

254 1263 319 1334 pro
331 1249 402 1316 iure
413 1265 475 1314 suo
483 1300 492 1336 ,
505 1248 712 1332 promitteret
724 1251 869 1314 ausuum
883 1253 915 1316 et
927 1249 1099 1317 castellum
1115 1250 1299 1317 traderem
1312 1249 1401 1333 epis-

258 1348 335 1432 oopr'
349 1349 554 1432 potestatem.
582 1347 773 1435 Episcopus·
786 1365 865 1416 vero
889 1347 981 1424 dedit
994 1350 1025 1416 ei
1045 1357 1239 1436 nongentas
1252 1364 1401 1435 mareas,

259 1453 294 1512 et
312 1447 364 1512 sio
382 1445 524 1514 obtinuit
544 1447 710 1514 oivitatem
735 1462 833 1533 quam
859 1447 975 1516 babuit
999 1465 1107 1536 usque
1130 1447 1172 1516 ad
1195 1447 1401 1516 electionem

258 1540 389 1612 lludolii
407 1546 442 1612 in
463 1561 576 1630 rogem
596 1543 827 1614 Romanorum.

335 1642 414 1711 Cum
430 1648 538 1712 autem
559 1645 687 1712 iuterim
707 1661 820 1712 eomes
837 1643 1000 1714 lludolius
1017 1647 1211 1733 episcopum
1227 1644 1402 1712 Basilieu-

260 1761 329 1810 som
346 1741 495 1810 indebite
510 1743 719 1834 molestaret,
737 1744 917 1832 episeopus
940 1745 1137 1813 Basilieusts
1151 1745 1323 1812 aocersito
1345 1761 1403 1810 oo-

260 1843 336 1909 mite
360 1839 503 1911 liudolfo
524 1841 624 1909 dixit:
650 1844 815 1933 Copuute,
840 1845 1058 1911 ooeeotiose
1082 1861 1157 1910 meo
1184 1843 1343 1928 quiesse,
1376 1845 1406 1908 et

260 1939 314 2009 ott
330 1945 458 2008 eentum
473 1940 609 2009 murcos
624 1943 755 2027 urpeuti
768 1941 951 2010 ooluoturte
970 1941 1169 2010 ministrabo.
1197 1940 1322 2010 Comes
1346 1958 1405 2029 per

259 2040 349 2108 illum
382 2059 502 2108 anuum
534 2041 722 2108 volu'utarie
747 2041 953 2128 quiesoebut.
986 2041 1257 2128 sequentianno
1284 2057 1403 2108 eomes

259 2137 421 2208 Rudolius
437 2141 632 2228 episcopum
648 2141 736 2228 oepit
752 2140 953 2209 seeundario
971 2141 1174 2229 perturbare.
1200 2140 1323 2207 lterum
1341 2138 1403 2206 de-

261 2238 309 2306 dit
325 2245 457 2306 oeutum
476 2257 623 2328 mareas,
641 2249 677 2306 ut
699 2257 771 2307 eum
794 2239 936 2328 amplius
956 2258 1024 2308 nou
1045 2246 1200 2329 vexaret,
1226 2240 1402 2306 etiterum

261 2356 280 2404 a
300 2339 480 2406 vexatione
499 2337 698 2406 seouudario
713 2338 907 2406 desistebat.
935 2340 1052 2408 Teroio
1070 2357 1159 2407 auno
1171 2339 1269 2426 petiit
1284 2355 1403 2406 oorues

259 2433 423 2504 lludollus
447 2433 670 2525 abepiscopo
694 2437 855 2506 duooutas
876 2457 1005 2507 mareas
1030 2457 1070 2506 eo
1095 2437 1186 2526 quod
1211 2435 1401 2522 indigeret,

261 2537 445 2604 eratenim
473 2536 582 2604 multis
604 2535 724 2606 debitis
747 2537 924 2622 obligatus.
951 2537 1138 2625 Episoopus
1166 2533 1265 2604 dixit:
1300 2537 1402 2602 Ve're-

260 2635 481 2704 moderatae
504 2636 544 2703 de
570 2641 679 2704 cetero
703 2635 917 2716 tributarium·
942 2655 1014 2703 eum
1033 2638 1180 2704 ducentis
1206 2635 1334 2702 nmrois
1355 2636 1405 2701 sie

260 2751 311 2801 me
325 2735 467 2802 amntem
480 2736 570 2820 puori
588 2735 775 2802 oioteutiem
797 2737 924 2818 ruisime
939 2737 1146 2820 pertimesco.

181 2849 263 2904 raes
339 2833 419 2901 Post
444 2833 506 2900 beo
524 2835 612 2921 oepit
629 2851 742 2902 eomes
763 2833 926 2902 liudolfus
948 2835 1144 2922 episcopum
1167 2833 1403 2917 basiliensem,

262 2938 442 3016 cognatum
458 2949 552 3000 suurn
560 2985 569 3021 ,
585 2939 743 3019 quantum
759 2935 1085 3022 potuitimpuguure.
1112 2934 1301 3021 Episooprrs
1315 2949 1403 2998 vero

263 3047 336 3097 oum
363 3029 489 3097 oiribus
514 3031 757 3100 Basilieusibus
777 3032 887 3100 villam
909 3031 1135 3100 bladolsheim
1159 3049 1224 3118 que
1253 3032 1316 3097 situ
1351 3037 1405 3097 ost

263 3145 369 3216 propo
391 3126 557 3218 Rhenum,
583 3149 648 3216 que
667 3137 746 3198 turre
764 3133 897 3200 noviter
915 3132 1040 3200 munita
1060 3131 1167 3199 iuerat
1187 3129 1319 3198 iossato
1349 3136 1403 3196 at-

265 3244 330 3312 que
357 3229 637 3319 propugnaculis,
661 3223 816 3318 potenter
837 3231 988 3319 intravit,
1015 3237 1048 3298 at
1073 3231 1182 3298 omnia
1207 3247 1273 3316 que
1302 3229 1337 3296 iu
1362 3245 1404 3295 ea

265 3324 395 3394 inerant
428 3325 625 3395 devastavit.
659 3329 737 3397 Post
761 3329 823 3396 beo
847 3347 959 3397 oomes
985 3327 1147 3397 liudolfus
1169 3328 1326 3396 dominos
1359 3326 1402 3394 da

265 3425 456 3494 'lokiuburo
483 3427 569 3496 lilios
592 3429 717 3496 sororis
738 3427 862 3496 domiui
885 3429 1035 3516 episcopi
1052 3428 1248 3496 Basilieusis
1265 3424 1404 3495 obsedit

138 3571 142 3576 -
264 3533 299 3593 et
319 3523 498 3594 dficooiter
524 3527 741 3614 impugnavit.
767 3527 955 3616 Episoopus
973 3545 1015 3594 ex
1035 3526 1211 3596 adversum
1229 3527 1264 3592 iu
1286 3523 1402 3592 odium

265 3627 394 3692 eomitis
408 3623 538 3694 lludolir
549 3632 691 3694 oestrum
707 3625 911 3694 liertimbaro
925 3625 1016 3720 quod
1031 3628 1160 3694 noviter
1173 3629 1402 3692 ooustruotum

266 3728 300 3788 et
315 3721 401 3790 boue
423 3733 652 3792 oousumatum
676 3723 784 3792 luerat
800 3725 979 3793 evertebat.
1006 3724 1135 3792 Deinde
1152 3729 1299 3792 eastrum
1315 3720 1401 3790 Riu-

266 3817 377 3887 ielden
403 3821 493 3908 quod
525 3823 785 3912 inexpugnabile
813 3823 987 3892 videbatur
1009 3824 1172 3892 violenter
1196 3823 1341 3890 obtinuit
1370 3827 1402 3887 et

268 3919 366 3986 traxit
382 3920 416 3986 iu
431 3922 593 4008 propriam
615 3929 823 4008 potestatem.

342 4015 520 4086 Castellum
535 4021 625 4106 quod
649 4021 792 4089 Seronis
818 4021 952 4111 dieitur,
972 4021 1062 4109 quod
1083 4028 1161 4088 tuno
1179 4027 1251 4088 orat
1269 4019 1314 4087 de
1335 4017 1402 4085 do-

267 4117 366 4184 minio
383 4119 510 4186 sumitis
524 4117 665 4206 Rudolir,
684 4120 773 4206 iguis
788 4138 869 4188 oasu
885 4122 1127 4208 superveniens
1145 4119 1296 4208 exeeptis
1312 4117 1401 4184 dua·

267 4215 329 4282 bus
359 4216 413 4283 vel
446 4217 548 4284 tribus
579 4217 729 4285 domibus
759 4217 954 4286 devastavit.
988 4219 1107 4286 Eorum
1135 4219 1219 4286 euim
1251 4217 1401 4304 peeoutis
