2886 4834
270 198 314 266 32
647 225 773 270 annaeus
797 209 1034 270 cabannensis?

184 363 362 449 1293[nov.
382 362 444 450 ll]
462 364 495 430 in
514 363 778 450 desponsatione
794 359 859 430 filie
878 379 939 430 sue
958 368 994 448 et,
1009 363 1084 430 talis
1103 379 1172 430 non
1191 362 1250 430 luit
1275 367 1387 433 nostris

265 461 467 550 temporibus
487 457 663 531 eelebrata.

272 583 274 590 ·
338 560 542 629 lllooxeiiii.
569 557 710 628 Adollus
729 578 787 628 rex
803 560 1025 628 Romanorum
1043 562 1076 627 in
1093 559 1267 629 Landowe
1284 562 1316 629 in
1334 581 1386 629 na-

265 660 393 726 tivitate
421 659 547 728 domini
576 658 689 745 [1293
715 659 787 728 deo.
808 660 870 747 25]
901 659 1241 728 ouriamoelebravit.
1283 657 1387 729 Abbas
1436 685 1437 720 t

265 758 462 826 Perisiensis
481 761 569 827 eirea
587 757 771 826 seeundum
789 775 898 825 nonas
917 759 1021 826 martii
1046 759 1088 826 ab
1113 757 1227 828 ollioio
1244 776 1387 828 remove·
1436 759 1437 786 ¹

265 863 325 924 tur.
354 855 481 925 Domus
508 856 640 924 fratrum
658 856 903 926 Predioatorum
927 857 988 924 luit
1010 859 1043 924 in
1062 857 1226 926 Gebwilre
1254 865 1388 946 reoepta,

266 961 299 1022 et
316 957 350 1022 in
369 955 533 1024 Teutonia
552 974 613 1024 sex
631 957 695 1023 alie
720 956 852 1023 iuemnt
881 958 1002 1044 pariter
1018 956 1184 1024 inchoate.
1223 957 1388 1024 Duxssra-

265 1053 378 1122 bantie
396 1053 478 1122 obiit
495 1060 529 1122 et
547 1054 634 1122 lilius
653 1055 725 1122 eius
745 1056 838 1125 miles
867 1053 1025 1144 alluitur,
1052 1061 1085 1123 et
1103 1057 1196 1124 eives
1215 1055 1388 1124 Colonien-

266 1171 322 1220 ses
342 1171 416 1220 eum
436 1155 522 1221 siout
539 1160 664 1240 patrem
689 1154 762 1221 eius
780 1173 839 1241 pro
859 1153 993 1222 domino
1012 1160 1223 1242 reeeperunt3
1254 1153 1317 1222 sed
1334 1155 1389 1224 hoe

265 1253 446 1340 episeopus
476 1251 689 1320 coloniensis
716 1259 813 1340 prout
841 1255 952 1340 potuit
974 1251 1154 1341 impedivit.
1188 1253 1299 1321 luder
1316 1255 1389 1322 Ber-

264 1367 391 1419 nensos
409 1369 565 1439 puerum,
594 1358 630 1418 ut
647 1351 775 1442 dieitur,
796 1351 999 1420 oeoiderunt.
1028 1351 1169 1420 Caristia
1185 1370 1310 1439 magna
1327 1351 1389 1443 luit,
1437 1374 1438 1438 p

266 1455 300 1518 et
318 1450 467 1536 quartale
486 1449 638 1518 frumenti
655 1467 715 1538 pro
734 1449 921 1519 octodecim
941 1450 1058 1518 solidis
1077 1451 1226 1544 dabatur,
1246 1458 1282 1518 et
1301 1469 1389 1518 soro·
1437 1465 1438 1496 t

265 1565 319 1616 res
338 1547 380 1616 de
398 1547 609 1617 ‘Columbaria
632 1551 708 1638 plus
727 1567 825 1637 mum
843 1554 994 1619 treoenta
1013 1552 1175 1643 quartalia
1198 1551 1233 1617 in
1251 1567 1321 1618 una
1338 1567 1391 1618 sua

265 1648 408 1733 grangia
424 1647 626 1736 pauperibus
646 1654 868 1735 erogaverunt
894 1655 975 1717 ante
991 1647 1112 1717 testum
1130 1649 1235 1717 Maria
1252 1648 1392 1734 Magda-
1437 1683 1438 1688 =

266 1747 351 1814 lene.
379 1746 474 1814 Circa
491 1747 618 1834 paseha
643 1748 777 1835 quidam
801 1748 843 1816 de
867 1749 1030 1836 progenie
1048 1748 1170 1817 Ursina
1193 1749 1227 1814 in
1252 1748 1392 1816 eoelesia

267 1846 375 1912 saneti
401 1845 487 1913 Petri
514 1849 710 1933 peregrinos
728 1846 882 1933 undeoim
909 1845 1113 1916 oeeiderunt.
1151 1847 1313 1915 Deeanus
1332 1847 1391 1915 Co-

265 1943 498 2012 lumbariensis
535 1946 623 2014 eirea
653 1946 889 2014 exaltationem
917 1950 1034 2014 sanote
1060 1947 1169 2015 orueis
1201 1964 1221 2012 a
1251 1946 1391 2013 soulteto

266 2041 528 2110 columbariensi
554 2043 681 2112 sortiter
698 2046 892 2131 captivatur.
919 2046 958 2112 ln
974 2045 1109 2112 Basilea
1127 2050 1247 2112 exuste
1268 2043 1391 2111 luerunt

266 2139 384 2209 domus
408 2159 495 2230 pene
521 2149 681 2212 sexeente
710 2144 798 2210 oirou
823 2143 1058 2210 exaltationem
1086 2148 1203 2212 sanate
1222 2143 1339 2212 Cruois
1365 2149 1392 2209 et

266 2239 417 2308 homines
441 2239 509 2308 lere
529 2241 758 2328 quadraginta.
790 2239 957 2330 Apostuta
984 2241 1108 2309 ordinis
1132 2241 1266 2310 lratrum
1286 2241 1391 2336 Prodi-

266 2343 413 2408 catorum
445 2356 578 2407 sorores
610 2341 673 2408 sub
700 2341 783 2424 Tilia
810 2339 852 2408 de
884 2339 1093 2409 Columbaria
1126 2341 1295 2429 spoliavit.
1336 2339 1389 2407 Ilia

266 2438 374 2506 saneti
394 2437 594 2524 Leodegan’i
632 2440 776 2508 abstulit
794 2439 901 2507 Cesso
936 2445 1079 2508 austrum
1107 2439 1244 2508 Lobelra
1278 2457 1304 2507 a*
1329 2440 1390 2506 suis

266 2532 408 2604 dominis
427 2535 660 2607 fraudulenter.
692 2537 764 2607 Rex
780 2535 923 2606 Adollus
950 2540 1037 2606 eirea
1062 2538 1240 2606 adventum
1265 2537 1391 2606 Domini

264 2641 383 2702 terram
400 2634 639 2705 Missinensem
656 2643 811 2726 potenter
826 2638 1002 2723 ingressus
1021 2644 1083 2706 est.
1111 2638 1235 2705 Civitas
1253 2635 1391 2704 Missina
1438 2664 1439 2706 3

266 2734 296 2801 ei
321 2733 527 2824 selandiae,
546 2735 881 2805 eustelladuodeoim
905 2738 1121 2826 expugnavit,
1148 2742 1251 2803 totam
1280 2742 1389 2804 terram

265 2850 339 2900 oum
356 2851 479 2919 magna
496 2837 645 2921 potentia
662 2835 860 2903 devastavit.
1278 2841 1281 2846 '

339 2931 521 3000 lleoxev.
548 2933 638 3022 Papa
656 2934 846 3002 celestinus
863 2939 1020 3022 papatum
1039 2934 1228 3001 voluntarie·
1241 2935 1389 3019 resigna-

265 3029 322 3095 vit.
356 3028 578 3099 Romanorum
606 3051 664 3100 rex
688 3031 832 3100 Adollus
858 3037 1051 3121 expugnata
1080 3038 1166 3100 terra
1189 3031 1390 3100 dominorum

266 3127 518 3197 Missinensium
543 3132 605 3198 iter
629 3149 724 3200 suum
750 3149 869 3199 versus
892 3130 1053 3198 Alsatiam
1080 3130 1264 3222 dirigebat,
1292 3146 1390 3216 seque

266 3226 464 3314 preparabat
489 3229 531 3296 ad
559 3229 703 3297 eundum
734 3235 851 3299 eontra
880 3247 992 3316 regem
1019 3229 1155 3298 Franoie
1185 3236 1223 3297 ut
1253 3247 1329 3297 eum
1354 3226 1390 3294 de

266 3323 366 3393 rebus
385 3329 525 3415 propriis
545 3330 731 3416 extirparet.
767 3329 804 3395 ln
822 3328 908 3395 Bara
925 3329 1004 3396 villa
1022 3328 1143 3396 demon
1168 3335 1316 3396 oestrum
1333 3326 1390 3394 do·

266 3425 344 3492 mini
362 3424 596 3515 Waphimanni
614 3428 724 3495 militis
743 3427 916 3495 destruxit.
941 3426 1076 3495 Rhenus
1100 3427 1155 3515 qui
1179 3427 1286 3513 longo
1311 3432 1389 3492 tem-

267 3539 348 3609 pore
367 3525 525 3613 oppidum
543 3526 713 3594 Brisaoum
731 3526 773 3592 ab
791 3523 920 3594 lllsatia
938 3525 1097 3593 diviserat
1106 3578 1115 3615 ‚
1141 3528 1208 3593 isto
1227 3532 1318 3592 anno
1335 3539 1389 3610 pro

267 3627 361 3708 parte
392 3623 434 3691 ad
458 3625 546 3692 lalus
571 3626 693 3692 montis
720 3643 758 3692 sa
785 3624 875 3692 aliud
898 3623 1127 3692 transferebat.
1166 3624 1330 3691 Dominus
1354 3621 1389 3687 de

269 3715 492 3790 Oohsanstein
520 3729 686 3809 eognatus
709 3728 744 3791 et
766 3728 960 3812 prouurator
986 3722 1082 3792 drrois
1103 3721 1239 3792 Austrie
1264 3719 1391 3789 obsedit

269 3822 302 3885 et
333 3822 539 3906 expugnavit
557 3873 670 3890 .....
679 3875 688 3911 ,
721 3829 755 3890 et
788 3821 876 3890 eirea
906 3820 1026 3890 lesbum
1058 3821 1161 3889 llario
1192 3819 1390 3905 Magdalene

268 3915 443 4003 Zovingen
470 3938 543 3986 eum
575 3939 697 4006 magna
723 3921 890 3988 hominum
915 3921 1121 3988 multitudine
1152 3919 1270 3988 dieitur
1294 3917 1391 3985 obse-

269 4013 371 4082 disse.
397 4016 434 4083 ln
460 4016 588 4085 Alsatio
605 4019 684 4086 villa
702 4019 890 4086 Tirineben
908 4021 1032 4087 minere
1049 4018 1172 4107 plumbi
1196 4018 1251 4085 vel
1267 4014 1391 4102 argenti

269 4115 444 4204 reperitur,
470 4117 503 4182 in
522 4135 588 4203 qua
610 4123 688 4184 ante
705 4135 834 4204 pauoos
861 4123 969 4186 annos
989 4136 1133 4206 gypsum
1153 4133 1318 4206 pauperes
1343 4115 1391 4179 in·

269 4218 441 4279 venerunt.
467 4212 611 4282 lldollus
638 4233 695 4282 rex
718 4215 939 4284 Romanorum
958 4218 1051 4286 eirea
1076 4216 1139 4284 kal.
1165 4215 1299 4299 augusti
1324 4227 1392 4280 eum
