2890 4832
366 252 504 300 cxrsrrrr
524 253 592 300 vrrs
615 254 641 302 s.
661 252 846 302 suerranum.
1100 223 1170 294 319

27 388 265 480 edideerorat,
284 389 408 458 absens
423 389 565 481 obsedit,
584 397 618 462 et
634 398 713 480 post
724 408 853 481 perroos
867 389 940 459 dies
955 409 1029 460 eum
1047 409 1170 477 magno

25 507 169 558 suorum
199 489 342 578 tripudio
366 489 496 558 deieoit.
522 491 606 560 Nem
629 499 765 580 propter
790 492 940 580 episeopi
964 492 1172 578 repentinum

25 589 201 656 interitum
232 595 266 656 et
287 588 447 656 Wabami
467 591 681 678 improvisum
707 591 902 679 adventum,
929 591 1037 678 quiin
1060 598 1171 659 oestro

26 694 137 777 erent,
158 694 296 776 proptor
313 690 485 776 penuriam
499 707 633 760 annone
650 708 811 759 armorum
827 697 861 758 et
876 696 1171 778 propugnatorum,

26 787 192 856 hostibus
218 806 256 855 se
278 785 486 856 dediderunt.
520 789 709 856 Weiremus
732 795 768 856 ut
792 807 812 858 e
836 788 924 857 teoto
947 805 1110 858 exeusere
1133 805 1172 856 se

25 895 175 976 posset,
204 887 290 956 siout
310 893 344 956 et
366 885 462 976 ieoit,
486 905 627 975 presens
653 887 777 956 edesse
806 889 929 978 noluit,
955 887 1018 956 sed
1041 886 1171 956 tratrem

26 1004 131 1053 snum
158 985 340 1054 Gerardum
367 1003 441 1054 eum
466 987 532 1056 biiu
560 987 726 1056 Walremo
754 986 797 1056 ed
826 995 971 1056 oestrum
991 985 1171 1055 destmen-

26 1083 104 1152 dum
132 1085 233 1152 misit.
259 1083 380 1154 Aiebat
403 1086 542 1154 enimin
569 1105 664 1154 suem
680 1087 896 1172 ignominiam
916 1084 996 1178 iilud
1014 1093 1171 1154 exstruo·-

27 1191 106 1251 tum.
142 1183 307 1252 Gerendus
329 1202 430 1274 vero,
450 1187 506 1272 qui
527 1186 560 1254 in
580 1191 690 1254 oestro
714 1184 876 1254 diruendo
897 1186 1032 1253 muitum
1056 1184 1171 1254 torve·

27 1282 103 1372 bet,
130 1282 252 1352 eodem
274 1282 345 1373 die,
372 1301 440 1370 quo
462 1285 612 1352 solemne
631 1285 838 1354 trioeneriom
858 1286 931 1352 eius
954 1284 1009 1370 qui
1028 1290 1170 1352 oestrum

28 1389 247 1452 exstruxerat
266 1382 429 1468 agebatur
454 1383 592 1452 Colonia
600 1405 614 1473 ,=
629 1385 697 1452 vite
718 1385 865 1472 privatus
885 1384 919 1452 in
938 1381 1173 1468 Wessenberg

28 1479 192 1568 sepultus
209 1486 270 1550 est.
287 1481 369 1550 Eum
380 1489 459 1569 post
475 1483 622 1569 quinque
641 1501 776 1552 menses
791 1482 892 1550 irater
906 1483 979 1552 eius
996 1481 1172 1550 duxWei-

28 1598 147 1648 remus
164 1587 303 1648 seoutus
326 1579 467 1650 eandem
490 1583 576 1650 viem
598 1585 754 1650 universe
778 1583 888 1650 oemis
908 1583 1086 1667 ingressus
1109 1585 1171 1660 est.

29 1679 115 1747 Post
137 1679 233 1748 euius
250 1685 387 1748 mortem
405 1679 472 1748 duo
491 1679 547 1748 tilii
571 1682 643 1750 eius
666 1681 856 1750 Weiremus
880 1681 990 1748 iunior
1008 1686 1041 1748 et
1057 1693 1172 1748 eomes

29 1777 215 1846 Heinrious
239 1780 334 1864 gravi
354 1777 531 1848 admodum
555 1780 741 1871 inirrmitete
763 1781 927 1867 correpti,
953 1779 1036 1846 setis
1059 1779 1172 1848 vaxati

32 1884 132 1965 sunt,
152 1894 219 1944 ueo
236 1877 345 1946 edbuo
359 1877 459 1965 plene
474 1880 724 1948 eonveiuerunt.
744 1878 886 1946 Causam
900 1895 981 1946 vero
998 1883 1064 1946 tum
1082 1895 1171 1946 mor·

31 1977 74 2044 tis
91 1976 248 2065 iliorum,
275 1982 342 2044 tum
359 1976 476 2044 borum
493 1977 578 2046 mele
598 1977 798 2046 valetudinis
819 1976 903 2046 deus
920 1977 1021 2044 novit.

109 2076 226 2160 Caput
249 2074 418 2142 decimum.
451 2075 554 2146 Sexta
580 2076 636 2144 iiie
664 2076 746 2145 ierie
778 2073 893 2166 [1225
916 2091 993 2144 nov.
1018 2071 1082 2165 ib]
1105 2092 1171 2160 qua

32 2179 184 2242 oestrum
201 2173 261 2242 suit
283 2192 453 2264 eversum,
473 2177 694 2264 septenarium
708 2176 862 2262 martyris
878 2172 1049 2260 agebatur.
1069 2172 1170 2242 Cuius

31 2275 78 2340 rei
97 2273 209 2358 gratie
225 2271 387 2342 seoerdos
404 2273 536 2360 quidam
554 2273 746 2344 Ludevious
763 2275 907 2362 nomine,
923 2272 1093 2358 regularis·
1108 2289 1171 2340 oa-

34 2373 185 2440 nonieus
196 2373 304 2440 saneti
320 2372 481 2442 Gabrieiis
497 2375 531 2442 in
545 2367 669 2462 Rode,1
688 2372 837 2442 eiusdem
854 2371 1007 2442 voeabuli
1028 2377 1172 2442 oestrum

34 2472 188 2537 vieinum
212 2489 272 2558 pro
296 2472 405 2539 anima
428 2474 582 2560 martyris
606 2475 741 2542 missam
768 2471 993 2540 celebraturus
1009 2470 1172 2540 aseendit.

36 2569 193 2656 Cumque
207 2569 302 2638 dietis
318 2573 457 2638 seeretis
472 2578 550 2659 pest
564 2572 706 2640 Sanctus
721 2588 882 2640 canonem
896 2569 1076 2658 inchoaret,
1091 2587 1171 2638 eece

34 2673 193 2736 sanetum
211 2670 404 2757 episeopum
426 2670 671 2758 pontificalibus
689 2669 837 2740 indutum
856 2669 949 2736 vultu
964 2668 1058 2736 hiieri
1074 2685 1170 2736 seoro

35 2767 136 2834 elteri
161 2766 294 2836 adstare
320 2767 426 2858 videt,
446 2775 480 2836 et
504 2787 576 2838 eum
600 2772 707 2838 erueis
729 2769 826 2855 signe
850 2768 1046 2860 exprimeret
1071 2785 1172 2855 super

35 2883 162 2953 penem
180 2873 213 2934 et
231 2866 365 2934 oalieem
375 2919 385 2955 ,
404 2867 524 2938 beatus
544 2869 711 2958 pontifex,
730 2885 789 2956 per
808 2873 910 2936 totum
933 2881 1094 2934 oenonem
1113 2883 1171 2932 se-

37 2963 171 3032 oerdoti
182 2983 219 3032 se
233 2965 456 3058 conformem,
474 2965 592 3036 eedem
609 2967 708 3038 modo
724 2975 757 3036 et
773 2966 892 3035 iisdem
908 2964 1038 3034 vicibus
1055 2972 1171 3034 saneta

38 3065 256 3150 consignavit
271 3064 439 3134 dexteram
458 3065 606 3136 elevans.
634 3069 714 3136 Cum
730 3075 839 3134 eutem
862 3070 997 3134 ventum
1015 3069 1109 3132 esset
1129 3064 1172 3132 ed

39 3179 114 3228 eum
136 3163 245 3232 iooum
263 3163 319 3230 ubi
334 3163 483 3232 defuncti
498 3167 720 3255 nominentur,
738 3171 771 3234 et
788 3183 862 3234 eum
882 3162 1041 3232 sacerdos
1061 3165 1171 3232 nomi-

39 3270 176 3355 nasset,
203 3263 336 3349 expieto
362 3271 571 3332 sacramento
591 3265 636 3332 eit
655 3265 701 3334 illi
722 3265 926 3352 episeopus:
952 3263 1085 3344 Frater,
1106 3279 1172 3330 noo

40 3364 91 3424 est
104 3377 238 3428 neeesse
258 3366 295 3427 ut
314 3363 562 3430 intermortuos
578 3379 628 3432 me
644 3365 799 3434 nominee.
826 3362 905 3432 Sum
920 3363 1004 3430 euim
1019 3379 1092 3428 mem
1110 3361 1172 3428 deo

43 3461 77 3522 et
88 3459 120 3524 iu
135 3457 237 3526 ebore
251 3463 435 3548 martyrum
448 3462 573 3547 quodie
584 3463 685 3546 fruor
701 3459 865 3550 ineffabili,
875 3459 932 3529 'Et
947 3459 1082 3528 edieoit:
1099 3458 1170 3526 No-

41 3558 128 3623 veris
148 3576 215 3643 pro
238 3563 347 3640 certo,
366 3561 456 3645 quod
473 3577 585 3628 omues
609 3561 657 3630 titt
680 3563 735 3646 put
754 3578 805 3628 me
821 3559 1074 3628 oeciderunteel
1086 3575 1170 3642 quo-

42 3671 116 3721 rum
135 3657 271 3724 consilio
298 3659 515 3726 aeternamm
539 3659 625 3728 mole
644 3659 813 3746 peribunt,
838 3659 935 3743 idque
957 3658 1052 3726 oddus
1072 3674 1171 3741 quum

45 3755 134 3821 erede
142 3758 259 3840 posett.
277 3755 338 3824 His
352 3756 449 3826 dietis
465 3757 637 3846 disparuit.
655 3757 845 3828 Luderieus
863 3775 943 3826 vero
958 3757 1058 3824 misse
1077 3773 1171 3824 eom·

43 3851 132 3962 pieta
148 3855 302 4022 ffimssihus
325 3874 389 3943 que
405 3855 534 3926 videret
556 3857 731 3948 indiderit,
751 3863 869 3926 testem
891 3854 989 3924 deum
1006 3853 1170 3924 adhibens

42 3957 89 4016 rte
106 3969 141 4018 se
182 3973 199 4021 e
227 3971 294 4022 ore.

117 4052 222 4136 ceput
234 4053 445 4122 undecimum.
469 4054 628 4142 Sequenti
643 4054 708 4146 die,
723 4053 756 4122 id
771 4060 824 4124 est
840 4053 981 4122 sabbato
994 4050 1089 4144 [nov.
1106 4047 1169 4142 15]

46 4153 150 4217 oestro
175 4151 327 4220 Valentio
351 4151 534 4242 destructo,
560 4155 656 4224 turris
682 4155 807 4222 eelero
827 4153 965 4222 Colonia
989 4157 1100 4222 ereote
1119 4155 1172 4220 est

80 4257 107 4321 i)
124 4256 298 4314 Kiosterrodo
316 4261 437 4316 ubrdlieb
456 4280 509 4318 von
526 4262 631 4318 Aeben.
