2886 4834
15 221 17 278 ς
386 211 548 260 cunomcou
571 213 777 262 couunuuuusu.
1106 191 1147 258 61

15 283 17 336 i

15 341 17 412 i
51 356 104 442 regi
119 353 273 421 contraria
287 351 351 420 hiis
371 351 522 420 omnibus
539 351 741 441 referebant,
757 351 994 442 dixeruntque:
1011 355 1149 425 Dandae
1169 365 1236 423 tete
1354 360 1358 366 '

15 483 17 530 J
49 475 106 535 rec,
132 469 188 519 nec
205 451 292 533 pitius
311 454 417 518 cester
439 467 499 518 nec
519 450 639 536 clipeis
652 453 833 519 omicomm
847 459 1028 522 uestrorum
1046 455 1152 524 subito

15 589 17 642 5
48 553 118 620 nobis
127 552 243 637 poterit
257 551 290 616 in
304 552 421 617 nestas
442 549 688 617 necessitutibus
704 549 882 618 subuenire.
908 551 1154 640 neocosmum

16 735 17 740 Ἰ
49 650 203 719 deliberare
224 649 303 734 occid
318 649 433 734 secere
455 648 610 716 debeatis.
637 649 731 716 Tunc
753 649 925 738 respondit
944 653 992 720 eis
1017 651 1151 722 dicens:

16 805 17 810 ,
49 751 145 816 Placet
155 753 191 814 ut
202 765 271 824 aad
282 749 334 815 die
352 749 545 833 quemodo,
568 753 601 814 et
615 748 663 814 od
678 747 795 814 betium
808 753 930 834 posteo
942 752 1151 836 procedatis,

16 835 17 840 ’
47 849 143 932 mitat
153 847 227 914 mibi
242 847 331 932 quod
341 863 400 913 cos
415 841 520 912 babeo
535 847 687 914 custodes
707 848 825 932 cepitis
842 849 928 928 mei,·
950 849 984 915 in
1000 850 1062 917 deo
1080 869 1152 918 meo

47 947 295 1031 conibuentem
314 945 510 1012 miraculose
527 945 575 1012 ud
591 943 678 1012 boue
691 945 833 1030 pierium
854 949 1000 1014 noemam
1015 948 1153 1035 eiecisse
1277 945 1279 950 ’

48 1051 70 1112 et
80 1047 106 1112 in
119 1063 158 1110 ec
175 1043 355 1111 mirabilius
371 1043 603 1127 confortasse·
620 1045 675 1128 qui
693 1046 797 1111 eciam
814 1063 900 1114 nunc
921 1063 972 1114 me
987 1065 1052 1132 per
1069 1066 1152 1134 pru-

48 1146 112 1210 dcm
123 1147 263 1210 memet
275 1159 372 1228 spero
397 1141 588 1209 mirabiliter
607 1142 782 1210 adiuvabit.

102 1243 166 1310 Hiis
181 1241 279 1310 dictis
298 1242 367 1309 suis
384 1241 581 1309 retulerunt:
607 1241 661 1308 Ad
674 1241 791 1309 beilum
805 1259 917 1310 omnes
932 1260 992 1312 coc
1005 1246 1039 1311 in
1056 1263 1152 1313 cras-

48 1343 122 1407 tinum
141 1344 342 1427 preparate,
367 1342 445 1426 quic
461 1358 534 1407 cum
546 1340 679 1424 sonatio
692 1343 781 1426 repis
800 1341 955 1410 Bohemie
974 1361 1035 1410 nos
1051 1362 1152 1430 opor-

47 1443 79 1506 tet
94 1440 215 1524 fortier
239 1439 405 1507 dimicare.
432 1440 526 1507 Tunc
544 1445 614 1507 totu
629 1439 752 1507 tamdia
772 1441 862 1526 regis
882 1439 1012 1510 Rudold
1032 1461 1152 1511 cucun-

48 1541 74 1604 uit
89 1538 123 1606 ad
140 1537 374 1627 consessores,
396 1537 507 1606 debita
525 1557 587 1606 sua
602 1538 808 1627 scribebant,
829 1541 1016 1608 inimicitias
1036 1545 1152 1610 remit-

48 1637 152 1726 tebant,
177 1644 211 1704 et
232 1636 276 1704 ad
297 1636 604 1706 communicandum
629 1644 726 1724 prout
746 1637 876 1706 fidelius
900 1646 1056 1728 poterant
1076 1659 1154 1730 pre-

47 1736 193 1822 parabant3
217 1737 399 1824 peniculum
428 1737 514 1804 enim
534 1737 649 1805 mortis
672 1737 846 1804 videbatur
868 1739 1019 1808 omnibus
1043 1741 1154 1808 immi-

47 1852 115 1902 nere.
139 1832 256 1904 Omnis
275 1837 439 1904 exercitus
460 1836 550 1921 regis
564 1833 693 1903 Rudolfi
712 1836 787 1904 alba
805 1853 903 1904 cruce
922 1836 1067 1927 desuper
1079 1845 1154 1907 ute-

47 1932 133 2022 ntum
159 1933 221 2002 sed
242 1933 402 2001 Bohemie
425 1936 515 2018 regis
538 1936 707 2003 exercitus
735 1952 867 2003 crucem
888 1935 1028 2004 viridem
1052 1937 1151 2006 dete-

46 2032 123 2100 nebat.
151 2034 224 2100 Rex
249 2033 413 2101 Teutonie
440 2049 500 2120 pro
531 2035 600 2100 suis
632 2039 665 2100 et
690 2051 750 2121 pro
776 2051 813 2101 se
842 2032 949 2102 iuerat
975 2037 1009 2102 iu
1038 2039 1152 2104 timore

46 2133 160 2200 maximo
183 2133 396 2200 constitutus.
428 2130 499 2198 Rex
522 2149 603 2200 vero
627 2133 784 2200 Bohemie
811 2140 921 2202 certus
946 2133 988 2202 de
1013 2136 1153 2204 victoria

46 2227 96 2314 tuit,
111 2230 239 2316 quiade
255 2230 352 2298 bonis
366 2231 644 2319 promissionibus
655 2233 858 2300 inimicorum
869 2223 1059 2301 mirabiliter
1068 2251 1152 2302 oon-

47 2326 153 2396 indebat.
178 2328 278 2398 Unde
304 2328 404 2396 dixit:
431 2329 466 2396 Si
483 2331 556 2414 quis
571 2328 646 2396 mibi
665 2333 827 2398 veraciter
846 2349 958 2417 nepem
977 2331 1153 2417 liudolfum

46 2443 99 2492 mm
121 2429 186 2494 scie
213 2427 402 2495 Danubium
425 2429 620 2496 transivisse
642 2431 822 2514 nunciant,
848 2433 1022 2515 pecuniam
1042 2433 1153 2517 cipiet

45 2541 207 2593 morcarum
230 2527 413 2594 ootaoatcm'e
427 2529 650 2612 propinarem.
677 2528 789 2596 Tertia
811 2529 864 2596 dic
880 2535 959 2617 post
974 2529 1152 2598 adventum

15 2639 17 2714 3
46 2621 144 2692 donini
164 2626 362 2693 basiliensis
386 2626 536 2714 episcopi
557 2631 590 2694 et
611 2625 735 2694 domini
754 2625 897 2695 Cunradi
916 2627 1091 2696 Wernberi
1110 2628 1151 2696 de

15 2731 17 2782 ;
44 2719 189 2814 Hadistat,
213 2725 344 2792 scilicet
366 2727 400 2791 in
422 2725 536 2810 vigilia
562 2726 668 2792 saneti
687 2725 910 2794 bartholomei
930 2723 1023 2816 [eug.
1044 2727 1151 2814 23]ss

15 2811 17 2822 ’
44 2819 125 2890 litem·
136 2822 342 2912 dominicali,
367 2841 529 2909 egressus
550 2829 602 2890 est
628 2841 684 2891 rex
702 2822 863 2919 Rudolius
882 2824 1059 2893 Wicnnum
1080 2844 1153 2894 oum

45 2922 166 2990 exercitu
189 2939 271 3011 suo,
293 2940 366 2989 cum
386 2940 467 3008 rege
481 2922 639 2991 Bohemie
656 2923 793 3011 prelium
809 2925 1057 2992 commissurus.
1082 2923 1153 2994 Rex

15 3015 16 3020 ’
46 3025 130 3086 autem
153 3021 313 3088 Bohemie
341 3038 415 3088 oum
438 3023 586 3090 exercitu
607 3037 669 3089 suo
699 3039 804 3111 prope
830 3024 994 3091 civitatem
1017 3031 1154 3092 venenat

46 3114 273 3188 Wienncnsem.

99 3217 252 3286 Bohemie
268 3236 326 3286 rex
340 3218 520 3286 exercitum
535 3235 629 3286 suum
646 3219 679 3285 in
693 3218 805 3306 plures
818 3227 941 3310 partes,
957 3221 1018 3290 sed
1034 3223 1067 3289 in
1085 3229 1151 3289 tres

46 3310 178 3384 diuiserat
193 3317 406 3406 principales
432 3315 556 3384 Habuit
570 3309 674 3384 euim¹
693 3317 793 3387 multu
812 3320 909 3387 miliia
924 3319 1069 3408 peditum
1085 3320 1152 3388 Cu-

46 3428 198 3483 manorum.
226 3413 416 3483 Secundum
440 3414 554 3483 habuit
572 3417 750 3484 exercitum
768 3419 914 3505 equitum
932 3423 965 3486 et
985 3419 1152 3486 hominum

45 3506 235 3582 diuersorum.
262 3514 413 3582 tercium
437 3513 551 3582 habuit
573 3517 751 3583 exercitum
776 3533 934 3604 equorum
958 3516 1152 3606 phalerato-

47 3625 98 3674 mm
117 3617 147 3677 et
165 3613 299 3680 miiitum
322 3613 452 3680 circiter
473 3619 728 3699 nongentorum.

100 3708 164 3776 Rex
177 3711 341 3792 Rudolius
359 3711 506 3779 similiter
524 3713 558 3778 in
577 3717 644 3780 tres
665 3720 776 3800 partes
793 3730 887 3780 suum
902 3715 1081 3782 exereitum
1100 3713 1152 3782 di-

46 3803 163 3875 videbat.
187 3810 311 3878 Habuit
327 3809 474 3896 Ungarie
492 3828 604 3896 regem
623 3829 696 3880 oum
713 3811 902 3899 quindecim
920 3812 1061 3880 millibus
1080 3813 1152 3881 Un-

47 3918 183 3983 gammm.
209 3907 279 3976 Rex
303 3910 449 3995 Ungarie
480 3927 562 3998 puer
590 3909 776 3990 octodecim
803 3929 961 3980 annorum
988 3914 1094 3980 extitit
1120 3918 1152 3978 et

48 3999 77 4066 ud
88 4006 215 4090 prelium
230 4027 298 4076 non
315 4009 481 4097 pervenit,
502 4009 578 4096 quio
600 4027 658 4076 reu
673 4007 834 4078 Rudoitus
847 4011 954 4099 ipsum
973 4011 1077 4080 noluit
1094 4013 1151 4079 in-

49 4103 161 4172 teresse.
186 4105 346 4176 Dominus
363 4109 542 4195 episcopus
566 4108 760 4176 basiliensis
786 4107 911 4178 sedens
931 4111 964 4178 in
986 4109 1150 4178 dextrario

72 4218 95 4282 t)
111 4220 223 4276 nbmiich
243 4226 279 4277 im
297 4232 385 4279 ersten
403 4223 577 4281 beerestheii.
