2890 4832
359 236 481 284 uuvouor
505 235 568 284 uxr.
589 237 653 286 xrr.
675 237 778 288 coron.
1064 209 1144 280 291¹

83 376 169 444 xlvii
196 375 423 446 Theodertous
455 380 646 446 sanatorum
678 373 916 464 Apostolorum
946 377 1136 466 prepositus

25 477 183 544 sueeessit.
210 476 270 545 llio
295 477 388 545 initio
413 474 631 545 ordinationis
657 493 717 542 suo
742 475 853 544 bouus
879 483 914 544 et
937 477 1025 546 utilis
1050 483 1135 545 torre

24 574 78 642 tuit.
115 575 287 644 Postremo
318 583 434 645 eontra
464 576 586 644 olerum
622 591 749 665 agens,
780 575 910 644 invisus
942 583 975 644 et
1002 575 1136 646 odibilis

26 675 134 741 eunetis
154 674 304 744 eiiieitur.
320 675 473 763 Denique
491 675 689 763 imperatore
708 671 831 744 Ottoue
849 677 1136 746 excommunicato

25 773 56 840 alr
70 771 285 863 Apostolioo,
301 774 389 844 idem
406 772 654 863 TheodoriouS,
673 789 716 842 eo
734 771 825 862 quod
843 773 909 842 sibi
926 774 1063 866 laverat,
1082 776 1135 843 iu-

24 871 155 963 tamatus,
171 893 192 942 a
207 873 352 962 Sigtrido
370 874 485 962 legato
498 873 647 942 similiter
663 875 967 944 exeommuniootus
986 881 1047 942 est.
1067 873 1136 943 Sed

27 989 82 1040 oum
98 975 188 1060 parvi
206 975 273 1042 ista
290 972 463 1065 penderet,
483 979 516 1041 et
532 972 567 1040 in
585 989 669 1040 cena
678 970 812 1040 Domini
831 971 943 1041 divina
961 973 1136 1042 celebras·

26 1077 64 1138 set
79 1079 109 1138 et
124 1071 268 1142 chrisma
285 1073 505 1162 eouseoisset,
536 1069 579 1140 ab
597 1069 716 1140 eodem
743 1070 925 1142 seeundum
942 1079 1136 1162 preoeptum

26 1168 191 1258 lpostolioi
210 1173 321 1242 otiolo
339 1172 540 1242 destituitur.
558 1169 654 1239 Unde
672 1169 806 1241 Romam
825 1189 884 1258 pro
902 1170 1134 1242 sotisiaotioue

26 1288 228 1362 progressus,
256 1290 328 1340 eum
351 1274 415 1342 iam
432 1290 493 1361 per
510 1270 684 1340 triennium
702 1269 749 1338 ihi
768 1271 968 1359 exsulasset,
987 1289 1051 1340 nee
1069 1272 1136 1340 ali·-

13 1386 77 1454 pua
91 1371 122 1436 in
139 1387 246 1440 eausa
260 1371 477 1460 profecisset,
496 1371 624 1460 priores
643 1368 865 1440 colonienses
880 1368 922 1438 ed
938 1369 1136 1440 electionem

26 1469 138 1536 alterius
157 1471 340 1540 eonveniro
355 1472 590 1560 prooipiuntur.
616 1467 710 1536 Sedit
728 1470 825 1538 aunis
844 1488 875 1537 v.

81 1567 178 1636 xlviii.
196 1569 422 1656 llogelbertus
448 1569 582 1638 maioris
612 1568 755 1638 eoelesie
779 1569 970 1656 prepositus
995 1586 1136 1638 suooes·

27 1666 65 1732 sit.
86 1665 144 1747 Qui
161 1686 238 1736 eum
258 1671 489 1759 episeopatum
506 1668 597 1757 prius
617 1667 793 1738 oontusum
811 1669 845 1735 in
867 1667 990 1736 honum
1015 1676 1136 1738 statum

27 1767 220 1859 restituisset,
252 1767 365 1837 detrita
396 1775 646 1838 antooessorum
673 1783 808 1836 suorum
832 1764 918 1836 laeta
948 1786 1008 1855 per
1033 1775 1137 1836 totum

28 1865 238 1954 episcopatum
261 1868 431 1956 usquead
451 1865 637 1956 vigintiduo
662 1883 845 1934 marearum
866 1867 970 1934 millia
993 1868 1136 1936 eollootu

28 1965 174 2048 persolvit.
215 1966 406 2038 Fridorious
435 1986 495 2036 rex
517 1985 577 2055 pro
600 1965 761 2053 imperiali
786 1966 1041 2034 consecratione
1063 1963 1136 2034 llo-

27 2079 92 2128 mam
108 2064 344 2158 prodoisoens,
363 2068 632 2156 procurationem
659 2065 761 2134 totius
783 2065 878 2151 reg'ni
896 2065 1071 2132 Teutonioi
1089 2065 1136 2132 illi

29 2164 186 2253 oommisit,
206 2165 358 2234 etlilium
376 2185 473 2236 suum
488 2165 678 2236 Heiurioum
697 2162 806 2232 adhue
823 2181 961 2252 puerum
981 2164 1026 2234 illi
1042 2182 1136 2232 oom-

28 2260 186 2353 ueudavit,
207 2279 306 2351 quem
330 2267 430 2334 etiam
443 2263 551 2354 Aquis
570 2264 665 2334 unxit
681 2263 715 2330 in
731 2281 855 2349 regem.
882 2263 1030 2332 Tandem
1052 2281 1137 2352 peeo

29 2357 129 2446 ubique
145 2363 311 2455 stabilita,
335 2363 546 2434 alrederioo
564 2363 686 2432 eomiie
712 2362 754 2430 ab
776 2361 939 2450 lsouherg
963 2361 1136 2452 oooiditur,

28 2459 94 2566 etin
107 2463 251 2530 ecelesia
268 2465 384 2533 maiori
408 2465 576 2553 sepelitur.
602 2460 698 2532 Sedit
720 2463 818 2532 anuis
840 2482 861 2532 x
880 2462 943 2530 sub
964 2461 1135 2532 iriderieo

26 2567 211 2645 inperatore.

83 2659 191 2728 xlviiii.
208 2659 387 2729 Heinrious
414 2660 606 2730 Buuueusis
632 2661 823 2748 prepositus
848 2661 1024 2728 suecessit.
1066 2659 1135 2726 lsto

28 2753 52 2820 tu
72 2757 222 2828 ultionem
247 2761 421 2845 sauguinis
442 2758 644 2830 venerabilis
663 2758 787 2828 domiui
811 2758 1003 2844 Engolherti
1025 2759 1136 2826 omnia

30 2861 119 2925 astra
140 2859 271 2927 domitis
292 2857 450 2928 Frideriei
473 2857 619 2928 luuditus
640 2857 821 2948 destruxit,
841 2865 874 2924 et
892 2875 974 2926 suos
992 2856 1135 2924 heredes

30 2951 261 3046 inperpetuum
283 2957 540 3046 exhereditavit,
567 2963 602 3028 et
627 2958 735 3048 ipsum
766 2957 919 3026 comitem
940 2975 960 3024 a
991 2955 1135 3044 quodam

32 3052 112 3122 milite
135 3057 299 3126 Bolduino
325 3056 367 3126 de
393 3057 502 3126 Genel
518 3056 639 3126 dolose
663 3061 810 3146 captum,
836 3055 970 3126 duobus
991 3055 1135 3124 millibus

33 3166 186 3224 marearum
212 3175 253 3224 ao
276 3157 416 3245 amplius
439 3156 621 3246 redimens,
647 3155 728 3224 ioris
757 3173 870 3224 muros
893 3155 1033 3226 Colonia
1058 3162 1136 3224 ante

32 3257 134 3333 portam
149 3257 257 3324 saneti
273 3256 427 3326 Severini
444 3257 478 3324 iu
500 3254 644 3344 quodam
670 3255 851 3324 montieulo
874 3253 1062 3324 oolumnam
1085 3254 1136 3322 la-

33 3347 138 3432 pideam
164 3355 249 3440 erigi
276 3354 371 3444 teoit,
394 3356 428 3424 in
456 3357 549 3424 ouius
575 3355 762 3423 summitate
780 3352 889 3422 dietus
908 3371 1021 3422 eomes
1040 3353 1137 3422 rotali

34 3462 101 3530 penu
117 3453 254 3544 plexus,
272 3453 314 3522 ad
332 3453 519 3524 miserabile
536 3453 763 3542 speetaeulum
786 3453 914 3522 ouuotis
933 3455 1136 3520 transeunti·

35 3540 218 3636 buspositus
233 3561 296 3622 est.
321 3552 396 3622 Duo
415 3559 524 3622 autom
545 3552 662 3620 iratres
689 3549 871 3640 supradicti
894 3551 1043 3639 oomitis,
1063 3549 1146 3620 soi-'

35 3639 93 3712 lieet
106 3647 382 3722 Monasteriensis
405 3659 438 3722 et
454 3650 728 3738 Osmburgensts
748 3650 917 3738 episcopi,
936 3649 1035 3718 huius
1058 3665 1137 3718 see-

35 3737 93 3812 leris
110 3753 231 3820 eonsoii
240 3804 250 3840 ,
269 3751 311 3820 ed
325 3752 515 3822 instantiam
531 3751 700 3822 memorati
723 3749 969 3838 archiepiscopi
991 3747 1137 3837 depositi

37 3850 103 3912 sunt.
129 3844 222 3918 Adeo
247 3855 383 3920 strenua
410 3869 470 3939 pro
496 3848 640 3938 quodem
663 3847 843 3920 homicidio
866 3846 989 3916 ibidem
1015 3865 1137 3937 perpe-

38 3941 101 4010 trato
123 3945 206 4018 teoto
224 3958 302 4018 suut
324 3949 463 4040 iudioia,
495 3955 531 4018 ut
550 3957 583 4018 ot
600 3948 800 4018 Theodorioi
818 3946 860 4016 de
880 3945 1136 4036 Moleugossen,

38 4033 99 4108 dieti
113 4043 284 4139 Sapientis,
301 4067 340 4118 ae
351 4049 453 4118 totius
471 4067 533 4118 sue
547 4049 718 4138 parentele
737 4064 777 4116 oo
791 4045 985 4134 oomplieum
1002 4064 1136 4116 suorum

39 4131 474 4237 diruerenturpossessiones.
492 4143 535 4216 At
552 4149 625 4236 ipse
642 4143 883 4234 Theodericus,
900 4147 955 4232 qui
972 4133 1037 4212 tu'm
1052 4151 1137 4212 tem-

40 4239 112 4316 poris
126 4243 156 4312 in
172 4248 242 4334 ipse
256 4249 388 4318 civitate
399 4254 470 4316 erut
485 4247 727 4318 famosissimus
743 4250 776 4314 ot
788 4245 1052 4334 potentissimus
1063 4261 1137 4310 oum

878 4351 936 4405 ro*
