2888 4824
53 791 266 865 BURKARDI
292 795 528 910 DE'HALLIS
552 796 607 866 ΕΤ
633 797 826 867 DYTHERl
843 798 900 867 DE
919 795 1184 867 Hnlmnsmll
1217 823 1220 830 ·

229 909 376 981 NOTAE
398 911 669 984 HiSTORICAE.
722 915 816 983 1273
836 956 882 966 -
903 915 1008 983 1325.

508 1115 719 1126 ...-.—---.·

112 1237 196 1337 Hic
216 1286 358 1357 namque
375 1269 538 1340 Rudolius
552 1278 630 1360 post
644 1277 783 1340 mortem
800 1269 957 1340 Friderici
973 1272 1182 1360 imperatoris

51 1369 227 1438 scismatici
254 1375 288 1436 et
313 1367 400 1438 idios
425 1372 497 1438 eius
516 1371 551 1439 C.
575 1378 608 1439 et
631 1369 670 1438 H.
695 1388 794 1456 reges
822 1377 982 1460 exactos,
1018 1388 1092 1438 oum
1119 1372 1183 1439 im·

50 1471 171 1556 perium
205 1469 334 1536 circiter
366 1487 475 1538 annos
510 1469 731 1558 quadraginta
758 1476 895 1537 vacaret
935 1478 968 1538 et
997 1476 1068 1539 tota
1099 1477 1184 1538 terra

51 1568 214 1636 destructa
248 1569 345 1654 quasi
376 1567 524 1637 nutando
559 1570 685 1637 ruinam
711 1570 906 1656 minaretur,
940 1587 1030 1637 anno
1061 1568 1183 1637 donini

50 1666 260 1755 m.co.lxx.iii.‚
278 1667 556 1735 convenientibus
574 1667 776 1756 principibus
795 1667 838 1735 ad
861 1685 947 1754 quos
968 1669 1088 1736 electio
1104 1685 1183 1756 per·

51 1767 171 1834 tinebat
187 1766 223 1831 in
235 1765 453 1834 Frankenlurl
466 1768 554 1835 circa
570 1767 690 1835 lestum
707 1767 905 1836 Miobahelis
923 1772 957 1834 ct
979 1766 1021 1834 ad
1039 1769 1182 1835 electio·

50 1883 118 1932 nem
134 1863 395 1953 procedentibus
405 1872 503 1954 prout
519 1866 729 1955 apostolicus
742 1865 923 1952 Gregorius
938 1865 1088 1934 decimus
1098 1867 1182 1954 ipsis

52 1962 185 2032 dederat
209 1964 242 2030 in
264 1964 447 2055 mandatiS,
475 1983 517 2033 ex
540 1965 758 2053 inspiratione
782 1970 881 2052 prout
905 1970 985 2052 puto
1014 1964 1126 2033 divina
1147 1967 1182 2032 in

51 2080 157 2148 regem
183 2063 313 2132 electus
338 2070 410 2153 est,
445 2065 621 2152 statimque
647 2062 755 2150 Aquis
782 2070 962 2131 coronatus
990 2070 1052 2132 est.
1095 2063 1182 2131 Sus·

51 2167 142 2250 cepto
161 2179 298 2249 quoqne
324 2169 456 2251 sceptro
481 2165 576 2250 regni
604 2180 720 2231 omnes
746 2164 988 2250 possessiones
1014 2163 1182 2250 imperiia

51 2259 236 2328 tenentibus
251 2279 309 2330 eas
327 2263 514 2351 revocavit,
534 2261 731 2349 quibusdam
749 2262 854 2329 oolam
872 2260 1013 2329 reddere
1031 2261 1182 2328 nolenti-

51 2358 105 2426 bus
124 2366 157 2428 et
173 2362 308 2449 propria
326 2359 463 2429 abstulit
482 2379 555 2428 cum
573 2361 637 2429 hiis
666 2379 731 2449 que
758 2361 882 2428 iniuste
908 2359 1058 2428 detincre
1077 2378 1181 2429 cona-

50 2457 167 2527 bantur.
256 2499 264 2512 ·
339 2463 345 2474 “
789 2505 794 2516 .

118 2557 252 2627 Interea
269 2560 348 2646 quia
365 2577 425 2628 rex
437 2559 574 2627 Boemie
593 2557 702 2626 dictus
717 2554 868 2644 Otagger
885 2575 960 2626 cnm
978 2563 1182 2648 occupasset

52 2653 199 2724 ducatum
217 2654 369 2747 Austrie‚
395 2663 429 2726 et
446 2657 588 2744 quadam
610 2675 698 2725 vana
723 2658 975 2745 presumptione
1000 2656 1103 2724 vellct
1128 2661 1181 2724 te.-

53 2771 140 2844 nere,
167 2756 211 2823 de
235 2757 306 2824 suis
324 2756 450 2825 viribus
470 2762 502 2824 ct
520 2755 642 2824 divitiis
668 2757 765 2823 nimis
792 2755 986 2845 conbdens,
1009 2754 1181 2843 prodictus

52 2870 102 2919 rex
124 2854 312 2944 Rudolius,
344 2857 393 2922 vir
417 2855 517 2924 valde
549 2855 732 2924 bellicosus
759 2861 914 2923 strenuus
940 2860 973 2922 et
997 2855 1180 2946 animosus,

53 2952 209 3021 arridente
243 2954 305 3021 sibi
339 2954 472 3022 lorlnna
501 2971 561 3042 per
591 2955 718 3043 omnia,
758 2955 950 3022 convocatis
976 2952 1181 3041 principibus

53 3047 125 3118 dixit
141 3053 293 3140 publice:
319 3056 535 3120 lobucionem
550 3071 646 3120 suom
663 3071 736 3120 ecce
749 3053 871 3133 Mem,
896 3070 933 3120 se
953 3052 1037 3119 oelle
1059 3055 1182 3119 iturum

51 3155 160 3218 contro
172 3169 285 3237 repom
302 3151 465 3219 Bobemlc.
500 3152 689 3240 Precipiens
710 3151 852 3237 singulis
871 3169 912 3219 ac
930 3152 1098 3219 universis
1118 3169 1182 3239 op·

51 3249 209 3318 limatibus
228 3251 383 3318 militibus
402 3250 543 3318 tribunis
559 3250 807 3318 centurionibus
821 3250 961 3318 vasallis
980 3268 1020 3317 ac
1037 3269 1056 3317 a
1074 3267 1181 3335 regno

52 3343 188 3417 Romano
208 3348 387 3417 infeodatis
398 3401 407 3438 ‚
435 3355 471 3417 ut
486 3355 602 3418 essent
619 3351 725 3438 parati
748 3350 782 3415 in
799 3350 955 3438 prelium,
988 3365 1180 3436 exposcens

52 3447 223 3533 asingulis
242 3449 431 3518 civitatibus
458 3450 651 3534 sagittarios
679 3453 713 3515 et
730 3448 821 3516 viros
848 3447 968 3534 quibus
996 3452 1089 3514 esset
1106 3447 1186 3513 ani·

52 3561 115 3612 mus
133 3565 210 3615 acer
227 3555 260 3615 ct
277 3547 383 3616 iortis.
409 3547 541 3615 interea
559 3565 617 3615 rex
633 3547 794 3614 Bohemie
814 3547 974 3631 cogitavit
990 3546 1099 3632 ipsum
1116 3545 1180 3612 im-

52 3643 172 3734 pedire,
197 3651 231 3713 el
248 3646 326 3716 data
349 3648 494 3734 pecunia
517 3647 644 3713 inlinita
672 3643 872 3732 quibusdam
899 3643 1068 3712 nobilibus
1095 3648 1181 3711 terre

53 3739 149 3833 istim,
168 3761 308 3831 quorum
327 3747 451 3833 primus
470 3745 530 3812 luit
548 3747 645 3833 quasi
663 3743 730 3812 dux
749 3761 810 3811 seu
828 3743 973 3811 marchio
993 3741 1035 3810 de
1053 3742 1180 3810 Baden.

53 3835 107 3917 Qui
129 3849 247 3911 nactus
272 3847 532 3932 oportunitatem
556 3859 718 3929 agressus
744 3843 830 3909 circa
848 3841 1034 3909 Neokarum
1062 3842 1181 3909 civito-

55 3942 113 4027 tcs‚
129 3942 219 4028 ipsas
239 3943 350 4030 preliis
370 3943 491 4029 quibus
509 3947 642 4030 poterat
658 3940 847 4028 lacessivit,
866 3940 1015 4009 incendit
1033 3940 1128 4008 villas
1148 3951 1182 4007 ct

54 4042 194 4108 vastavit.
220 4039 348 4121 Quibus
368 4042 521 4110 omnibus
548 4059 608 4108 rex
624 4039 788 4107 Rudolius
812 4040 913 4107 nicbil
938 4044 1047 4107 motus
1067 4039 1108 4106 ab
1126 4040 1179 4105 in-

56 4143 140 4222 cepto
158 4157 225 4209 non
243 4139 388 4230 destitit,
420 4139 481 4208 sed
506 4140 649 4208 collecto
677 4140 824 4206 exercitu
849 4140 931 4207 salis
959 4139 1100 4226 copioso
1118 4139 1180 4204 iter

56 4236 185 4324 arripuit.
232 4238 273 4308 Et
302 4240 529 4329 pertransiens
558 4238 752 4307 Noricorum
781 4237 952 4324 regionem
988 4238 1075 4305 circa
1100 4235 1178 4303 litos
