2884 4834
5 185 7 232 ’
390 247 515 294 errares
536 245 773 294 wonnnrrrrsrs.
1082 219 1151 290 16³

36 387 79 456 isti
105 385 290 472 quindecim
315 387 376 454 vlri
402 385 514 454 idonei
541 390 575 454 et
599 383 734 454 discreti
760 386 870 453 statim
888 389 986 456 tactis
1004 388 1153 477 reliquiis

37 491 212 554 sanctorum
242 485 433 556 iuraverunt
466 485 660 574 manifesto,
691 483 782 572 quod
814 485 998 554 secundum
1030 493 1155 556 statuta

36 585 186 674 privilegii
202 587 376 675 prescripti
393 603 459 654 nna
477 603 552 653 cunr
569 583 704 652 domino
729 584 891 674 episcopo
910 585 1154 657 wormaciensi

36 703 153 772 sernper
176 685 319 752 consilio
342 683 569 774 presiderent,
597 689 631 752 et
656 682 747 771 quod
773 681 908 752 domino
933 686 1095 775 episcopo
1120 691 1156 755 ef

5 863 6 870 ἵ
36 785 168 852 ecclesie
187 782 304 852 frdeles
324 802 456 871 semper
473 785 776 852 existerenteorurn
791 781 862 852 iura
875 785 908 850 fn
925 784 1077 854 omnihus
1091 784 1155 855 dc·

5 871 7 964 ῗ
35 881 209 972 fendendo,
234 888 267 950 et
290 882 380 972 quod
397 883 462 971 ipsi
486 883 557 950 iura
575 881 719 950 civitatis
738 887 772 949 ct
788 880 951 951 honestas
970 892 1156 954 consuetu-

37 981 118 1049 dines
138 981 358 1052 defenderent
376 988 409 1050 et
426 987 689 1070 augmentarent,
709 985 743 1049 et
760 982 846 1050 iuste
861 982 1047 1052 indicarent
1065 985 1156 1054 clero

5 1143 6 1146 ,
36 1083 108 1148 laico
135 1081 255 1172 iudeo,
282 1091 317 1150 ct
340 1100 440 1171 super
463 1083 668 1167 interrogata
690 1081 778 1148 iuste
804 1086 837 1148 et
860 1083 1099 1151 rationabiliter
1121 1084 1156 1152 in

36 1182 150 1248 anirnas
170 1199 249 1249 suas
269 1182 529 1271 responderent,
548 1197 588 1248 ac
606 1185 736 1248 secreta
754 1181 885 1248 consilii
901 1199 961 1269 per
975 1184 1158 1251 omniaoc·

5 1317 7 1356 5
37 1281 110 1347 culte
137 1280 318 1370 haberent,
346 1282 511 1349 scultetos
536 1280 715 1365 magistros
743 1285 776 1347 et
793 1278 958 1349 officiatos
976 1283 1050 1351 sine
1068 1283 1157 1350 ornnf

36 1378 102 1447 dolo
129 1381 312 1470 eligerent,
339 1398 418 1448 reos
444 1397 614 1466 nunquam
638 1376 872 1469 defenderent,
901 1387 934 1448 ot
959 1381 1157 1450 innocentes

36 1497 91 1545 non
109 1478 412 1569 condempnarent,
432 1485 465 1547 ct
482 1477 573 1566 quod
591 1477 655 1546 hec
673 1479 783 1547 omnia
802 1483 836 1548 et
854 1480 919 1547 alia
934 1481 1075 1550 civitatis
1090 1481 1158 1550 uti-

36 1579 70 1645 lia
93 1577 223 1665 absque
249 1581 338 1647 onrni
366 1579 444 1647 dolo
467 1577 668 1667 perficerent
686 1585 720 1646 et
738 1579 815 1646 tofis
835 1578 959 1648 viribus
978 1579 1021 1647 ad
1040 1598 1080 1648 ea
1098 1597 1157 1648 as-

36 1683 129 1744 tarent
158 1679 247 1745 orani
273 1677 388 1746 fraudo
414 1683 556 1767 remota,
588 1677 756 1746 amicicias
783 1678 855 1746 slve
881 1678 1078 1746 inimicicias
1102 1684 1160 1748 aut

37 1778 112 1845 dona
129 1776 210 1845 data
227 1779 281 1845 vel
299 1778 465 1866 promissa
481 1769 570 1844 non¹
588 1775 811 1864 respiciendo.
838 1773 1000 1847 Dominus
1018 1780 1159 1866 episeo-

36 1896 87 1964 pus
104 1895 188 1944 vero
206 1877 327 1952 iurabit
344 1878 448 1946 ecianr
467 1877 553 1945 inter
576 1877 735 1944 consules
762 1875 815 1944 vel
834 1876 934 1944 faciet
952 1879 1159 1966 capellanum

37 1995 118 2044 surnn
135 1977 246 2044 iurare
264 1978 297 2058 in
316 1977 456 2044 animam
476 1993 586 2066 suam,
606 1974 698 2063 quod
716 1975 824 2044 fidelis
849 1977 893 2043 sit
910 1977 1035 2045 civitati
1055 1983 1089 2044 et
1106 1978 1159 2044 ci·

37 2077 139 2164 vibus,
164 2078 239 2144 iura
266 2095 380 2144 eorunr
404 2076 438 2143 in
463 2075 616 2144 ornnibus
642 2074 872 2164 promovendo
891 2083 925 2144 et
942 2075 1160 2165 meliorando,

37 2175 110 2243 inste
136 2175 340 2264 iudicando,
368 2183 497 2244 secreta
528 2175 659 2242 consilii
685 2174 818 2242 firmiter
849 2173 1009 2264 celando,
1032 2174 1162 2244 iudices

38 2275 99 2342 sine
116 2276 264 2363 pecunia
283 2273 461 2363 eligendo,
488 2275 521 2341 in
540 2273 693 2342 ornnihus
713 2273 775 2343 hiis
794 2273 960 2342 amicicias
977 2275 1032 2344 vel
1049 2275 1162 2342 inimi·

38 2375 126 2441 oicias
158 2375 291 2462 absque
317 2375 404 2442 ornni
432 2373 510 2442 dolo
538 2379 572 2442 et
598 2372 712 2442 fraude
737 2364 826 2442 non²
842 2373 1063 2461 inspiciendo.
1090 2372 1162 2441 lliis

38 2472 122 2542 dictis
141 2479 176 2542 et
194 2473 307 2541 verbis
326 2474 498 2560 oornplotis
516 2471 606 2540 dicet
628 2474 839 2561 capellanus:
862 2469 923 2538 hcc
938 2478 1014 2540 turo
1036 2475 1071 2540 in
1087 2473 1162 2541 ord-

6 2641 8 2666 ,
38 2591 114 2639 mom
131 2574 256 2641 domini
272 2575 335 2640 mci
348 2573 492 2657 episcopi
514 2571 558 2638 od
571 2571 644 2656 ipso
656 2571 798 2652 fideliter
819 2569 1042 2655 observando,
1059 2576 1098 2638 ct
1114 2574 1164 2639 sic
1206 2577 1209 2586 ’

36 2673 217 2758 episcopum
244 2672 325 2739 deus
348 2672 483 2738 adlucet
506 2675 540 2737 et
557 2671 745 2738 conditores
765 2674 956 2738 cunctorum
973 2670 1164 2756 cooopclfo·

6 2807 8 2826 .
36 2789 108 2838 rum.
134 2773 176 2839 ht
195 2769 260 2838 hiis
280 2771 420 2838 honeste
446 2772 591 2859 peractis
610 2769 698 2838 sedit
715 2769 869 2839 dominus
888 2771 1069 2858 episeopus
1088 2787 1163 2837 cunr

36 2869 90 2937 hiis
114 2871 306 2958 quindecim
330 2869 510 2938 iudicando
529 2877 563 2937 et
579 2869 703 2937 civitati
721 2889 761 2937 ac
779 2860 928 2937 civibus³
944 2866 1163 2957 providendo.

37 2968 186 3056 hligravit
196 2971 282 3037 eninr
293 2989 313 3037 a
326 2971 444 3037 seculo
457 2969 544 3036 idern
560 2969 761 3036 venerahilis
779 2975 874 3057 pater
889 2967 1043 3036 dominus
1056 2966 1163 3036 Hein-

38 3069 114 3136 ricus
147 3087 239 3138 anno
274 3069 398 3136 donini
430 3069 657 3136 noenxxiiii.
685 3067 836 3137 secundo
863 3067 938 3135 idus
966 3066 1163 3156 septembris

41 3163 131 3257 [sept.
154 3166 233 3260 12],
252 3173 286 3236 ot
304 3167 455 3256 sepultus
475 3173 528 3236 est
545 3168 577 3234 in
598 3167 700 3234 choro
717 3169 825 3235 sancti
844 3167 937 3236 Petri.
963 3167 1040 3255 lpse
1059 3167 1163 3235 eciam

41 3269 144 3353 paucis
164 3274 245 3336 ante
269 3267 394 3336 obitum
413 3285 508 3335 suurn
531 3265 733 3356 temporibus
756 3266 972 3335 inchoaverat
988 3267 1164 3334 claustrum

41 3367 75 3433 ad
96 3373 202 3435 orturn
226 3372 342 3435 sancte
364 3365 487 3456 Marde,
506 3365 548 3435 ad
572 3363 662 3454 quod
686 3383 816 3434 ornnem
834 3383 927 3433 suarn
945 3364 1072 3434 addidit
1089 3363 1164 3431 dili·

42 3469 188 3550 gentiana.

105 3567 186 3634 Post
207 3564 332 3634 obitum
351 3581 431 3632 vero
452 3563 592 3654 predicti
612 3562 735 3632 domini
758 3563 909 3652 episcopi
932 3562 987 3651 pie
1010 3561 1165 3629 memorie

43 3661 77 3728 od
97 3671 161 3734 tres
178 3663 383 3733 ebdomadas
400 3663 528 3732 electus
545 3663 605 3730 fuit
622 3663 833 3730 concorditer
846 3661 999 3730 dontinus
1016 3659 1166 3728 Landol-

45 3759 88 3828 fns
106 3763 255 3832 decanus
282 3765 315 3830 ln
334 3763 541 3851 episcopum.
569 3761 627 3830 Cui
645 3763 749 3850 prinro
768 3761 867 3829 valde
885 3761 971 3828 benc
990 3759 1166 3846 successit,

46 3862 114 3945 quia
136 3863 279 3932 breviter
294 3881 314 3930 a
332 3857 466 3930 domino
493 3861 747 3949 archiepiscopo
764 3859 964 3947 hloguntino
986 3859 1167 3928 confrrma-

45 3965 89 4026 tus
109 3961 177 4030 fuit.
205 3963 245 4030 ht
263 3962 374 4030 statim
392 3960 559 4028 accedens
573 3951 793 4046 Ezzelfngcn⁴
810 3978 829 4026 a
848 3958 982 4028 domino
998 3948 1169 4026 Heinricc⁵

45 4075 115 4144 rege
128 4061 250 4129 ibidern
262 4061 426 4129 existente
438 4059 607 4146 regalibus
629 4064 682 4127 ost
700 4059 877 4126 investitus
898 4055 1015 4150 [l2ld
1028 4075 1104 4127 nov.
1118 4051 1167 4146 l].

77 4199 103 4262 f)
121 4217 176 4253 non
193 4199 260 4256 fehlt
283 4202 310 4253 in
329 4199 378 4252 der
400 4198 439 4254 hs.
480 4200 512 4264 2)
532 4215 585 4252 non
610 4197 677 4252 fehlt
701 4199 727 4252 in
752 4197 801 4250 der
825 4196 864 4250 hs.
910 4200 942 4265 3)
960 4214 989 4252 so
1014 4199 1086 4252 steht
1110 4197 1169 4250 hier

49 4267 110 4320 noch
128 4270 153 4321 in
172 4268 275 4322 derha.
313 4270 346 4332 t)
366 4267 528 4335 llagonalarn
549 4267 587 4319 hs.
625 4269 657 4330 5)
675 4265 801 4322 Conrado
820 4264 858 4318 he.

915 4350 971 4403 nr
