2888 4824
401 269 564 320 ennomcon
585 267 818 319 rnnncumrnsr.
1104 241 1174 315 395

111 407 183 478 lloc
200 426 291 478 anno
308 425 424 478 mense
442 410 529 480 maio
547 411 725 499 imperator
742 427 902 498 agressus
920 409 963 480 ab
981 410 1076 481 ltalia
1088 429 1171 501 par·
1191 421 1256 478 tate

12 513 86 574 tes
119 508 285 578 teutonia
310 507 522 600 aggreditur,
555 527 656 598 quam
680 508 749 578 iere
773 510 806 577 in
826 507 973 578 sedecim
991 511 1087 579 annis
1105 527 1175 580 non

11 607 245 676 visitaverat.
272 607 453 676 'transiens
471 625 554 678 vero
571 608 756 699 Austriam,
781 607 982 678 discordiam
1008 627 1073 697 que
1091 610 1176 678 inter

11 724 150 793 regem
175 707 312 776 Boemie
338 725 380 774 ac
408 706 526 776 ducem
551 704 686 777 Austrie
713 706 822 776 iuerat
846 713 964 777 exorta
989 709 1175 778 conabatur

10 799 179 896 sopire¹,
196 823 267 874 non
283 806 419 875 valebat
435 814 572 896 propter
594 807 850 876 intollerabilem
866 806 1058 896 superbiam
1078 807 1174 877 ducis

10 923 63 971 ac
94 905 290 996 stultitiam,
320 923 403 993 rege
430 913 541 974 tamen
565 912 683 994 parato
714 904 758 974 ad
782 908 1069 994 compositionem.
1105 906 1175 976 Sed

17 1002 114 1072 dum
136 1004 226 1072 docti
241 1021 308 1073 non
325 1005 506 1096 valuisset,
526 1024 585 1074 rex
602 1004 691 1074 idem
709 1005 907 1074 Boemorum
924 1023 1038 1093 regem
1056 1006 1175 1092 Unga-

14 1103 74 1171 rie
99 1121 180 1171 curn
198 1105 318 1172 ceteris
344 1110 487 1192 metator
505 1104 642 1192 regibus
661 1106 694 1172 in
712 1105 867 1173 auxilium
886 1103 1075 1194 advocans,
1102 1112 1175 1174 ter-

13 1220 100 1269 rann
131 1201 229 1272 ducis
255 1203 431 1290 ingressus
458 1209 526 1294 est,
545 1221 619 1272 curn
638 1203 757 1272 eodem
775 1205 985 1273 committens
1003 1206 1038 1272 in
1057 1221 1174 1272 mense

11 1302 123 1370 iulio.
152 1303 191 1369 ln
210 1319 276 1390 quc
295 1301 453 1372 condictu
471 1309 605 1390 strages
623 1303 764 1370 maxima
781 1309 1003 1391 pugnatorum
1021 1307 1122 1390 atque
1139 1304 1174 1372 in

12 1399 194 1469 Danubio
212 1399 457 1470 submersorum
474 1401 563 1470 iacta
581 1408 651 1493 est,
674 1419 755 1489 rege
774 1402 970 1490 triumphum
989 1402 1174 1470 obtinente.

105 1499 315 1588 Imperatore
347 1501 382 1568 in
408 1499 638 1569 Alemanniam
664 1502 838 1592 veniente,
866 1500 1013 1569 lautores
1040 1499 1095 1568 tilii
1119 1503 1172 1570 sui

12 1596 181 1666 Heinriei
205 1599 295 1686 regis
320 1598 419 1668 valde
445 1599 583 1690 turbati,
608 1598 679 1668 lere
704 1617 821 1668 omnes
845 1601 955 1689 ipsum
973 1598 1170 1669 deserentes

15 1697 114 1786 patri
134 1696 298 1768 adherere
315 1704 482 1788 oepemnt.
493 1696 703 1788 Quapropter
715 1697 909 1788 sepedictus
922 1715 980 1767 rex
993 1696 1171 1768 Heinrions

17 1797 167 1864 veniam
187 1803 317 1886 apatre
340 1798 448 1886 ipsius
471 1800 506 1866 in
530 1797 686 1887 Wimpbe
713 1799 908 1888 postulans,
927 1798 1112 1884 gratiosae
1131 1815 1170 1867 sc

19 1912 166 1983 suaque
186 1897 297 1965 omnia
316 1896 531 1988 contradidit,
551 1896 613 1966 sed
631 1903 726 1986 patre
744 1897 998 1986 compositionis
1016 1902 1051 1965 et
1067 1899 1171 1965 satis·

23 1993 194 2062 factionis
212 1993 349 2063 iormam
366 1997 399 2064 in
427 1995 647 2066 Wormaciam
667 1993 850 2065 differente.
876 1995 992 2084 Itaque
1011 1996 1087 2064 xvii.
1105 1995 1170 2064 kal.

21 2094 174 2180 augusti
206 2090 282 2185 [iuli
310 2092 374 2187 tc]
406 2095 582 2185 imperator
608 2113 756 2165 sororem
780 2096 872 2182 regis
899 2092 1022 2181 Anglie
1046 2093 1172 2163 ibidem

19 2191 226 2262 Wormacie
251 2194 411 2282 imperiali
434 2195 640 2265 matrimonio
664 2193 726 2263 sibi
745 2194 974 2282 sollempniter
991 2194 1172 2282 copulavit.

19 2290 89 2359 Ubi
111 2309 177 2360 rex
194 2289 369 2362 Heinricus
378 2346 388 2384 ,
407 2287 520 2362 au'dim
545 2293 798 2382 compositionis
817 2293 922 2362 torma
939 2311 959 2360 a
975 2298 1069 2382 patre
1086 2283 1173 2382 pr'o-

23 2391 200 2481 mulgata,
225 2389 336 2478 lugam
363 2393 446 2461 inire
473 2395 612 2482 paravit.
639 2391 744 2476 Quem
762 2399 856 2482 pater
874 2391 1040 2480 captivum
1059 2396 1172 2461 castro

21 2487 235 2558 Heidelbcrc
260 2491 516 2561 custodiendum
541 2490 691 2584 tradidit,
717 2496 853 2580 etpost
879 2491 968 2559 hunc
984 2493 1092 2580 ipsum
1109 2492 1172 2559 ab·

22 2606 173 2658 sumens
187 2590 221 2656 in
234 2589 350 2658 Retbia
365 2597 478 2660 castro
491 2589 659 2660 Alreheim
673 2590 874 2660 servandum
888 2591 1060 2658 commisit.
1080 2591 1172 2658 tan-

22 2687 106 2757 dem
131 2689 315 2776 imperator
337 2689 447 2759 adhuc
471 2695 591 2760 timens
616 2691 801 2780 peripsum
819 2688 861 2757 ab
879 2689 996 2757 emulis
1015 2690 1086 2757 suis
1104 2690 1170 2756 im-

22 2789 114 2876 perii
143 2787 362 2857 turbationem
387 2787 513 2880 moliri,
537 2807 597 2879 per
620 2791 802 2879 episcopos
830 2787 1112 2874 salzburgensem
1137 2794 1172 2856 ct

21 2885 356 2974 Babenbergensem
374 2907 415 2958 ac
431 2893 552 2978 postca
566 2907 626 2977 per
641 2887 861 2978 patriarcham
874 2879 1171 2974 aquilegiensem

24 2985 180 3054 eundem
197 2987 230 3054 in
247 2985 402 3077 Apuliam
421 2989 662 3078 transmittens
681 2986 943 3056 castchalerne
960 2987 1062 3075 recipi
1075 3003 1171 3054 man-

23 3083 134 3154 davit.
161 3083 288 3154 Eodem
311 3103 400 3155 anno
423 3088 604 3176 imperator
621 3087 841 3176 sollempnem
860 3086 981 3154 curiam
1001 3086 1088 3154 circa
1108 3102 1170 3154 as-

24 3184 257 3273 sumptionem
285 3181 380 3275 [aug.
401 3183 465 3278 te]
493 3185 670 3273 Mogontia
696 3184 897 3275 celebravit,
923 3183 1048 3253 ibidem
1066 3201 1170 3254 coro-

24 3289 130 3352 natus
149 3281 350 3352 incedendo.

104 3379 183 3450 Hoc
208 3384 313 3452 eciam
339 3400 428 3451 anno
452 3380 607 3451 dominus
632 3401 720 3472 papa
745 3381 949 3472 Gregorius,
972 3382 1086 3451 missis
1109 3399 1171 3470 per

24 3482 225 3549 universam
244 3479 421 3550 ecclesium
439 3481 568 3571 litteriS,
589 3499 720 3551 crucem
737 3482 909 3551 constituit
922 3480 1096 3569 predicari,
1110 3497 1171 3570 per

25 3579 204 3650 biennium
222 3578 264 3649 ad
282 3586 402 3649 terram
421 3585 570 3650 sanctam
589 3580 835 3669 expeditionem
854 3579 1036 3669 protelans.

102 3679 180 3747 Hoc
198 3697 286 3748 anno
305 3679 488 3768 Erphordie
514 3681 548 3748 in
566 3681 681 3766 vigilia
698 3679 823 3769 pasche
842 3677 1076 3746 Willebelmus
1094 3675 1169 3745 Ha-

25 3778 267 3866 velbergcnsis
291 3779 474 3868 episcopus
498 3779 532 3847 in
559 3779 704 3848 ecclesia
722 3778 898 3847 Scotorum
916 3776 1054 3846 ordines
1072 3776 1169 3845 cele·

26 3876 144 3947 bravit.
171 3875 246 3946 Hoc
264 3895 353 3947 anno
371 3879 437 3946 viii.
458 3877 522 3966 lral.
541 3879 648 3946 martii
666 3878 748 3947 obiit
764 3877 895 3946 Ulricus
914 3875 1009 3944 miles
1029 3874 1071 3944 de
1086 3875 1168 3943 Tul-

26 3976 162 4045 lestein.
188 3975 317 4046 liudem
342 3993 431 4046 anno
456 3993 573 4045 mense
599 3977 686 4046 maio
703 3977 886 4046 eanonicus
906 3974 1040 4064 quidam
1059 3992 1168 4064 quen-

60 4151 93 4214 t]
111 4149 160 4204 sed
177 4147 246 4204 oder
263 4155 379 4203 amman
397 4147 466 4204 oder
483 4151 528 4204 ein
543 4149 685 4205 bbuliobes
702 4155 773 4204 wart
790 4147 859 4204 iehlt
876 4148 945 4204 hier.
975 4150 1007 4218 2)
1024 4162 1056 4202 ao
1092 4153 1169 4202 cetea

27 4231 75 4288 per
92 4216 275 4289 patriarcham
291 4215 518 4289 Aquilegiensem
536 4218 590 4274 und
608 4219 676 4276 luurz
693 4217 795 4274 verber
810 4217 955 4274 absumens
969 4215 1039 4272 baba
1056 4216 1065 4270 i
1118 4229 1169 4270 sua

29 4285 88 4341 dem
106 4285 207 4342 tlbron.
225 4283 359 4366 Sampotr.
382 4291 503 4356 ergttazt.
