2884 4834
282 211 355 280 204
648 239 775 288 annncus
796 239 1033 286 wonnnmnnsrs.

200 387 265 442 1265
285 382 400 448 contra
425 396 539 448 omnes
565 378 659 466 ipsos
682 379 876 446 iniuriantes
896 397 915 446 a
932 377 1020 446 festo
1039 378 1144 446 sancti
1162 375 1291 444 llartini
1312 370 1408 467 [nov.

255 539 257 546 a
283 475 346 568 ll]
363 483 441 546 tuno
458 479 607 566 proxime
626 477 734 545 futuro
754 477 796 545 ad
814 477 899 546 diros
918 483 1025 544 annos
1050 475 1261 566 perdurante.
1287 476 1330 543 Et
1347 475 1408 543 heo

281 578 465 646 coniuratio
491 582 557 644 tam
582 595 601 644 a
625 575 723 644 dictis
744 577 922 644 comitibus
950 593 1049 663 qnam
1076 594 1095 644 a
1122 575 1252 642 civibus
1276 575 1407 662 absque

280 678 370 745 omni
387 674 569 744 donatione
587 677 727 763 pecunie
744 677 844 764 plane
863 679 914 742 est
937 674 1088 763 perlecta
1105 678 1137 742 et
1155 672 1359 742 confirmata.

355 774 481 843 Eodem
491 767 643 842 ann01in
654 775 883 862 assumptione
892 774 997 842 llario
1016 773 1154 859 virginis
1167 768 1338 862 [angle]
1357 773 1408 839 in-

280 879 330 942 tor
352 879 419 942 tres
446 873 507 941 has
535 873 705 941 civitates:
730 873 939 960 Moguntiam
964 869 1179 940 Wormatiam
1204 877 1238 939 et
1266 867 1408 959 Oppon-

280 972 385 1062 heim,
404 991 464 1060 per
482 978 623 1060 quatuor
648 975 738 1040 viros
757 974 918 1060 cuiusque
936 971 1063 1038 illarum
1083 971 1251 1039 civitatum
1268 976 1407 1038 contro-

279 1073 391 1139 versia
416 1073 601 1160 composita
620 1076 672 1140 est
692 1071 855 1160 totaliter,
875 1087 1014 1158 quorum
1031 1071 1166 1137 nomina
1184 1069 1403 1155 subsequun-

253 1243 260 1254 ,s
280 1175 333 1238 tur
339 1223 348 1260 ,
366 1170 525 1238 videlicet
543 1169 584 1238 dc
603 1169 826 1256 ltloguntinis:
852 1167 1063 1238 Eberhardus
1084 1168 1310 1257 Camerarius,
1337 1168 1408 1235 iri-

280 1269 413 1338 dericus
432 1268 475 1337 de
494 1268 755 1357 Waldersbeim‚
774 1265 944 1336 hrnoldus
963 1267 1133 1356 Walpodo
1152 1271 1186 1334 et
1209 1267 1345 1335 Ulrieus
1368 1266 1406 1334 de

279 1366 407 1436 Arbore
416 1367 576 1436 Rosarnm
582 1391 591 1456 3
610 1367 652 1435 de
667 1368 874 1436 Wormacia:
895 1365 1095 1435 Godelridus
1115 1367 1228 1434 senior
1247 1364 1404 1455 dehloro,

282 1467 438 1535 Gerbodo
457 1466 498 1534 de
512 1467 620 1556 Moro,
631 1466 793 1534 Henrious
807 1466 937 1534 Richori
948 1471 981 1533 et
993 1464 1156 1533 Hemrieus
1170 1463 1405 1550 Holdtmundt3

281 1565 323 1634 de
342 1559 565 1653 Oppenheim:
590 1566 706 1634 Petrus
725 1565 767 1633 de
786 1563 1061 1654 Winoldisheim,
1086 1561 1251 1632 Henricus
1279 1561 1323 1630 de
1342 1562 1406 1630 llu-

280 1665 494 1753 nigintheim,
515 1663 678 1733 Henricus
707 1664 871 1750 Grezzing
895 1669 928 1732 et
953 1661 1125 1732 Cunradus
1149 1661 1299 1748 Ungcre.
1327 1658 1405 1728 Acta

281 1769 359 1831 sunt
382 1769 490 1831 autem
515 1763 578 1830 hec
604 1769 638 1831 et
663 1764 871 1851 complanata
892 1764 926 1829 in
944 1761 997 1830 die
1015 1761 1165 1852 predicta
1183 1759 1274 1850 apud
1293 1777 1405 1828 cruces

280 1862 431 1951 lapideas
449 1862 532 1930 inira
547 1861 756 1948 Moguntiam
774 1867 807 1930 et
824 1859 1041 1950 Oppenheim.

353 1961 452 2030 Anno
471 1961 649 2030 m.cc.lx.vi.
671 1961 755 2030 vixit
778 1963 828 2028 vir
850 1961 974 2028 nobilis
996 1959 1148 2028 dominus
1171 1957 1349 2026 Cnnradns
1368 1956 1404 2024 de

281 2059 512 2150 sualemberg,
541 2062 596 2148 qni
618 2061 806 2128 inimicitias
830 2061 977 2128 exercuit
1000 2077 1073 2128 cnm
1098 2057 1227 2126 civibus
1246 2057 1404 2126 Worma-

280 2159 450 2227 aiensibus
465 2159 508 2226 ad
520 2160 762 2227 restitutionem
776 2159 991 2246 dampnorum
1001 2165 1067 2226 tam
1077 2177 1136 2247 per
1144 2155 1302 2225 incendia
1314 2173 1403 2244 qnam

279 2276 339 2346 per
355 2259 489 2345 rapinas
518 2258 580 2326 sibi
607 2259 684 2325 clim
707 2257 815 2326 lactas
834 2277 852 2325 a
871 2259 1000 2326 civibus
1023 2256 1155 2324 invilla
1173 2274 1236 2323 sua
1255 2255 1403 2323 Schries-

279 2355 382 2444 heim,
402 2357 493 2424 cives
511 2375 591 2424 vero
610 2356 733 2425 dudum
752 2358 917 2444 cumipse
937 2362 970 2424 et
985 2355 1082 2423 lratre
1094 2354 1305 2423 suodomino
1317 2353 1402 2421 Hen-

280 2455 348 2522 rico
367 2455 455 2523 bone
481 2457 636 2524 memorie
659 2475 773 2544 puram
792 2461 825 2522 ct
841 2456 971 2544 plenam
991 2455 1111 2522 factam
1129 2453 1235 2521 luisse
1260 2454 1402 2540 compla-

278 2545 448 2622 nationem
471 2562 719 2623 asseverantes.
748 2554 897 2622 Tandem
923 2555 1195 2641 compromissum
1220 2554 1328 2620 estin
1348 2558 1403 2618 tros

279 2653 437 2743 arbitros,
456 2654 546 2720 viros
566 2653 747 2743 discretos,
772 2653 944 2722 videlicet:
971 2651 1150 2720 Henrioum
1168 2649 1402 2739 Wackerphyl,

279 2751 457 2820 Henricum
476 2751 693 2820 Camerarium
712 2761 745 2820 et
766 2751 963 2842 Gerbodum,
983 2752 1113 2842 milites,
1132 2769 1193 2838 per
1212 2769 1300 2836 qnos
1321 2750 1401 2818 circs

278 2869 339 2939 per
356 2856 424 2918 tres
448 2856 556 2918 testes
580 2851 723 2919 idoneos
748 2853 832 2919 iussi
860 2857 937 2919 sunt
954 2851 1094 2938 probare
1112 2851 1222 2937 ipsum
1241 2849 1401 2917 dominnm

280 2949 468 3017 Cnnradnm
493 2950 569 3017 huic
595 2951 831 3038 compositioni
853 2949 1053 3017 interfuisse.
1086 2947 1184 3028 Quod
1201 2949 1320 3035 ntique
1338 2947 1401 3034 pla-

279 3065 357 3114 num
380 3047 529 3116 lecerunt
553 3067 612 3136 per
629 3049 796 3118 dominnm
814 3049 998 3136 Philippum
1016 3047 1058 3116 de
1077 3045 1283 3136 HohenlelS,
1303 3046 1400 3113 loan-

279 3163 354 3214 nem
379 3145 422 3214 de
447 3147 739 3216 Bcchtoldesheim
765 3154 798 3216 et
815 3167 874 3236 per
890 3147 1093 3214 Franconem
1113 3145 1154 3213 de
1172 3144 1397 3229 Lamershcin,

278 3247 418 3334 prestito
436 3245 629 3315 iuramento.
655 3245 740 3314 Aeta
759 3251 837 3314 sunt
854 3247 917 3314 hec
937 3247 970 3312 in
989 3245 1284 3313 Nunnenmunster
1301 3258 1398 3312 coram

279 3343 688 3432 episcopoWormaticnsi
705 3352 738 3413 et
755 3346 828 3413 aliis
843 3345 953 3413 multis
968 3345 1047 3412 viris
1062 3345 1225 3434 honestis,
1236 3361 1326 3411 anno
1342 3355 1396 3427 quo

280 3461 380 3532 supra
397 3445 431 3511 in
449 3445 596 3512 crastino
616 3445 721 3512 sancti
739 3443 961 3512 Bartholomei
979 3444 1125 3530 apostoli
1146 3439 1241 3532 [aug.
1262 3439 1337 3532 25].
1366 3437 1398 3504 ut

278 3543 353 3630 ipse
377 3543 531 3610 dominus
565 3543 740 3612 Cnnradus
773 3543 814 3610 de
846 3542 1064 3628 Stralenberg
1094 3561 1182 3630 puro
1202 3536 1398 3609 renunciavit

279 3641 433 3710 omnibns
452 3641 643 3710 actionibus
662 3647 778 3709 contra
797 3643 889 3710 cives
908 3640 1187 3708 Wormatienses,

353 3739 452 3808 Anno
479 3740 658 3808 moelnvi.
690 3747 838 3828 tempore
863 3738 1047 3808 Eberhardi
1073 3739 1226 3827 episcopi
1251 3738 1396 3804 Worma-

280 3837 413 3928 tiensis,
440 3841 496 3925 qui
521 3838 582 3906 luit
606 3837 762 3906 Hirsutus
790 3857 903 3907 comes
923 3838 964 3905 de
983 3837 1201 3926 Beyenburg,
1222 3833 1395 3924 quindecim

280 3937 413 4003 nomina
431 3939 606 4005 consulum
624 3937 756 4005 inerunt
772 3942 928 4024 tanquam
945 3938 1005 4005 vin
997 3935 1150 4024 providi
1165 3936 1285 4004 fideles
1300 3940 1330 4002 et.
1342 3933 1394 3998 ho-

279 4035 385 4101 nesti:
403 4033 567 4103 Hernicus
587 4035 804 4126 Camerarius
823 4035 988 4104 Hemious
1007 4035 1176 4150 Wackerp
1178 4035 1238 4126 l,yl
1178 4029 1395 4102 lGodelri-

281 4173 500 4297 dalSJiahSrchssaGbss
502 4175 595 4230 Rhein
615 4175 783 4232 Stidtebnnd
802 4181 851 4232 199
875 4176 982 4232 beziebt
999 4175 1075 4231 dicae
1093 4143 1172 4232 stelle
1190 4174 1291 4230 wohl
1282 4173 1342 4241 rrrig
1329 4165 1433 4228 ani
