2884 4834
269 162 339 230 tte
678 192 804 240 inurere
824 191 986 238 siracusas.

209 376 228 410 ..‹
268 329 371 418 lilius,
401 333 493 416 patre
516 331 649 399 vivente
673 336 851 399 coronatus
872 348 897 396 a
923 327 1072 398 Romane
1098 330 1278 420 pontifice,
1308 349 1389 406 arne

267 429 392 516 imperil
409 429 461 495 sui
480 446 570 496 ncnc
588 427 689 498 Rome
712 431 865 519 meritur,
888 435 921 496 et
940 430 974 496 in
997 429 1140 498 ecclesia
1157 429 1246 497 beati
1262 429 1345 498 Petri
1361 432 1389 497 iu
1427 437 1428 440 ’

268 545 375 596 ennea
387 545 568 596 marmorea
584 528 745 596 humatur.
771 526 833 596 Hie
845 534 979 616 propter
994 525 1197 596 ferocitatem
1214 545 1309 596 sunm
1324 527 1389 596 dle-

220 653 225 668 ·
268 634 322 695 tus
345 626 535 714 estpallidn
553 645 641 695 mors
658 627 922 696 sarracenorum.
1428 711 1429 718 ἵ

342 723 421 793 Otte'
436 727 557 812 tercius
573 745 661 795 anne
681 727 803 794 demini
826 725 1094 795 dcccclxxxiiii.
1116 743 1199 814 puer
1220 727 1305 814 patri
1320 744 1390 794 suc·
1428 749 1429 756 ¹

268 826 372 893 cessit
393 826 427 891 in
443 826 591 913 imperia.
618 824 680 894 Hic
695 826 820 914 imperii
843 826 895 892 sui
913 842 1001 892 anne
1019 823 1293 913 decimoseptimo
1307 825 1390 913 obiit,

269 927 303 991 et
321 925 354 991 in
375 923 519 992 eeclesia
536 932 652 994 sancte
675 925 780 993 llarie
806 923 1009 1012 Aquisgrani
1030 924 1205 1014 sepelitur,
1236 930 1271 992 et
1291 922 1390 992 dictus

269 1028 322 1091 est
339 1022 499 1090 mirabilia
514 1023 635 1092 muudi.
1429 1012 1430 1024 ’

341 1120 441 1191 Anno
457 1121 581 1190 domini
599 1125 673 1210 mi,
689 1119 811 1190 Ottnne
826 1123 900 1190 siue
920 1120 1043 1190 herede
1059 1127 1204 1212 mortuo,
1222 1120 1390 1190 Heinrieus
1429 1149 1430 1154 ¹

226 1219 241 1236 “’
267 1221 410 1288 nacione
424 1220 565 1290 Noricus
580 1223 720 1309 eiusque
740 1223 851 1308 gentis
867 1221 934 1290 dux
943 1273 952 1311 ,
970 1220 1012 1288 ab
1031 1221 1185 1290 omnibus
1201 1219 1390 1309 primoribus

268 1320 413 1409 electus,
432 1337 505 1388 cum
521 1327 614 1389 esset
633 1340 691 1389 rex
708 1321 1002 1388 christianissimus
1018 1321 1247 1408 episcopatum
1264 1319 1391 1388 Baben·
1430 1393 1431 1398 ,

268 1417 351 1504 berg
364 1418 523 1487 lundavit.
549 1417 613 1500 Qui
628 1421 806 1508 imperatur
827 1420 996 1508 piissimus
1016 1425 1095 1508 post
1117 1419 1238 1516 multas
1259 1421 1390 1486 virtutes
1430 1409 1431 1454 ³

270 1518 364 1603 regni
385 1518 437 1585 sui
456 1536 545 1587 nnnc
559 1520 849 1609 vicesimoquinto,
866 1519 992 1606 imperii
1009 1536 1089 1586 vero
1106 1517 1293 1608 undecimo,
1308 1535 1390 1586 mer-

259 1617 346 1684 'tuus
377 1618 411 1684 in
442 1617 587 1685 ecelesia
615 1617 816 1704 babenberg
841 1617 1007 1707 humatur,
1034 1623 1068 1686 et
1092 1617 1303 1708 sepulchrum
1327 1618 1391 1686 eius

269 1715 392 1784 crebris
410 1716 577 1784 miraculis
598 1717 730 1786 celebre
748 1717 897 1785 babetur.
1431 1706 1432 1790 ]

342 1811 441 1882 Arme
468 1813 590 1884 domini
615 1835 763 1906 m.xx.v.‚
794 1814 952 1884 defuncte
982 1814 1136 1884 Heinricc
1162 1815 1237 1883 siue
1264 1813 1390 1902 herede,

270 1912 443 1982 Cunredus
459 1915 602 1983 nacione
615 1914 764 1983 Francus
778 1933 916 2002 reguum
931 1916 1082 2002 sortitur3
1099 1931 1235 1983 uxorem
1253 1912 1390 1982 Giselam

269 2015 420 2104 nemine,
442 2012 484 2082 de
502 2015 638 2101 antique
662 2021 695 2082 et
709 2015 858 2100 glorioso
879 2013 1073 2082 Karelcrum
1096 2013 1262 2099 sanguiue
1288 2014 1389 2099 erigi·
1432 2066 1433 2074 ,

269 2129 345 2180 nem
360 2111 506 2201 ducens,
521 2113 644 2180 habuit.
670 2111 732 2181 llic
747 2115 833 2181 inter
847 2109 1004 2181 Ottonem
1019 2111 1203 2198 Anglnrum
1223 2117 1257 2178 et
1271 2109 1390 2180 Rudcl-
1432 2125 1433 2131 ¹

269 2209 336 2278 ium
356 2209 548 2297 Burgundie
570 2229 669 2298 reges
687 2211 896 2300 precedens,
919 2211 1101 2280 honorilice
1120 2227 1284 2279 asumma
1306 2229 1388 2299 pen-

269 2308 357 2378 tihce
381 2309 535 2378 Jnhamne
558 2318 751 2401 cummim,
772 2311 814 2378 ab
840 2312 927 2378 omni
942 2310 1066 2399 popule
1084 2308 1232 2378 Romanu
1249 2311 1388 2398 impere-

91 2480 109 2507 Γ
145 2459 154 2472 f
269 2409 350 2476 turis
370 2407 919 2500 etnugustinomcnaccepitflic
937 2409 1387 2496 tandemsanctumpenthe-
1433 2407 1434 2428 ¹

270 2513 388 2576 costen
413 2509 445 2575 in
466 2506 614 2577 interiori
638 2509 791 2577 Treiecto
815 2508 989 2577 celebrans
1018 2508 1217 2597 infirmatus,
1245 2507 1388 2576 decime-

238 2597 253 2608 ”
270 2607 412 2695 septime
429 2608 524 2693 regni
546 2609 597 2676 sui
614 2626 713 2699 anne,
730 2609 856 2697 imperii
874 2625 954 2676 vero
971 2607 1218 2695 decimoterci0‚
1237 2605 1323 2675 diem
1340 2606 1388 2674 nl·

270 2706 380 2774 timum
402 2707 540 2797 clausit,
568 2708 774 2796 sepultisque
800 2708 967 2774 intestinis
994 2707 1063 2776 suis
1088 2706 1248 2794 reliquum
1278 2722 1388 2795 corpus

270 2822 365 2874 suum
385 2805 417 2872 iu
434 2806 611 2875 ecclesium
627 2805 818 2894 Spireusem
832 2804 1009 2874 deductum
1028 2805 1189 2874 humatur.

343 2901 442 2973 Arme
461 2903 585 2973 domini
606 2906 691 2972 mxl.
707 2904 882 2973 Heinrieus
900 2906 1040 2994 tercius,
1062 2903 1150 2973 dicte
1168 2904 1280 2971 Gisele
1302 2903 1386 2988 lilius,

238 3022 254 3034 ··
270 3003 327 3088 qui
344 3008 437 3090 patre
454 3004 587 3072 vivente
605 3023 746 3090 regnare
764 3010 918 3095 ceperat,
938 3005 1013 3092 ipsc
1029 3011 1157 3072 mortuo
1176 3004 1334 3090 regnavit.
1355 3003 1386 3068 ln

269 3100 414 3188 ipseque
437 3099 582 3188 dignitas
607 3103 805 3192 imperialis,
830 3121 894 3190 que
919 3121 978 3190 per
996 3101 1134 3189 lengum
1148 3103 1213 3169 iam
1231 3109 1386 3190 tempusa

271 3201 397 3268 semime
418 3200 529 3269 llaroli
549 3202 759 3292 exulaverat,
785 3199 828 3269 ad
845 3219 1048 3288 generosum
1071 3208 1105 3268 et
1126 3202 1298 3288 antiquum
1316 3218 1384 3286 ger·

270 3317 345 3366 men
369 3299 503 3368 reducta
527 3307 587 3368 est.
624 3299 685 3368 Hie
703 3319 763 3389 per
791 3301 901 3368 omnia
924 3307 1050 3390 patrem
1073 3301 1108 3367 in
1131 3299 1305 3368 virtutibus
1327 3315 1384 3366 tren

271 3398 379 3466 sulum
400 3417 544 3486 equasse
569 3399 628 3466 sed
657 3398 909 3468 transcendisse
937 3399 1135 3488 perhibetur.
1169 3397 1230 3466 llic
1251 3399 1384 3468 decimu-

244 3499 412 3589 xseptimo
436 3499 533 3584 regni
561 3499 612 3566 sui
638 3517 742 3589 anne,
764 3499 890 3588 imperii
911 3496 1126 3587 duodecimo,
1146 3497 1245 3590 obiit,
1262 3504 1295 3567 et
1309 3494 1383 3585 apud

270 3603 396 3682 patrem
412 3598 564 3686 sepultus
579 3604 641 3664 est.

345 3695 443 3765 Anno
454 3696 578 3766 demini
591 3697 707 3764 mlvii.
723 3694 898 3763 Heinrieus
914 3702 1049 3783 quartus
1059 3693 1205 3762 Heirrrici
1215 3693 1300 3763 lilius
1316 3711 1384 3782 puer

271 3795 355 3879 patri
382 3798 548 3863 suecessit
571 3795 633 3864 snb
659 3793 811 3863 custodia
833 3791 975 3880 Agnetis
998 3795 1110 3862 aratris
1134 3811 1205 3861 sue.
1240 3793 1300 3874 Qui
1320 3797 1382 3879 pest

271 3893 371 3958 multe
385 3893 533 3978 gloriosa
553 3911 617 3982 que
635 3895 799 3962 commisit
814 3909 903 3960 annu
921 3891 1044 3961 demini
1062 3893 1177 3961 mciii.
1196 3895 1383 3960 nativitatem

271 3988 395 4057 demini
410 3991 590 4078 Mcguneie
608 3992 806 4081 celebravit,
821 3991 935 4078 ibique
950 3991 988 4060 ll.
1007 3990 1073 4059 lrlic
1093 4009 1155 4060 suc
1171 4009 1251 4078 rege
1270 3997 1341 4080 post
1354 4005 1383 4055 se

271 4087 466 4179 designato,
485 4090 699 4159 rebellionem
714 4091 755 4158 ab
774 4107 814 4158 eo
834 4092 958 4178 sensit,
980 4097 1114 4178 prepter
1131 4091 1383 4159 excommunica-

271 4191 380 4256 tienes
401 4187 619 4257 Romanarum
644 4187 835 4277 peutiheum
862 4189 924 4257 sub
956 4191 1070 4278 specie
1096 4191 1268 4275 religionis
1293 4203 1384 4273 reguo
