2950 4836
278 207 348 277 500
642 235 815 282 annuamus
837 213 1024 281 baraninam.

194 391 260 448 latr
278 377 367 444 circa
384 375 542 442 maritima
558 391 680 460 magna
705 393 783 463 pars
810 376 956 462 ipsorum
980 379 1110 442 mortua
1128 381 1188 442 est.
1223 375 1326 442 Inter
1345 391 1427 460 qnos

275 474 503 562 Angustensis
531 475 711 562 episeopus
738 480 771 541 et
789 473 969 542 Ludnicus
996 475 1132 540 maritus
1158 481 1283 542 sancte
1304 473 1427 558 Elysa-

275 575 354 642 beth
388 574 594 659 lantgravius
621 573 800 659 Thuringio
836 591 909 640 cum
943 573 1016 641 aliis
1049 573 1217 640 nobilibus
1253 571 1426 640 obierunt.

275 674 416 760 Reliqua
432 689 511 762 pars
530 672 672 740 credens
692 673 860 740 dominum
877 675 1109 760 imperatorem
1128 671 1426 740 transfretaturum

276 791 365 842 marc
391 773 549 839 transivit.
586 771 790 860 Imperatore
816 790 897 840 vero
925 777 1134 860 remanente,
1169 774 1205 838 in
1233 771 1426 839 continenti

276 872 346 940 iere
371 873 478 939 omnis
509 871 566 938 illa
588 872 814 959 peregrinatio
841 871 946 939 rediit.
982 871 1143 939 Dominus
1164 890 1255 959 papa
1280 873 1426 956 impera-

277 979 383 1040 torem
400 989 460 1059 pro
479 988 519 1037 eo
539 969 630 1056 quod
647 978 760 1039 votum
779 973 1060 1058 peregrinationis
1084 988 1153 1037 non
1179 971 1344 1038 solverat
1370 987 1425 1036 ex·

278 1072 554 1139 communicatum
573 1069 801 1158 sollempniter
820 1069 1034 1138 denuntiavit.
1052 1071 1101 1137 Ex
1119 1071 1184 1138 hoc
1203 1072 1330 1156 itaque
1343 1067 1425 1135 lacto

277 1171 509 1257 gravissimum
529 1171 651 1236 scisma
669 1171 769 1236 oritur
786 1170 1026 1255 interregnum
1044 1177 1077 1236 ct
1103 1169 1366 1255 sacerdotium,
1388 1169 1427 1234 ita

276 1277 314 1338 ut
331 1269 399 1336 lere
417 1275 488 1337 tota
506 1267 729 1336 christianitas
752 1287 812 1356 per
836 1269 948 1356 plures
976 1285 1083 1336 annos
1101 1270 1201 1336 novis
1223 1276 1258 1335 et
1279 1269 1425 1334 insolitis

276 1369 444 1458 pressuris
462 1367 636 1454 plurimum
654 1367 848 1434 turbaretur.
876 1367 957 1434 Nam
977 1368 1163 1435 electiones
1183 1371 1425 1456 episcoporum

277 1474 513 1557 personatuum
534 1471 566 1532 et
592 1467 726 1534 aliarum
750 1485 941 1551 magnarum
961 1467 1159 1552 dignitatum
1185 1474 1271 1534 tuno
1302 1485 1326 1532 a
1352 1466 1425 1532 sedo

279 1567 465 1654 apostoliea
485 1571 516 1632 et
542 1564 665 1650 legatis
693 1568 764 1634 cius
788 1566 899 1633 taliter
918 1574 995 1632 suut
1022 1583 1207 1657 suspense,
1241 1573 1283 1633 nt
1315 1573 1427 1632 contra

278 1666 483 1733 voluntatem
503 1665 697 1749 eligentium
713 1666 742 1731 is
761 1665 816 1732 vel
833 1665 888 1731 illc
906 1665 1119 1753 preficeretur
1144 1666 1179 1732 in
1198 1665 1365 1752 qualibet
1382 1664 1427 1730 di-

279 1766 425 1852 gnitate,
451 1764 506 1849 qui
524 1764 579 1830 vel
598 1766 692 1831 ouius
711 1766 807 1832 amici
825 1771 903 1831 tunc
920 1764 1118 1831 videbantur
1136 1763 1213 1832 sodi
1232 1765 1427 1852 apostolice

278 1865 354 1953 plus
373 1862 495 1930 lavere.
531 1863 715 1952 Principum
734 1865 839 1931 eciam
865 1881 905 1930 ac
927 1865 1081 1930 comitum
1106 1870 1139 1930 et
1156 1864 1426 1932 ministerialium

279 1968 404 2031 tantam
421 1962 662 2030 multitudinem
681 1961 744 2030 sibi
762 1962 906 2030 adtraxit
924 1963 1080 2051 ecclesia,
1099 1970 1135 2030 ul
1153 1965 1182 2030 si
1201 1965 1234 2047 ei
1254 1981 1426 2050 perseve-

279 2068 391 2130 ranter
415 2067 449 2128 et
475 2059 616 2128 fideliter
641 2061 874 2151 adhesissent,
905 2067 1036 2150 poterat
1060 2079 1119 2149 pro
1145 2080 1207 2129 sue
1236 2063 1426 2130 voluntatis

280 2163 413 2229 arbitrio
436 2161 669 2248 triumphasse.
700 2158 865 2240 Quamdiu
883 2168 993 2228 autem
1012 2161 1176 2228 duraverit
1195 2167 1230 2228 et
1251 2161 1425 2248 quomodo

281 2261 418 2328 seviens
435 2276 523 2327 mors
542 2266 607 2327 tam
625 2260 816 2348 pontificum
835 2278 932 2346 quam
951 2279 1065 2346 regum
1083 2261 1170 2328 inter
1183 2278 1223 2326 sc
1245 2261 1426 2328 dissiden-

180 2379 182 2382 ·
280 2361 360 2426 tium
379 2376 460 2446 sepe
478 2359 686 2446 interruperit
696 2377 846 2445 guerram
864 2360 972 2448 istam,
991 2359 1118 2447 patebit
1135 2361 1169 2426 in
1188 2361 1426 2446 sequentibus.

279 2457 517 2526 Fortitudinem
535 2465 645 2526 tamen
663 2458 813 2526 eiusdem
828 2458 993 2526 scismatis
1012 2459 1111 2525 nrulta
1130 2461 1223 2546 paria
1238 2461 1425 2527 litterarum

281 2556 464 2625 ostendunt
481 2575 523 2624 ex
540 2564 679 2643 utraque
698 2564 791 2646 partc
812 2558 887 2624 binc
911 2557 988 2625 inde
1016 2560 1310 2649 transmissarum,
1341 2579 1424 2646 qua-

280 2676 349 2724 rum
368 2655 530 2743 quasdam
550 2657 602 2723 bic
619 2657 743 2744 placuit
760 2658 925 2724 annotari:

355 2755 406 2822 Fr.
431 2753 485 2822 dei
511 2758 618 2842 gratia
642 2753 862 2823 Romanorum
879 2757 1066 2844 imperator,
1088 2775 1221 2844 semper
1241 2762 1421 2842 augustus,

282 2855 467 2922 Jerusalem
495 2861 527 2922 et
553 2855 677 2942 Sycilie
701 2873 768 2922 rex.
800 2855 931 2922 Dilecto
957 2857 1096 2943 principi
1123 2875 1186 2924 suo
1211 2855 1255 2922 N.
1284 2858 1421 2942 gratian

283 2973 377 3022 suam
396 2959 428 3020 et
445 2953 566 3021 bonam
580 2955 793 3022 voluntatem.
811 2954 1049 3039 Emularegum
1065 2960 1097 3022 et
1110 2956 1300 3042 principum
1313 2995 1361 3002 —-
1373 2957 1420 3021 in·

283 3051 457 3120 commoda
483 3053 717 3120 subministrat.
751 3053 870 3120 Datum
892 3055 926 3119 in
951 3055 1069 3121 castris
1093 3056 1128 3120 in
1152 3054 1340 3122 obsidione
1365 3055 1421 3122 lis-

283 3152 357 3240 culi,
376 3151 455 3216 xviii
472 3152 562 3241 iulii,
581 3154 636 3219 xiii
655 3151 835 3220 indictione
856 3149 1000 3244 [libb]⁸

357 3249 406 3316 Fr.
425 3248 479 3316 dei
505 3252 612 3336 gratia
628 3250 849 3320 Romanorum
873 3253 1051 3340 imperator
1074 3257 1135 3318 etc.
1175 3250 1265 3318 Dum
1292 3250 1339 3318 ad
1364 3249 1419 3317 de-

281 3349 532 3438 populationem
544 3351 651 3418 vicine
669 3351 821 3418 Bononio
841 3391 885 3398 -
902 3352 1052 3438 cupimus
1071 3350 1195 3418 habere
1214 3357 1419 3418 consortem.

204 3443 210 3453 ’
282 3448 402 3517 Datum
419 3448 588 3539 Faventia,
607 3451 685 3516 xviii
703 3451 789 3539 maii,
808 3451 876 3516 xiiii
894 3449 961 3516 ind.
983 3445 1115 3540 [ltbt]

357 3547 539 3634 Gregorius
558 3567 678 3616 servus
697 3565 865 3617 servorum
886 3549 948 3616 dei.
983 3549 1122 3616 Dilectis
1148 3547 1223 3616 liliis
1251 3548 1416 3634 magistris

282 3642 419 3714 Alberto
439 3646 683 3733 archidyacono
698 3649 889 3716 Pataviensi
907 3654 941 3714 ct
961 3647 1110 3736 Philippo
1129 3647 1182 3746 de,
1195 3647 1314 3715 Asisio
1334 3663 1414 3714 uun-

283 3745 328 3811 tio
347 3752 463 3813 nostro
481 3749 515 3812 in
533 3743 729 3814 Alamannia
747 3749 976 3836 commoranti,
988 3747 1128 3813 salutem
1147 3753 1181 3814 et
1199 3747 1413 3836 apostolicam

283 3841 559 3913 benedictionem.
592 3844 676 3925 Quia
700 3845 885 3914 briderious
910 3845 1016 3913 dictus
1040 3847 1221 3934 imperator
1247 3846 1290 3914 de
1309 3845 1411 3912 multis

284 3949 318 4008 et
342 3944 500 4027 gravibus
533 3944 730 4013 excessibus
754 3947 824 4012 suis
854 3963 874 4012 a
899 3945 996 4012 nobis
1028 3945 1412 4031 diligenter—nichilo-

283 4041 390 4107 minus
410 4049 600 4129 cxequatur.
637 4044 755 4110 Datum
773 4043 945 4132 Laterani,
964 4045 1032 4110 viili
1051 4045 1114 4110 lral.
1134 4042 1314 4134 decembr,
1333 4060 1410 4131 pon-

283 4139 426 4236 tificatus
445 4143 550 4209 nostri
569 4160 656 4210 anno
675 4141 922 4234 terciodecimo.
941 4142 1053 4228 [1239
1073 4160 1158 4210 nov·
1179 4141 1244 4234 23]

360 4239 541 4325 Gregorius
568 4243 891 4330 episcopusservus
919 4249 981 4310 etc.
1014 4249 1186 4332 utsupra.
1235 4239 1409 4310 Rationalis
