2886 4834
404 231 564 278 cuuomcox
588 231 793 278 connumeror.
1121 205 1163 274 tlt

52 373 198 440 lleoedec
214 389 274 452 irre,
291 373 371 456 quic
387 372 510 438 bomiri
526 371 590 436 mei
600 385 666 436 cort
681 387 733 436 me
750 372 857 438 uicere
868 371 1047 454 potientur.
1071 370 1165 440 Tunc
1187 380 1251 438 0098

53 474 126 540 tilius
143 470 240 539 dixit:
258 471 364 538 Peter
379 485 569 554 0000000000
582 471 803 554 perrexeritis
817 486 875 536 ero
890 473 1005 550 tecum,
1027 471 1062 537 ire
1077 488 1168 538 mor-

12 601 13 604 *
53 575 104 637 tem
116 571 246 654 pariter
260 574 293 638 et
305 569 472 636 00000000.
498 566 569 636 Rex
586 583 660 636 oum
678 569 786 654 signis
805 569 907 654 regiis
927 574 1027 655 atque
1045 569 1167 638 vexillo

12 675 14 758 ζ
53 671 126 755 regis
144 686 218 736 cum
236 668 391 736 militibus
410 667 602 736 melioribus
622 683 709 753 quos
735 683 848 734 secum
867 666 983 735 babuit
999 665 1043 736 ad
1060 668 1168 736 vexil-

12 779 14 866 0
53 770 106 836 lum
128 767 224 834 ducis
250 769 324 835 sine
346 785 462 856 pugna
487 772 522 834 00
544 765 721 836 obstaculo
746 772 978 853 pervenerunt.
1018 763 1170 836 Occurrit

53 869 141 955 primo
159 868 232 952 regi
256 865 366 934 serens
388 866 534 952 insignia
560 864 655 934 ducis
681 881 780 952 quem
804 863 959 934 leroeiter
975 865 1169 952 aggreditur

53 973 78 1033 et
92 966 247 1034 velociter
264 964 437 1034 interiecit.
472 961 620 1032 Occurrit
644 969 677 1032 et
694 965 776 1032 alter
794 965 882 1053 regi,
910 965 966 1052 qui
990 983 1050 1052 per
1067 966 1169 1034 inter-

12 1083 14 1142 0
55 1065 216 1133 lectionem
240 1065 332 1152 regis
350 1081 503 1150 magnam
522 1064 697 1152 pecuniam
720 1062 944 1152 deservisset,
974 1063 1028 1130 hio
1055 1063 1168 1150 gladio

12 1175 13 1236 ἰ
54 1181 149 1250 regem
166 1169 288 1252 petens
306 1165 340 1231 in
357 1163 466 1252 ipsum
483 1163 577 1232 irruit
591 1162 815 1232 vehementer.
842 1160 923 1230 Cum
938 1162 1003 1230 boc
1018 1180 1078 1232 rex
1094 1161 1169 1232 diu·

54 1266 106 1330 tius
123 1262 274 1352 dimicat,
306 1261 439 1331 tandem
456 1280 536 1331 vero
563 1263 671 1350 ipsum
694 1262 897 1348 vulueravit,
931 1260 1054 1348 quide
1081 1279 1169 1349 equo

54 1361 158 1430 cecidit
175 1367 209 1429 et
227 1361 270 1430 ab
289 1379 447 1449 equorum
465 1360 608 1450 pedibus
627 1361 851 1429 conculcatur.
879 1361 958 1428 Post
975 1360 1038 1429 bec
1055 1379 1168 1447 regem
1187 1401 1195 1416 ·
1258 1423 1262 1428 .

13 1497 14 1512 .
53 1463 148 1548 plures
165 1462 292 1549 pariter
308 1463 520 1549 invaserunt,
540 1460 582 1528 de
601 1460 723 1547 quibus
741 1460 895 1528 omnibus
913 1467 950 1527 ut
967 1459 1066 1528 homo
1085 1459 1167 1528 des·

13 1575 14 1580 ¹
53 1566 170 1647 paratus
203 1561 342 1628 viriliter
369 1577 407 1628 se
439 1558 652 1628 tetendebat.
696 1558 844 1628 Tandem
878 1577 985 1646 equus
1014 1561 1105 1647 regis
1135 1562 1168 1628 io

54 1659 258 1727 anterioribus
276 1658 418 1748 pedibus
438 1659 638 1728 vulneratur.
672 1659 765 1726 Tunc
789 1675 848 1726 rex
870 1664 903 1726 et
921 1676 1028 1746 equus
1049 1661 1170 1747 pariter

54 1757 239 1826 oeciderunt.
266 1759 346 1826 Post
362 1758 424 1826 bec
444 1775 502 1825 rex
520 1759 701 1846 percutitur
722 1765 822 1845 atque
840 1758 1050 1848 vulneratur,
1069 1764 1103 1826 et
1119 1759 1169 1827 sic

13 1913 14 1916 ,
53 1858 79 1923 in
97 1857 238 1926 Domino
256 1859 426 1944 requievit.

112 1955 182 2025 Dux
208 1957 282 2024 suis
306 1956 455 2044 precepit
479 1954 570 2044 quod
595 1961 705 2044 preter
727 1973 841 2042 regem
867 1955 977 2024 nullus
1001 1957 1169 2024 bominum

12 2073 14 2116 ;
52 2054 218 2145 lederetur,
239 2053 301 2123 sed
312 2060 437 2123 tantum
448 2057 525 2143 oqui
538 2055 651 2123 mortis
664 2054 827 2142 supplicio
838 2053 1051 2124 traderentur.
1069 2053 1168 2136 Quod

52 2152 166 2222 luerunt
183 2153 326 2222 lideliter
339 2158 484 2222 executi.
510 2153 678 2222 interiecti
693 2151 823 2221 luerunt
841 2152 907 2222 duo
918 2155 1018 2222 millia
1035 2155 1169 2241 triginta

12 2277 14 2346 3
53 2255 181 2340 quinque
208 2259 248 2321 ut
272 2251 404 2340 quidam
428 2254 616 2322 retulemnt.
642 2250 707 2320 lilii
731 2251 884 2321 dixerunt
901 2253 992 2340 quod
1010 2271 1169 2341 equorum

12 2357 14 2446 l
53 2352 285 2422 interfectorum
313 2349 432 2420 luerint
457 2355 520 2422 tria
545 2353 645 2421 millia
671 2356 869 2440 computata.
908 2354 956 2420 Ex
981 2353 1168 2421 bominibus

13 2475 14 2482 ¹
53 2453 140 2519 occisi
165 2451 299 2520 luerunt
324 2457 457 2520 contum
483 2459 517 2520 00
543 2469 610 2520 non
629 2451 770 2538 amplius
789 2452 979 2539 computati.
1003 2452 1169 2522 Excoriati

13 2557 14 2598 ³
54 2547 168 2621 luemni
185 2553 265 2640 ipso
283 2548 337 2617 die
355 2567 472 2620 omnes
491 2552 568 2640 equi
578 2601 588 2640 ‚
606 2555 642 2618 ut
658 2551 786 2638 plurimi
804 2551 995 2618 retulerunt.

13 2771 14 2846 ᾗ
53 2741 276 2816 benemeritis
297 2747 340 2816 cd
361 2747 495 2816 ¹Ailrerto
518 2764 598 2834 repe
620 2749 730 2834 pestis.

13 2891 14 2980 j
116 2892 214 2964 Anno
241 2899 452 2966 mccxcviii.
479 2915 537 2966 rex
561 2897 783 2968 Romanorum
808 2897 964 2967 Albertus
989 2899 1023 2964 in
1050 2903 1169 2966 octava

55 2989 170 3062 llartini
197 2989 294 3084 [nov.
322 2993 386 3090 18]
413 2997 447 3064 in
473 2995 664 3065 Nurenberc
689 2999 810 3066 curiam
836 2997 1053 3086 sollempnem
1077 2999 1169 3066 celc-

56 3087 164 3184 bravii,
182 3093 296 3182 ibique
315 3093 432 3182 regina
456 3113 546 3163 more
572 3093 684 3164 debito
703 3103 880 3165 coronatur
897 3103 930 3164 et
947 3115 1034 3184 peno
1053 3114 1169 3166 omnes
1240 3147 1244 3156 .

55 3189 202 3260 electores
221 3199 397 3280 presentes
416 3195 603 3262 extiterunt.
623 3193 671 3262 lbi
689 3195 835 3284 dignitas
854 3195 1030 3264 cuiuslibet
1047 3195 1170 3264 domini

57 3303 149 3358 coram
179 3309 261 3378 rege
289 3294 515 3382 sollempniter
537 3295 710 3384 recitatur,
738 3301 771 3362 et
802 3295 938 3383 quilibet
964 3293 1169 3362 dominorum

57 3390 113 3473 rogi
129 3391 161 3456 in
180 3389 292 3459 oficio
319 3409 380 3460 suo
401 3393 486 3460 siout
509 3391 622 3460 debuit
639 3395 844 3462 ministravit.
871 3393 941 3462 Rex
958 3411 1038 3461 vero
1056 3393 1169 3460 Bobe-

59 3503 117 3554 nus
142 3507 217 3558 uum
240 3491 488 3578 preciosissima
513 3497 610 3561 veste
636 3498 669 3559 ct
695 3511 782 3580 equo
802 3493 857 3581 qui
876 3491 918 3560 ad
936 3493 1023 3559 mille
1042 3509 1168 3560 mareas

57 3587 256 3656 estimabatur
280 3587 423 3680 sedens,
449 3584 582 3659 vinum1
607 3591 641 3658 in
666 3592 776 3680 cypho
803 3609 904 3659 aureo
931 3591 992 3658 sibi
1016 3590 1170 3680 porrexit.

59 3679 192 3754 Audiens
219 3688 420 3757 venerabilis
447 3687 599 3758 dominus
619 3708 676 3757 rex
692 3689 849 3759 Albertus
869 3687 958 3778 quod
976 3695 1071 3778 pater
1088 3707 1170 3757 suus

57 3777 201 3854 lludollus
226 3805 284 3854 rex
313 3785 533 3856 Romanorum
560 3789 593 3855 in
621 3787 673 3856 die
699 3789 926 3857 anniversaria
951 3807 1012 3857 sua
1036 3793 1072 3856 ut
1099 3789 1170 3857 eius

58 3877 216 3952 haberetur
232 3887 389 3956 memoria
405 3887 539 3955 minime
558 3887 767 3977 contulisset,
787 3887 926 3956 contulit
940 3889 989 3956 eis
1005 3889 1171 3976 quinqua-

59 3980 136 4062 ginta
158 3983 310 4054 librarum
328 3985 494 4076 redditus,
515 3988 600 4054 utin
619 3987 712 4054 altari
731 3986 821 4075 quod
844 3989 877 4056 in
896 3987 1042 4056 ecclesia
1060 4005 1171 4056 eorum

61 4087 288 4174 construxerat,
309 4085 456 4173 quotidie
474 4087 608 4154 missam
627 4085 775 4155 dicerent
792 4093 849 4155 aut
867 4092 1048 4179 cantarent.

84 4240 111 4303 l]
126 4243 215 4296 vinum
233 4244 268 4299 ist
287 4260 340 4298 von
358 4245 409 4298 mir
426 4249 542 4315 eruginat.
