2888 4824
262 167 336 238 t58
665 197 703 244 rx
723 195 852 244 murino
874 195 997 246 rosano.

180 347 247 402 lans
264 339 467 426 perseverat.
502 334 543 403 llt
569 335 648 422 quia
676 335 814 423 plurima
839 333 1015 404 notabilia
1029 336 1064 403 in
1088 335 1230 404 diversis
1252 334 1401 424 partibus

263 435 377 506 mundi
392 440 540 522 tempore
558 433 654 502 huius
669 434 856 502 vacationis
871 440 1066 524 evenerunt,
1085 433 1149 502 suh
1166 435 1221 502 tali
1243 433 1401 502 vacatio-

262 535 316 602 nis
337 534 433 602 titulo
450 551 492 600 ea
505 551 566 620 per
583 531 749 622 ordinem,
774 537 874 620 prout
897 531 1032 600 brevius
1049 539 1187 622 potero,
1214 533 1400 621 explicabo.

335 630 434 701 Anno
454 632 554 716 igitur
576 630 700 698 domini
720 631 833 699 mccl.
860 631 894 698 in
916 629 1021 698 Dacia
1039 631 1226 700 Hunericus
1251 650 1315 700 rex
1332 631 1400 699 Da-

263 748 377 800 corum
400 729 534 798 inclitus
558 729 601 797 ab
623 726 709 798 Abel
729 729 828 798 tratre
852 745 914 798 suo
935 729 1074 821 iuniori,
1102 735 1140 798 ut
1165 736 1329 818 regnaret
1347 748 1400 818 pro

263 847 317 919 eo,
335 830 368 897 in
388 829 469 897 mari
489 827 681 896 suffocatur.
716 826 779 909 Qui
793 827 880 896 Abel
895 846 1012 916 parum
1027 817 1164 898 honoris
1185 828 1400 898 etcommodi

262 928 391 997 euhoe
413 931 671 996 estassecutus.
703 926 786 994 Nam
811 928 967 1014 sequenti
991 945 1079 996 anno
1101 929 1198 1014 regni
1225 929 1302 1018 sui,
1333 946 1400 996 cun

263 1027 420 1096 insenos
442 1025 623 1112 subiugare
640 1025 822 1115 voluisset,
851 1025 1084 1094 alrisonibus
1105 1033 1159 1094 est
1172 1028 1398 1115 interemptus.

335 1124 436 1194 Anno
456 1123 580 1194 damini
596 1125 730 1193 mccli.
747 1124 922 1192 Conradus
947 1141 1024 1214 rex,
1051 1125 1137 1193 lilius
1159 1124 1342 1215 Frideriei,
1368 1132 1399 1192 ut

262 1229 391 1292 mortuo
412 1231 505 1312 patre
519 1223 643 1310 Sycilie
669 1241 807 1309 regnum
829 1225 1031 1312 susciperet,
1055 1242 1116 1312 per
1136 1242 1228 1292 mare
1249 1225 1287 1290 in
1310 1221 1399 1312 Apu-

262 1323 339 1390 liam
358 1322 503 1411 devenit,
515 1328 549 1389 et
561 1327 657 1410 capta
669 1320 811 1410 Neapoli
826 1339 938 1390 muros
954 1323 1042 1394 illius
1059 1321 1210 1391 funditus
1227 1321 1398 1390 destruxit.

266 1420 334 1490 Sed
360 1439 436 1490 cum
457 1421 612 1507 sequenti
636 1437 725 1488 anno
748 1421 903 1488 introitus
932 1424 984 1488 sui
1006 1422 1042 1488 in
1064 1419 1221 1510 Apuliam
1245 1421 1398 1490 infirmari

263 1521 430 1609 cepisset,
449 1519 592 1605 clystere
607 1517 697 1605 quod
722 1537 742 1586 a
771 1517 907 1587 medicis
928 1519 1137 1588 indicabatur
1153 1519 1226 1588 lucri
1245 1519 1294 1588 ad
1313 1520 1398 1589 salu·

262 1623 329 1686 tem
347 1635 482 1686 veneno
503 1619 606 1685 mixto
623 1619 734 1686 intulit
751 1617 814 1685 sibi
830 1623 978 1686 mortem.

336 1715 435 1785 Anno
459 1714 582 1784 domini
604 1717 762 1784 m.cc.l.ix.
784 1715 1114 1808 Constantinopolis,
1145 1735 1211 1804 que
1238 1718 1322 1786 olim
1348 1735 1399 1806 per

263 1815 410 1884 Gallicos
434 1820 469 1882 et
486 1814 636 1882 Venetos
661 1821 759 1903 capta
776 1814 898 1903 luerat,
930 1833 989 1904 per
1009 1815 1204 1902 Pallilogum
1222 1816 1398 1884 Grecornm

260 1914 490 2002 imperatorem
509 1915 543 1981 vi
556 1914 650 2007 prelii
666 1920 861 2002 recriperata
876 1913 945 1981 luit.
976 1914 1103 1983 liudem
1119 1933 1208 1984 anno
1225 1916 1261 1983 in
1281 1915 1396 1984 Tuscia

260 2012 370 2081 Ytulie
392 2012 572 2080 Florentini
596 2018 629 2080 et
644 2013 771 2081 Lucani
788 2013 1009 2081 miserabilem
1027 2018 1181 2082 ovantum
1200 2013 1397 2082 habuerunt.

260 2110 344 2180 Nam
358 2109 478 2180 contisi
496 2110 538 2179 de
562 2129 696 2180 suorum
714 2111 923 2180 multitudine
945 2118 979 2179 et
1001 2111 1210 2202 tortitudine,
1236 2131 1319 2181 cum
1340 2131 1394 2180 co-

261 2211 409 2277 mitatum
429 2209 627 2278 Senensium
643 2212 834 2300 intrassent,
853 2217 886 2278 et
904 2209 1075 2279 Senenses
1094 2211 1168 2279 freti
1183 2213 1317 2279 auxilio
1341 2211 1395 2278 do-

261 2309 339 2375 mini
369 2307 545 2376 Mainlredi
573 2315 653 2376 tunc
675 2310 765 2394 regis
792 2309 914 2396 sycilie
935 2309 1017 2396 ipsis
1042 2309 1085 2377 ad
1115 2310 1240 2378 bellum
1266 2310 1395 2378 obviam

262 2407 467 2495 exivissem,
482 2407 663 2475 Florentini
683 2415 716 2475 et
733 2408 859 2476 Lucani
875 2407 990 2476 iraude
1009 2414 1087 2476 sunt
1104 2427 1242 2477 suorum
1258 2410 1395 2476 circum·

260 2507 361 2573 venti.
397 2505 479 2574 Nam
501 2507 535 2574 in
560 2507 772 2575 inchoatione
797 2505 971 2575 conllictus
996 2507 1052 2594 qui
1076 2509 1170 2595 primi
1193 2513 1227 2574 et
1249 2507 1394 2596 precipui

260 2605 347 2673 inter
360 2604 569 2699 Florentinos
585 2613 697 2693 erunt,
722 2603 765 2672 ad
779 2605 896 2674 hostes
915 2603 1125 2695 incedentes,
1143 2606 1177 2672 in
1196 2623 1283 2673 suos
1305 2623 1394 2694 quam

260 2703 432 2791 plurimum
448 2719 521 2772 cum
538 2703 744 2773 Senensibus
767 2710 845 2771 sunt
863 2703 1069 2773 debacchati.
1102 2703 1266 2772 Dicuntur
1291 2711 1392 2773 auten

262 2801 305 2870 de
318 2802 516 2871 Florentinis
533 2809 566 2870 et
579 2803 725 2871 Lucanis
741 2808 820 2870 tunc
840 2804 925 2870 inter
945 2807 1092 2872 mortuos
1107 2808 1141 2870 et
1154 2803 1313 2892 captivos
1326 2805 1391 2893 plus

262 2919 359 2988 quam
378 2920 440 2970 sex
457 2903 557 2970 millia
574 2903 742 2970 hominum
761 2902 938 2970 corruisse.

334 2997 434 3068 Anno
448 3000 573 3068 domini
590 3001 725 3069 mcclx.
746 3000 816 3068 Rex
833 2999 980 3086 Ungarie
1001 3017 1060 3087 pro
1082 2999 1177 3067 terris
1197 3015 1315 3084 regem
1335 2999 1391 3065 Bo-

260 3096 367 3164 hemie
390 3097 479 3166 bello
498 3099 706 3190 aggreditur,
729 3099 858 3167 habens
884 3099 918 3165 in
943 3099 1090 3166 exercitu
1109 3115 1171 3165 suo
1193 3096 1390 3165 diversarum

261 3195 468 3263 orientalium
487 3198 665 3266 nacionum
687 3204 721 3266 et
732 3214 941 3286 paganorum
960 3197 1046 3265 circa
1059 3195 1285 3283 quadraginta
1302 3196 1391 3262 milia

261 3294 417 3381 equitum.
457 3294 517 3363 Cui
544 3313 604 3364 rex
631 3297 789 3365 Boliemie
810 3314 885 3364 cum
911 3301 1043 3391 eentum
1066 3295 1213 3362 millibus
1238 3295 1389 3381 equitum,

258 3394 345 3461 inter
363 3411 449 3480 qnos
464 3393 581 3462 dicitur
600 3394 758 3464 habuisse
781 3396 870 3464 eirca
892 3399 1021 3482 septem
1046 3394 1146 3461 millia
1169 3411 1333 3480 equorum
1355 3391 1389 3459 de

259 3490 347 3560 semo
362 3499 604 3582 coopertorum,
621 3493 665 3562 ad
678 3491 899 3562 resistendum
913 3493 1062 3561 cucurrit.
1090 3491 1242 3578 Cumque
1260 3492 1294 3558 in
1309 3509 1387 3558 ecn-

259 3589 346 3658 finiis
361 3609 539 3678 regnorum
555 3592 678 3659 bellum
692 3593 879 3660 inchoatum
894 3591 1024 3680 luisset,
1036 3609 1078 3658 ex
1095 3591 1274 3658 collisione
1286 3607 1387 3676 equo-

260 3707 328 3756 rum
349 3695 382 3757 et
399 3708 560 3758 armorum
579 3697 692 3759 tantus
709 3692 818 3778 pulvis
833 3689 875 3758 de
894 3697 979 3758 terra
998 3689 1158 3778 surrexit,
1179 3695 1218 3756 ut
1234 3687 1346 3756 media
1363 3693 1387 3754 ct

260 3786 349 3853 clara
373 3787 428 3856 die
444 3791 501 3857 vix
517 3789 616 3858 homo
634 3790 801 3858 hominem
817 3796 1025 3875 cognoscere
1042 3789 1219 3877 potuisset.
1246 3786 1385 3854 Tandem

259 3884 402 3970 Ungari,
430 3905 509 3972 rege
536 3889 683 3975 ipsorum
702 3889 849 3974 graviter
874 3887 1063 3970 vulnerato,
1093 3891 1192 3972 terga
1212 3891 1384 3970 vertentes,

259 3999 333 4050 cum
348 3983 508 4052 cedentes
523 3985 719 4054 festinarent
735 3985 861 4074 lugere,
882 3986 916 4053 in
934 3983 1077 4072 quodam
1100 3984 1200 4052 durio
1215 3983 1383 4072 prolundo,

260 4099 358 4168 quem
376 4083 515 4150 transire
533 4083 734 4173 debuerunt,
751 4090 859 4172 preter
878 4085 963 4152 alios
979 4085 1113 4152 occisos
1128 4085 1218 4151 circa
1235 4090 1384 4170 quatuor·

260 4178 367 4248 decim
385 4181 484 4248 millia
501 4181 667 4251 homiuum
681 4184 854 4252 submersa
867 4182 1029 4252 dicuntur.
1058 4181 1113 4251 Sic
1133 4199 1216 4268 rege
1236 4181 1383 4250 Bohemie
