2890 4832
268 191 341 263 298
594 220 731 267 onrsrnu
752 221 821 267 rrru
842 221 866 267 s.
890 219 1076 268 asennaeum.

267 363 299 428 vi
320 364 453 448 captus,
472 359 602 428 vinctus
621 365 671 428 est
691 364 724 426 et
742 357 894 428 ednotus.
922 359 1074 449 Philippo
1093 366 1202 429 autern
1220 363 1341 453 occiso,
1359 371 1389 432 et

267 459 390 528 Ottone
415 461 447 526 in
468 477 572 545 reguo
598 458 807 548 ooniurnato,
831 458 873 526 ad
892 458 1007 526 sedern
1026 477 1119 527 suam
1139 460 1244 528 rediit,
1267 461 1308 529 Et
1324 482 1387 531 non

266 560 369 628 rnulto
394 565 472 648 post
496 560 530 625 in
555 557 624 626 lata
649 557 793 646 cedens,
813 557 1021 627 Theoderico
1039 565 1228 628 sanctorum
1244 559 1386 648 Aposto-

265 660 372 727 lorum
397 659 570 746 preposito
594 656 710 726 sedern
736 656 878 744 reliquit.
904 656 966 725 Hic
990 665 1148 746 presente
1174 677 1254 746 rege
1271 657 1386 729 Ottnue

265 760 299 826 tn
318 757 604 845 archiepiscopum
623 764 677 824 est
693 757 838 846 electus,
858 761 893 824 et
908 756 999 844 pallii
1017 757 1181 844 dignitate
1200 761 1271 827 eins
1288 763 1387 846 gratio

266 858 410 926 celerius
435 855 588 925 donatus.
623 855 716 942 Rege
743 871 823 924 vero
841 856 883 922 ab
901 855 1098 926 Innocentio
1116 859 1150 925 in
1167 859 1386 946 imperatorem

265 961 474 1046 consecrato,
486 962 621 1044 propter
633 956 864 1023 retractionem
881 963 965 1024 terre
979 955 1180 1046 Mechtildis,
1196 974 1292 1044 quam
1309 976 1386 1046 pape

266 1056 468 1145 contulerat,
496 1061 561 1122 tam
580 1071 700 1140 graues
718 1056 803 1122 inter
821 1071 881 1130 eos
899 1055 1046 1124 oriuntur
1062 1057 1260 1145 inimicitie,
1278 1064 1314 1124 ut
1331 1054 1385 1124 ot-

267 1162 398 1245 tonem,
422 1172 519 1242 quem
543 1171 652 1242 usqne
678 1153 721 1221 ad
745 1153 809 1222 hoc
834 1159 964 1242 tempus
987 1162 1126 1244 paterno
1151 1155 1274 1224 ellectu
1296 1155 1385 1225 fore-

266 1260 325 1343 rat,
345 1254 660 1342 excommunicaret,
680 1254 778 1341 eique
795 1252 1007 1343 Fridcrioum,
1025 1253 1172 1324 Heinrici
1190 1256 1386 1343 imperatoris

142 1351 147 1360 “
268 1353 367 1421 ilium
392 1359 426 1420 et
449 1370 564 1439 regern
590 1352 720 1442 Sicilie,
746 1351 971 1420 adversarium
1000 1355 1185 1422 suscitaret.
1223 1352 1278 1422 Ad
1304 1356 1386 1422 cuins

266 1453 507 1542 promotionem
526 1450 647 1520 Sitrido
665 1451 920 1538 Mogontineusi
943 1452 1198 1544 archiepiscopo
1216 1453 1388 1541 plenariam

266 1557 468 1640 potestatem
490 1551 671 1637 legationis
690 1552 837 1620 contulit.
864 1549 928 1632 Qui
947 1551 1191 1620 Theodericum
1211 1552 1387 1640 archiepis-

267 1669 406 1740 copum,
432 1667 473 1719 eo
500 1649 590 1737 qnod
615 1648 723 1718 tentor
747 1647 880 1719 Ottonis
899 1656 1011 1741 esset,
1029 1651 1168 1737 indigne
1187 1653 1271 1720 satis
1290 1650 1388 1740 depo·

266 1767 369 1839 nens,
395 1748 584 1838 Adelphum
609 1750 760 1818 restitnit.
793 1749 919 1818 Neuter
936 1755 1046 1818 tamen
1064 1751 1193 1819 illorum
1212 1752 1388 1838 episcopa-

267 1857 334 1917 tum
352 1865 549 1936 rccuperorc
567 1848 680 1939 valuit,
697 1849 777 1916 licet
793 1849 827 1916 in
845 1850 933 1917 curia
951 1848 1098 1918 Romana
1116 1851 1158 1918 ab
1177 1856 1317 1936 utroque
1336 1867 1389 1917 sa-

268 1951 312 2016 tis
338 1967 399 2036 pro
425 1949 481 2017 illo
506 1947 691 2016 laboratum
718 1949 779 2038 sil,
811 1947 872 2016 sed
898 1949 1028 2036 utrique
1052 1955 1201 2018 trecente
1227 1966 1333 2016 marce
1349 1965 1390 2014 ex

267 2047 449 2116 redditibus
476 2047 724 2136 episcopalibus
743 2053 820 2114 sunt
837 2048 1017 2134 assignate.
1054 2047 1208 2118 Ecclesia
1226 2065 1307 2116 vero
1325 2047 1391 2116 Co·

267 2148 413 2215 leniensi
430 2146 533 2214 libera
551 2148 671 2215 electio
689 2147 829 2214 remissa
847 2153 909 2215 est.
935 2145 1007 2215 llec
1024 2149 1149 2216 inserta
1167 2153 1264 2236 sunt,
1283 2139 1303 2215 o
1319 2147 1390 2215 lec-

268 2249 335 2315 tort
349 2247 539 2334 utposteris
555 2247 788 2313 innotescatin
806 2245 894 2334 quali
909 2251 998 2314 statu
1016 2246 1203 2337 ecclesiam,
1222 2245 1390 2335 perlonga

269 2351 303 2413 et
319 2347 411 2413 varia
429 2345 609 2414 schismata
625 2345 802 2412 laceratam
820 2352 855 2414 et
881 2345 1157 2436 depauperatum,
1193 2350 1312 2432 martyr
1328 2361 1389 2412 no-

269 2451 338 2513 ster
354 2444 463 2512 iactus
483 2445 664 2533 episcopus
682 2446 861 2533 invenerit,
887 2453 921 2513 et
937 2445 971 2512 in
990 2445 1079 2532 qrreli
1095 2445 1184 2513 illam
1204 2445 1368 2512 dimiserit.

344 2545 454 2630 Caput
468 2546 632 2630 quotum
658 2544 740 2612 Post
753 2543 998 2632 depositionem
1012 2541 1320 2613 Occurscnncrtco
1331 2541 1389 2610 ad-

268 2643 401 2733 herens,
420 2661 461 2712 ac
476 2661 537 2732 per
553 2642 622 2712 hoc
636 2641 783 2712 savorem
801 2641 924 2711 domini
942 2643 1126 2712 innocentii
1143 2661 1232 2732 pape
1250 2642 1387 2729 conqui-

269 2761 357 2832 rens,
376 2743 540 2811 communi
554 2743 770 2811 consensuin
782 2741 1205 2831 archiepiscopumelectus
1218 2738 1387 2832 est[1216

269 2841 334 2910 leb.
353 2839 429 2933 29].
450 2842 486 2909 ln
505 2843 580 2930 ipsa
598 2840 652 2910 dic
671 2841 845 2910 electionis
865 2842 907 2910 ob
926 2841 1160 2930 precedentem
1179 2841 1388 2910 infirmitatem

271 2947 335 3008 tarn
354 2940 474 3008 debilis
493 2939 616 3031 inerat,
641 2946 678 3008 ut
703 2943 759 3009 vix
786 2947 873 3009 stare
900 2946 958 3008 ant
977 2940 1132 3010 incedere
1149 2948 1285 3029 posset,
1303 2946 1387 3007 crat·

270 3057 335 3126 que
354 3041 483 3124 signnm
504 3039 593 3126 quod
613 3039 722 3108 tlebilc
740 3041 934 3128 principium
954 3039 1069 3108 melior
1086 3039 1219 3108 fortuna
1236 3055 1386 3126 sequere·

270 3145 330 3204 tur.
356 3137 438 3204 Nam
452 3140 540 3206 circu
557 3140 751 3227 principium
769 3139 943 3208 electionis
963 3141 1035 3207 cius
1054 3141 1154 3207 totins
1172 3140 1266 3226 panis
1282 3139 1385 3205 inimi·
1433 3141 1434 3164 ³

269 3254 330 3306 ons
358 3235 529 3326 diaboluS,
556 3240 611 3325 qui
634 3238 822 3306 fervescere
852 3238 929 3306 lucit
955 3240 1052 3325 qrrosi
1077 3239 1175 3306 ollarn
1197 3235 1384 3326 protundum

269 3337 381 3426 maris,
402 3338 575 3405 suscitavit
597 3339 626 3404 ei
645 3337 856 3405 adversarios
878 3340 1075 3424 acerrimos,
1095 3339 1224 3407 scilicet
1242 3335 1386 3404 Theode-

269 3438 370 3504 ricum
393 3437 546 3504 comitem
570 3435 612 3504 de
637 3437 740 3504 Clevo
763 3444 795 3504 et
815 3436 1016 3504 Walramum
1039 3435 1155 3506 ducem
1175 3435 1219 3504 dc
1242 3433 1386 3519 limburg

269 3542 302 3604 et
318 3538 468 3604 comitem
487 3536 521 3602 in
535 3535 749 3625 Lutzelburg,
765 3553 946 3624 eommqne
963 3544 1128 3623 cognatos
1147 3541 1180 3604 et
1195 3535 1384 3620 auxiliarios,

268 3642 304 3702 ut
328 3634 455 3703 iuturus
477 3633 683 3702 Machalreus
700 3635 733 3701 in
753 3636 801 3703 eis
820 3638 1033 3723 experiretur.
1060 3633 1154 3716 Quos
1174 3636 1220 3702 ita
1242 3633 1384 3701 homilia-

270 3734 316 3800 vit
336 3741 369 3800 et
384 3735 561 3822 repressit,
582 3733 760 3801 utiliorum
785 3736 936 3822 exemplo
955 3736 1053 3814 ceteri
1071 3737 1211 3802 comites
1235 3752 1273 3802 ac
1292 3731 1383 3798 nobi-

269 3831 318 3899 les
337 3837 422 3900 terre
441 3834 543 3900 territi
564 3839 679 3901 contra
696 3834 805 3920 ipsum
824 3836 939 3901 mutire
958 3851 1027 3901 non
1045 3833 1224 3922 auderent,
1243 3837 1383 3900 verentes

270 3930 333 3997 sibi
352 3934 486 3998 evenire
503 3950 606 4020 posse
626 3931 716 4020 qnod
735 3931 867 4018 quidam
886 3934 946 4000 ait:

374 4029 450 4096 Turn
465 4035 524 4096 too
538 4049 593 4098 res
608 4033 721 4116 operor
734 4033 936 4116 partescum
950 4032 1127 4117 praeimus
1144 4030 1251 4098 ordei.

269 4127 492 4196 lldilrcaverat
511 4131 595 4196 enim
618 4129 806 4198 Walrernns
829 4137 973 4198 castrum
992 4137 1025 4198 et
1043 4129 1152 4197 villam
1178 4129 1338 4198 sorensem
1358 4129 1382 4194 in

270 4227 394 4297 ducatu
415 4225 625 4319 Coloniensi,
644 4247 742 4317 quam
765 4229 919 4298 dominus
940 4229 1161 4298 archielcctus
1188 4228 1346 4297 destruxit
1359 4231 1382 4294 ct
