2886 4834
396 233 559 280 canonican
582 234 788 282 aoauanmnsa.
1112 211 1156 276 55

47 391 94 444 sao
110 371 253 440 dominio
265 372 458 439 nominaret.
485 373 636 460 Precepit
655 378 688 440 et
705 371 858 440 iratribus
874 371 1151 465 ProdicatcribuS,
1173 386 1238 440 raro

46 491 75 539 ne
93 469 293 538 celebrarent
319 472 352 537 in
379 488 439 538 sua
458 477 626 558 potestate
645 471 848 559 provinciale
868 471 1054 558 capitulum.

101 567 256 636 liodoldus
278 587 336 636 rex
354 568 574 638 Romanorum
595 589 668 638 cunr
685 569 816 637 duobus
832 569 975 637 millibus
994 587 1155 657 equorum

45 668 264 756 phaleratorum
284 668 456 735 bavariam
470 669 629 757 veniens,
655 669 710 736 lali
731 667 923 736 conditione
938 685 975 736 sc
989 668 1156 738 eoniede-

45 768 109 834 rarit
133 764 207 833 duci
240 760 407 856 Bavaric¹,
429 773 465 834 ut
487 767 572 835 filias
595 767 689 835 ducis
720 766 817 835 lrliam
842 768 932 852 regis
957 765 1096 836 duceret
1121 769 1155 836 in

45 883 173 954 uxoren,
193 869 226 931 ct
243 863 309 932 lilia
322 864 416 932 ducis
431 865 498 934 lilio
513 868 605 952 regis
626 866 833 934 matrimonio
850 866 1051 952 iungeretur.
1080 865 1154 947 Quo

45 964 113 1032 lacto
134 963 252 1032 tradita
273 963 333 1031 luit
350 965 423 1050 regi
446 971 529 1032 terra
552 983 674 1051 magna
681 1017 691 1053 ,
711 971 744 1032 et
757 964 905 1032 adiuncti
926 970 1003 1032 suat
1020 965 1051 1032 ei
1066 965 1155 1034 mili-

46 1062 173 1130 les-mille
189 1081 266 1130 curn
284 1064 380 1150 cquis
397 1063 588 1150 phaleratis.
615 1063 774 1132 Posthac
791 1063 879 1150 cepit
897 1065 970 1130 cias
986 1065 1154 1132 exercitos

45 1160 175 1228 alitibus
207 1164 425 1246 augmentari.
459 1163 555 1230 Tunc
583 1180 642 1232 rex
668 1160 890 1230 Romanorum
910 1179 983 1228 cnm
1007 1164 1154 1230 exercita

46 1266 200 1327 nencralo
233 1259 475 1328 Wicnnensem
500 1259 666 1330 civilatem
692 1260 773 1329 adiit
800 1261 923 1348 pariter
954 1266 988 1328 et
1012 1259 1154 1328 obsedit.

45 1359 103 1426 lan
125 1363 280 1447 patenter
308 1365 417 1426 autem
442 1361 549 1446 ipsam
575 1361 725 1429 noscitur
746 1359 943 1447 obsedisse,
970 1364 1007 1426 ut
1028 1375 1071 1426 cx
1088 1377 1155 1428 una

45 1464 114 1543 parte
134 1459 278 1526 civitatis
307 1458 419 1526 nullas
441 1458 574 1544 ingredi
602 1459 656 1526 vel
685 1458 800 1544 egredi
826 1459 898 1526 sine
931 1475 992 1525 sua
1020 1457 1154 1528 licent-ia

45 1554 188 1625 connode
209 1559 386 1644 potuisset.

98 1653 160 1723 Rex
174 1672 258 1724 vcro
282 1656 454 1744 bohemie,
476 1654 643 1742 equitibus
661 1655 781 1740 viginti
800 1653 943 1723 millibus
959 1672 1153 1741 congrega-

46 1755 88 1841 lis,
104 1756 279 1822 exercitum
298 1772 395 1822 suurn
417 1760 531 1823 contra
546 1771 661 1841 regern
674 1753 896 1822 Romanorum
920 1771 963 1822 ex
980 1754 1044 1822 alia
1060 1759 1153 1842 perte

45 1851 158 1919 llanabii
174 1853 311 1943 direxit,
333 1859 370 1920 ut
390 1871 502 1939 regern
516 1852 737 1922 Rcmanomm
754 1851 796 1919 dc
816 1853 887 1919 suis
908 1851 1030 1920 linibus
1048 1855 1153 1921 extir-

46 1957 122 2036 paret.
144 1951 269 2020 Milites
297 1958 406 2020 aulem
429 1952 590 2022 Bobemie
614 1953 723 2040 regis,
741 1957 877 2038 propter
898 1952 1032 2018 nimiam
1051 1953 1153 2020 tirno·

46 2067 94 2114 ran
110 2057 218 2118 contra
242 2051 449 2119 Teutonicos
474 2050 619 2140 bellare,
641 2051 741 2118 nullis
764 2051 942 2117 voluerunt
963 2051 1054 2135 regis
1077 2052 1151 2119 ius-

47 2147 166 2217 sionibus
192 2148 341 2218 obedire.
373 2149 444 2218 Rex
466 2151 572 2217 eciam
598 2150 756 2217 Bobemic
783 2149 854 2216 suis
883 2148 1054 2216 coniidcre
1083 2165 1152 2218 non

46 2245 177 2337 ardebat,
195 2246 288 2335 quod
307 2248 410 2333 longo
429 2253 578 2336 ternpore
598 2249 758 2317 nobilium
778 2253 892 2335 patres
920 2245 1039 2316 iratres
1065 2264 1152 2316 con-

46 2347 220 2430 sanguineos
239 2353 275 2414 et
290 2346 408 2415 affines
428 2348 461 2414 vi
483 2348 554 2414 sive
577 2345 798 2415 fraudulentia
820 2363 881 2434 pro
905 2347 1032 2414 viribus
1056 2349 1153 2416 oooi-

46 2441 121 2510 alebat
139 2445 189 2511 vel
211 2446 309 2533 ipsos
337 2445 378 2512 dc
409 2445 566 2514 lichernic
595 2445 714 2514 lrnibus
744 2445 939 2532 extirpabat.
974 2446 1150 2514 Exercitus

46 2545 228 2629 aatenrcgis
246 2543 469 2612 Romanarum
486 2561 560 2612 cum
581 2545 729 2612 exercita
750 2544 840 2628 regis
860 2543 1019 2612 Bohemie
1037 2543 1150 2612 liben-

46 2640 142 2708 lissine
162 2641 373 2732 dimicasset,
403 2642 432 2712 si
455 2641 528 2710 cam
552 2643 587 2710 in
607 2642 684 2711 loco
704 2642 907 2728 competenti
923 2641 1150 2728 compraban-

47 2736 105 2805 lerc
123 2743 304 2827 potuisset..

17 2857 18 2906 ι
99 2836 181 2924 Rege
203 2839 426 2908 Romanorum
452 2839 627 2907 Wiencam
652 2837 771 2908 diebus
788 2836 937 2925 pluribus
961 2835 1149 2927 obsidente,

48 2936 112 3002 nisit
126 2938 352 3006 rexBobcmie
374 2939 570 3026 episcopam
588 2937 630 3005 dc
652 2928 796 3005 Ulmiue²
817 2936 1003 3022 coaequis
1028 2935 1150 3022 phale·

48 3035 104 3100 ratis
121 3037 245 3126 nullis,
269 3043 305 3103 ut
321 3037 478 3104 Bobemis
500 3035 680 3104 Nucnburc
701 3037 817 3104 civitas
836 3035 1082 3123 assignaretur,
1108 3053 1150 3104 ne

49 3127 208 3202 anilibus³
223 3136 297 3221 regi
323 3133 544 3204 Romanorum
565 3133 790 3202 fraudulenter
813 3131 1008 3202 traderetur.
1036 3133 1149 3202 Festi-

48 3231 114 3296 aavll
131 3233 226 3319 igitur
251 3235 431 3321 episcopas
456 3251 530 3301 cun
562 3234 632 3300 sais
659 3243 795 3320 propter
824 3231 978 3300 diversos
1003 3232 1148 3319 linares,

50 3328 115 3410 qaod
132 3349 194 3400 ano
212 3331 267 3398 die
292 3332 429 3400 miliaria
452 3330 700 3418 quatuordeeim
721 3337 950 3419 cucurrerunt,
976 3336 1010 3398 ct
1026 3329 1069 3400 ob
1085 3329 1150 3400 boc

50 3423 109 3509 ipsis
122 3429 228 3516 plures
242 3430 373 3498 nobiles
390 3433 654 3519 comperierunt.
682 3429 757 3498 [lux
770 3431 911 3498 Bavarie
927 3419 1060 3496 seniori
1076 3441 1149 3496 curn

51 3518 93 3589 lac
111 3543 127 3592 a
147 3526 206 3596 lide
229 3527 341 3615 dignis
368 3527 567 3616 audivisset,
587 3527 762 3597 Rudollum
787 3544 901 3612 regem
927 3525 1148 3594 Romanorum

51 3618 121 3712 adiit,
141 3631 171 3694 et
194 3626 257 3694 hec
282 3626 347 3694 sibi
369 3645 440 3712 cam
460 3627 585 3713 gaudio
614 3627 783 3695 revelarit.
810 3625 901 3694 Dixit
927 3624 1031 3692 eciam
1059 3625 1147 3709 regi:

15 3761 16 3800 3
51 3715 170 3807 nomm,
184 3742 266 3811 rapo
283 3729 443 3810 quotenos
459 3725 535 3794 milri
550 3726 668 3797 milites·
686 3727 848 3792 trecentos
866 3723 1050 3807 campulis,
1069 3723 1148 3807 paria

14 3815 154 3896 liabitas
168 3825 370 3909 epiecopode
383 3823 551 3892 Ulmizea'a
569 3877 680 3892 .....
698 3823 939 3907 sdaodiapaaoi
953 3819 1148 3900 collocuta·

14 3949 16 3980 a
51 3929 121 3994 ilem
140 3923 215 3990 cmm
239 3940 289 3989 mc
314 3921 357 3989 ab
389 3923 470 4007 ipsis
494 3923 622 4008 aliquid
644 3922 836 3990 bobilanem.
873 3919 933 3992 Cui
961 3937 1019 3988 rex
1049 3919 1145 3990 dixit:

64 4088 97 4164 ,Ὀ
113 4089 200 4164 herzog
215 4095 345 4152 Heinrich
362 4113 416 4150 van
435 4097 635 4162 Niaderssaieru
654 4095 823 4164 islgenreint.
849 4095 880 4160 2)
897 4093 1013 4150 olmntz.
1037 4093 1069 4158 3)
1085 4099 1147 4144 slalt

14 4169 16 4222 l
53 4157 396 4284 ffgssbssihesffilkligssabdruck
414 4165 542 4230 Bovario,
566 4179 622 4217 was
640 4163 682 4216 ich
701 4161 821 4216 audente.
864 4161 896 4226 t)
915 4159 1029 4227 Ludwig
1047 4159 1147 4225 herzog
