2886 4834
407 237 533 284 nnnoaas
554 237 779 284 coauamrvsas.
1111 212 1154 279 37

50 374 279 462 egrediebantur
296 375 430 462 quando
448 375 630 444 Rubiaoum
648 377 710 444 snb
735 375 860 444 Adollo
888 397 966 464 rege
991 397 1064 446 oum
1090 381 1152 448 ob·
1176 394 1240 448 raes

51 473 212 542 sidionibus
230 473 438 560 gravabatur.
467 474 617 542 Castrum
630 475 809 542 Landeobe
825 494 938 544 oomes
954 477 977 544 F
980 477 1156 566 riburgen·

50 576 85 641 sis
101 579 192 660 atque
211 575 301 642 oives
320 575 441 662 pariter
458 573 671 660 obsederunt.
714 574 921 642 Venerabilis
941 576 1094 646 dominus
1113 579 1155 646 de

51 671 248 758 liobtenberg
272 669 528 758 Argentinensis
548 675 728 762 episeopus
746 672 871 742 leoerat
889 674 953 742 boo
971 694 1059 744 anno
1078 685 1155 746 ante

50 771 149 839 testum
174 772 280 838 saneti
297 772 494 840 llliohabelis
524 773 662 862 milites,
688 790 774 859 quos
806 791 922 840 omnes
952 777 1088 843 vestivit
1112 777 1155 845 ad

50 871 135 937 minus
152 870 267 958 triplioi
290 873 511 960 vestimento,
543 871 670 938 scilieet
696 874 807 939 tunioa
832 874 998 962 pretiosa,
1031 893 1154 962 surgo-

10 989 11 992 *
50 977 101 1036 lum
117 1021 223 1036 .....
259 969 362 1037 nobili
393 972 503 1060 varie,
540 970 738 1038 suebornam
770 989 842 1038 oum
876 973 968 1039 vario
995 975 1154 1060 pretioso.

50 1067 133 1134 Pridie
149 1085 256 1136 nonas
282 1067 466 1136 deoembris
493 1069 673 1157 episeopus
691 1067 948 1155 Argentinensis
974 1090 1046 1139 oum
1071 1075 1154 1142 oivi-

49 1165 148 1234 latibus
164 1169 254 1253 regis
280 1186 353 1234 oum
371 1169 516 1236 exercitu
535 1174 652 1236 terram
669 1168 885 1236 Pbirrotamm
903 1172 1031 1239 comitis
1050 1174 1153 1240 intra-

49 1271 151 1333 verunt.
177 1266 420 1334 Deoimoteroio
440 1268 505 1334 kal.
523 1267 713 1335 novembris
732 1275 875 1336 oastrum
894 1323 1007 1336 .....
1027 1273 1154 1358 eapitur

10 1401 11 1408 ι
49 1370 73 1430 et
86 1364 222 1432 deoanus
242 1384 263 1432 a
281 1367 423 1434 vinoulis
442 1367 605 1434 liberatur.
644 1365 715 1434 Rex
732 1366 952 1435 Romanorum
969 1370 1003 1436 in
1022 1369 1152 1438 Nuren-

10 1460 16 1536 Τ
48 1462 110 1549 berg
125 1465 243 1532 eunom
261 1465 442 1533 *celebravit
460 1467 547 1533 eirea
564 1465 686 1534 festum
705 1468 812 1533 saneti
829 1467 961 1534 Martini
979 1467 1073 1554 [nov.
1090 1469 1153 1557 ll]

48 1561 78 1628 ad
93 1581 179 1650 quam
196 1563 265 1631 duo
283 1565 382 1631 millia
399 1565 534 1632 militum
551 1571 782 1654 pervenemnt.

103 1662 290 1730 llleomoix.
317 1665 400 1732 Puer
418 1665 545 1732 oireiter
563 1663 750 1752 quindeoim
776 1682 937 1732 annorum
956 1665 1064 1735 laetus
1084 1668 1151 1736 lra-

49 1765 84 1826 ler
98 1759 210 1829 ordinis
229 1761 493 1852 Predioatorum,
521 1768 555 1831 et
572 1765 606 1830 in
633 1763 748 1832 ordine
767 1781 889 1832 annum
907 1771 940 1831 et
957 1767 1033 1852 plus
1052 1785 1151 1854 quam

50 1857 186 1926 dmidium
204 1865 345 1929 steterat
360 1864 395 1928 in
413 1861 512 1930 domo
532 1861 812 1952 columbariensi,
836 1864 870 1930 in
889 1863 944 1945 die¹
961 1872 1151 1934 sanatorum

50 1956 236 2027 lmooentum
264 1960 306 2028 de
333 1962 474 2028 oonsilio
503 1960 710 2048 quorundam
734 1961 866 2029 fratrum
893 1962 1018 2030 ordinis
1038 1965 1150 2032 Mino-

48 2075 106 2145 um,
122 2063 152 2125 et
168 2061 293 2127 auxilio
312 2059 492 2128 eorundem
510 2079 550 2128 ao
567 2060 762 2147 beginarum
779 2063 944 2150 ipsorum,
971 2066 1150 2155 apostavit,

13 2159 14 2162 ’
48 2160 71 2220 ιι
95 2157 188 2225 sead
215 2157 366 2226 ordinem
396 2159 529 2226 lratmm
559 2161 724 2228 Minorum
749 2159 978 2227 transferebat.
1022 2159 1151 2231 Oetava

48 2255 192 2340 epiphanie
218 2259 312 2325 vonit
343 2260 377 2326 in
410 2258 651 2327 Columbariam
676 2257 805 2327 Alsatio
836 2258 1052 2328 advocatissa
1076 2279 1151 2329 oum
1175 2350 1185 2358 ..

47 2352 164 2438 pluribus
189 2355 407 2446 dominabus,
435 2363 468 2426 et
486 2358 639 2426 dominus
658 2358 832 2426 lohannes
858 2357 899 2426 de
917 2359 944 2426 l
947 2349 1163 2453 iobtenbero,
1213 2361 1216 2368 ’

14 2520 15 2550 ἢ
47 2449 111 2518 ilius
126 2453 228 2523 fratris
246 2456 448 2524 venerabilis
467 2457 591 2525 domini
616 2459 767 2545 episeopi
784 2457 1061 2550 Argentinensis,
1086 2461 1149 2528 ad-

46 2557 158 2620 voratus
175 2556 266 2640 regis
292 2554 514 2623 Romanorum
532 2562 767 2644 superterram
788 2556 923 2646 llsatie,
946 2557 1031 2625 lilius
1051 2577 1149 2626 soro·

14 2655 15 2664 ’
46 2648 206 2720 rislludolb
224 2652 268 2720 de
287 2653 463 2743 Habspuro
480 2654 701 2723 Romanorum
719 2656 827 2742 regis,
847 2655 889 2723 de
908 2657 1009 2743 stripe
1029 2656 1148 2724 dueum

47 2745 188 2840 benagio,
206 2751 318 2822 serens
337 2755 371 2821 in
390 2755 499 2841 eapite
519 2771 581 2822 suo
599 2755 721 2842 pileum
739 2758 890 2821 ornatum
908 2772 988 2821 auro
1007 2761 1148 2841 urgento

10 2865 11 2870 ¹
47 2843 179 2931 lapidibus
197 2853 373 2942 pretiosis
392 2855 559 2920 valentem
576 2855 688 2940 plures
708 2871 836 2920 mareas
854 2855 983 2938 argenti
993 2907 1002 2943 ,
1022 2859 1056 2921 et
1074 2857 1147 2923 oln-

48 2945 105 3026 gelo
121 2949 336 3018 oireumdatus
356 2958 442 3041 orat,
469 2954 525 3039 qui
552 2958 689 3020 ornatus
716 2957 786 3020 erat
804 2969 884 3019 auro
903 2957 1042 3038 argento
1061 2953 1146 3042 lapi-

49 3039 119 3111 dbus
142 3050 315 3138 pretiosiS,
337 3107 340 3112 .
360 3051 420 3138 qui.
443 3052 654 3119 estimatione
688 3051 854 3119 hominum
890 3070 1016 3119 mareas
1043 3055 1148 3120 valuit

48 3143 244 3232 quadraginta.
272 3146 362 3216 Obiit
379 3149 484 3216 abbas
500 3149 732 3217 Morbao'ensis
750 3149 907 3218 Albertus
926 3150 967 3218 de
986 3151 1146 3220 Valobin-

50 3242 127 3329 stein,
150 3249 316 3315 suooossit
334 3247 487 3316 dominus
506 3247 683 3317 Bertoldus
702 3249 744 3316 de
762 3248 956 3321 Liebistein.
989 3247 1145 3318 eilbertus

14 3403 15 3438 ἡ
49 3354 87 3404 ιιι
106 3295 352 3414 Romanorum'
337 3367 376 3415 m
396 3347 625 3435 purificatione
653 3347 734 3434 [leb
755 3349 793 3436 2]
819 3350 940 3416 ouriam
966 3349 1146 3416 eelebruvit

14 3447 17 3531 ,
47 3434 69 3501 ιι
82 3435 280 3532 lranlrinlurt,
301 3445 388 3513 sed
379 3465 413 3514 m
433 3465 472 3514 ea
492 3447 591 3514 niobil
610 3449 860 3537 consummavit,
880 3453 913 3515 et
930 3453 1064 3534 propter
1081 3447 1146 3515 hoo

47 3533 70 3599 in
82 3542 193 3628 tempus
220 3543 310 3611 aliud
327 3545 514 3633 protelavit.
550 3546 710 3614 Dominus
729 3545 904 3614 lohannes
924 3545 966 3612 de
984 3546 1144 3615 liobten-

13 3631 15 3690 ἴ
48 3628 117 3726 bere,
140 3639 220 3709 lilius
247 3641 355 3711 fratris
374 3641 630 3731 Argentinensis
650 3645 818 3733 episcopi,
846 3643 1032 3712 advocatus
1059 3651 1144 3714 terre

49 3727 161 3827 llsatie,
188 3739 353 3810 dominam
379 3743 628 3811 advooatissam
656 3743 731 3812 duel
758 3743 837 3811 leoit
862 3743 904 3812 de
924 3739 1052 3813 Alsatia
1071 3763 1145 3812 oum

49 3841 176 3917 apparatu
207 3859 331 3928 magno
358 3843 391 3909 in
419 3861 513 3910 ourru
538 3861 636 3930 queem
662 3847 855 3930 proourator
882 3861 963 3910 suus
992 3849 1143 3912 uentum-

13 3996 14 4016 ,
50 3924 136 4001 deoom
151 3936 246 4006 libras
264 3941 374 4008 retulit
393 3941 595 4009 eonstitisse.
622 3941 784 4009 Dominus
803 3939 845 4010 de
861 3941 1024 4030 Rinpereb
1044 3943 1144 4010 filium

13 4067 14 4104 ς
51 4029 113 4112 illis
101 4030 237 4105 sbdolfi
274 4037 316 4106 de
344 4040 536 4126 eaptivitato
569 4039 752 4108 firmissima
778 4039 938 4108 liberavit.
982 4041 1143 4109 Dominus

51 4127 281 4232 arehiepisoopus
301 4137 558 4223 Mogontinus
549 4159 718 4208 inmensa
737 4139 862 4208 sedens
890 4145 924 4206 et
941 4141 1028 4207 letus
1047 4141 1143 4208 velo-

52 4221 107 4292 riter
126 4233 284 4320 expiravit
318 4235 479 4306 Dominus
506 4239 687 4327 episeopus
707 4235 965 4324 Argentinensis
992 4239 1141 4306 exactio-
