2886 4834
402 251 564 297 aorrrroos
585 251 622 298 or
643 251 809 298 susurrans.
1104 221 1172 289 123

38 391 86 458 ilia
107 388 151 458 de
170 389 350 476 Brisgavia
376 388 488 476 iugem
512 407 579 459 non
603 388 771 482 dedisset,
808 389 849 457 dc
875 407 943 476 qno
970 394 1039 457 tota
1057 390 1171 458 militia
1189 395 1255 450 ¹281

40 488 210 558 diamanie
229 489 400 558 submisso
418 490 526 578 capite
546 496 579 557 et
596 488 726 558 turbido
743 487 921 558 incedebat
937 487 1038 558 vvuttn.

104 589 245 656 Interea
264 595 373 657 autom
391 607 464 656 oum
490 587 644 657 dominus
668 588 829 658 Rudolius
856 606 914 656 rex
938 605 999 676 pro
1017 586 1173 677 redemp-

41 691 123 756 tione
144 689 355 777 captivorum
373 689 670 776 suprascriptorum
695 689 900 777 laborasset,
931 693 965 754 et
990 704 1051 754 eos
1069 705 1089 754 a
1107 694 1172 755 tarn

41 787 229 856 enormibus
249 792 283 855 et
298 786 483 855 durissimis
497 787 638 855 vinculis
652 789 856 856 inimieorum
872 786 1060 875 eripuisset,
1079 787 1172 875 epis-

40 905 141 974 copus
162 887 337 954 Cirnensis
358 893 390 954 et
408 887 460 954 sui
479 885 614 976 iratres,
642 888 779 955 comites
798 886 955 954 videlicet
972 884 1015 953 de
1032 884 1172 954 Monte·-

41 985 107 1054 iorti
128 995 163 1054 et
182 987 289 1054 abbas
307 987 413 1054 sancti
432 985 532 1075 Galli,
559 986 702 1054 collecto
721 988 867 1054 exercitu
893 987 1088 1052 invaserunt
1103 991 1173 1052 ter-

42 1105 102 1152 ram
122 1087 304 1154 comitatus
327 1087 360 1153 in
379 1084 652 1175 Habiubesburg,
681 1093 714 1152 ct
738 1104 810 1154 eam
828 1084 985 1152 inoendio
1004 1089 1038 1151 et
1054 1084 1172 1172 spoliis

43 1184 271 1252 devastarunt.
306 1184 381 1252 an
406 1201 486 1252 vero
506 1175 657 1275 Sw'cvie,
677 1185 762 1253 tilius
780 1183 904 1252 domini
921 1181 1051 1251 Rudoltr
1070 1184 1172 1273 rogia,

43 1301 79 1352 cr
97 1283 246 1352 adverso
265 1286 443 1352 exereitum
463 1287 681 1371 aggregavit,
715 1292 839 1352 etcum
865 1283 986 1350 inimici
1013 1283 1064 1350 sui
1088 1282 1172 1348 insi-

43 1389 168 1451 sterent
185 1382 370 1474 incendiis,
393 1385 485 1451 irruit
508 1384 542 1450 in
561 1401 621 1452 eos
640 1401 739 1452 manu
763 1381 838 1452 sorti
856 1387 889 1450 et
906 1381 1048 1450 obtinuit
1065 1381 1172 1448 vieto·

44 1485 117 1549 riam
147 1490 182 1550 ct
208 1483 313 1550 occisi
340 1483 554 1570 sumptores
580 1501 622 1550 ex
647 1484 696 1550 cis
723 1488 757 1550 et
773 1482 923 1570 potiores
941 1482 1092 1570 captivos
1110 1479 1172 1548 de-

44 1581 143 1649 duxit.
180 1580 370 1670 Captivavit
397 1583 483 1648 vnim
508 1582 703 1670 episcopum
729 1582 921 1650 Curienscm
948 1586 981 1648 et
1006 1598 1106 1647 arnum
1131 1598 1173 1648 cx

43 1681 216 1748 comitibus
231 1680 273 1750 de
284 1680 486 1770 Monteiorti,
506 1687 540 1748 ct
557 1681 812 1749 custodiendum
831 1697 892 1748 eos
909 1681 943 1747 in
960 1679 1093 1747 vincula
1111 1677 1173 1746 dc-

44 1781 187 1848 stinavit.
225 1781 413 1870 Episcopus
430 1797 510 1848 vero
529 1779 719 1872 CoriensiS,
751 1799 824 1848 eum
843 1799 861 1846 a
879 1779 1070 1867 captivitate
1089 1777 1172 1846 clam

44 1879 199 1948 recedere
227 1879 343 1970 vellet,
379 1879 421 1947 de
441 1879 583 1968 quadam
609 1899 689 1968 rupe
714 1898 752 1948 se
776 1879 988 1969 precipitavit
1011 1883 1045 1946 et
1067 1876 1172 1944 tracta

43 1981 170 2047 ccrvice
190 1986 338 2048 mortuus
357 1973 446 2047 est¹

113 2079 196 2147 Post
219 2078 281 2146 heo
305 2077 372 2146 dux
390 2078 523 2146 Swevio
542 2075 728 2146 antedictus
754 2076 924 2144 insecutus
955 2073 1168 2144 adversarios
1188 2079 1255 2133 ¹288

44 2179 165 2265 imperii
185 2177 228 2245 de
245 2177 346 2266 opido
365 2177 407 2245 ad
425 2177 577 2266 opidum,
602 2176 734 2245 tandem
753 2174 886 2243 obsedit
904 2173 1121 2242 firmissimum
1139 2179 1173 2242 et

45 2277 283 2345 nobilissimum
303 2283 446 2346 castrum
473 2275 698 2361 Tockenburg
723 2275 891 2362 antiquum
917 2274 1045 2342 abbatis
1064 2274 1171 2341 sancti

46 2375 133 2442 Galli.
151 2376 194 2443 Et
207 2378 281 2444 sine
296 2395 386 2445 mora
399 2375 479 2444 iilud
495 2376 700 2464 expugnavit
712 2380 848 2463 propter
861 2371 1027 2442 deiectum
1041 2372 1172 2441 victuu-

45 2474 134 2565 lium,
161 2481 194 2542 ot
219 2494 261 2542 an
280 2493 321 2544 eo
340 2477 437 2543 etiam
458 2474 548 2563 quod
565 2473 788 2542 inhabitantes
807 2479 950 2542 castrum
969 2471 1172 2559 redemptio-

46 2592 115 2641 nem
142 2593 211 2642 non
238 2581 422 2664 sperarunt.
466 2574 596 2642 Deinde
626 2571 760 2641 obsedit
784 2572 1002 2640 firmissimum
1028 2577 1172 2638 nastrum

47 2671 230 2762 Hpmberg,
263 2673 352 2762 quod
387 2674 535 2742 similiter
558 2673 649 2742 brevi
672 2673 705 2738 in
731 2675 879 2759 tempore
906 2671 1010 2760 oepit,
1042 2671 1173 2757 etipsa

49 2780 152 2840 eastra
172 2773 215 2841 ad
232 2791 315 2843 usus
334 2790 415 2843 snos
442 2779 604 2862 perpetuo
620 2771 811 2859 applicavit.
850 2768 921 2838 Neo
939 2769 1002 2838 boo
1022 2769 1097 2836 solo
1116 2766 1177 2836 init

49 2875 239 2963 contentus,
267 2873 365 2944 immo
388 2875 495 2962 ipsum
521 2871 673 2940 abbatem
700 2870 806 2938 sancti
825 2868 908 2936 Galli
934 2868 1055 2937 auritio
1073 2869 1176 2955 patris

51 2969 209 3062 destituit,
237 2977 269 3039 et
295 2973 393 3040 alium
420 2973 455 3040 in
480 2969 597 3040 eodem
616 2970 817 3038 monasterio
836 2967 957 3036 dictum
977 2966 1018 3035 de
1037 2966 1176 3056 dempta

50 3069 182 3139 instituit
199 3071 362 3140 abbatem.
404 3072 446 3139 Et
465 3071 512 3138 sie
530 3070 650 3158 privati
676 3075 753 3136 sunt
771 3067 882 3156 piures
907 3085 949 3136 cx
967 3068 1017 3134 cis
1036 3083 1176 3154 corporo

52 3166 166 3238 divitiis
184 3171 370 3240 ethonore.
388 3171 532 3239 Comites
550 3170 648 3236 etiarn
667 3167 709 3236 de
721 3165 818 3236 Oiten
835 3175 868 3234 et
883 3166 924 3233 de
935 3164 1178 3252 Fauburgieoit

53 3267 304 3338 sibitributarios
321 3275 355 3338 et
368 3287 429 3338 eos
446 3269 579 3336 civitate
588 3268 766 3353 Zovingen
777 3267 918 3355 privavit
928 3267 1071 3334 omnino.
1090 3264 1177 3332 Pau-

52 3365 142 3436 tninm
161 3373 271 3437 autem
281 3375 400 3458 postea
411 3369 534 3437 arixiiio
548 3368 650 3456 patris
661 3364 1023 3434 obseditdrmissimum
1033 3369 1176 3431 castrum

54 3464 253 3554 Wizeuburg
270 3487 358 3536 anno
369 3467 495 3537 domini
509 3467 866 3553 m.oe.lvvv.vit.proeo
883 3462 973 3552 quod
986 3462 1176 3530 inhabitan-

55 3569 97 3631 tvs
115 3571 254 3635 nastrum
280 3569 396 3656 spoliis
420 3566 620 3634 insistebant
638 3572 671 3634 ct
691 3571 903 3632 transcuntes
923 3563 1107 3652 spoliarunt
1123 3561 1176 3626 in-

54 3661 243 3748 differenter,
254 3674 379 3754 petram
394 3667 499 3755 ipsius
514 3666 611 3734 oastri
625 3662 812 3733 emoliendo
828 3667 860 3730 et
878 3661 1036 3730 radicitus
1056 3661 1177 3728 exstir-

54 3764 163 3848 pando.
174 3765 401 3837 inhabitantes
413 3766 509 3834 etiam
524 3769 667 3832 castrum
678 3768 840 3852 perpetuo
852 3761 975 3830 eareori
988 3759 1174 3828 destinavit.

117 3863 242 3933 Eodem
260 3866 372 3952 itaque
391 3882 479 3934 anno
499 3864 617 3932 civitas
635 3863 816 3932 Bornensis
833 3879 871 3930 se
885 3860 1020 3930 domino
1034 3857 1177 3928 Rudolso

56 3964 217 4052 opposuit,
248 3970 385 4052 prepter
403 3962 544 4052 quodam
562 3964 634 4038 iura
641 4014 649 4051 ,
682 3979 746 4050 que
766 3961 830 4030 sibi
849 3960 927 4028 dare
946 3965 1060 4029 contra
1076 3959 1177 4027 iusti·
1222 4047 1227 4054 Ι

57 4060 121 4128 tiam
146 4063 365 4151 denegarunt.
413 4062 517 4143 Quam
544 4061 708 4130 civitatem
735 4061 807 4150 ipse
837 4059 990 4130 dominus
1016 4055 1177 4128 Rudoiins

57 4195 237 4320 Enobissimi
256 4196 395 4252 Friedrich
426 4212 478 4252 von
498 4193 571 4252 Cbur
588 4195 661 4250 starb
679 4209 721 4249 am
746 4197 763 4249 3
786 4195 844 4248 iuni
864 4195 930 4249 1290
954 4193 1022 4248 nach
1040 4191 1177 4247 Eichborn

77 4281 97 4332 p.
135 4281 231 4322 orrens.
