2888 4824
405 241 557 288 cuunnnus
579 241 838 288 srnnnurmenusrs.
1097 213 1170 284 too

25 374 205 446 interfecti
228 382 306 447 sunt
323 377 358 447 in
375 378 489 465 vigilia
511 379 632 448 Kiliani
655 379 806 468 martyris
835 375 910 470 [iuli
930 377 980 471 7].
1015 379 1084 450 Sed
1107 399 1167 451 oa·
1188 399 1252 454 ¹28⁷

25 480 141 543 strum
155 473 344 564 Altinstage
363 477 515 546 traditum
534 477 595 546 tuit
612 483 688 546 ante
702 480 966 568 assumptionem
989 475 1084 570 [aug.
1103 479 1168 573 15]

24 591 92 662 per
110 575 192 644 illos
203 576 245 645 de
261 570 390 648 Bnolo¹
409 582 442 646 et
458 576 612 646 dominos
628 570 757 646 eastri²
782 577 909 646 Eodem
925 595 1013 646 anno
1029 597 1089 647 rex
1104 598 1169 648 no·

24 677 102 741 ster
128 673 291 745 Rudolius
315 682 393 766 post
418 675 540 745 testum
566 683 684 745 saneto
700 676 880 746 Rensindis
900 673 974 768 [iuli
996 675 1057 769 15]
1077 679 1171 746 venit.

23 772 243 861 Ezzeliirgen
269 794 342 844 oum
369 778 516 844 exeroitu
538 782 573 844 et
590 777 755 844 violenter
772 777 980 864 expugnavit
997 775 1171 846 Cannistat

25 872 136 940 Brihe
164 878 197 942 et
219 875 328 962 Berge
353 881 481 963 septem
503 880 631 966 eastra,
651 880 684 942 et
701 874 742 942 de
760 876 801 942 iis
819 876 899 962 igne
914 874 1076 943 destruxit
1094 882 1168 946 sta-

25 972 89 1038 tim
105 977 229 1043 eastra.
245 973 376 1043 Deinde
394 993 468 1043 oum
485 975 625 1043 filiosuo
640 975 768 1043 iuniore
786 975 845 1042 ivit
864 993 983 1043 versus
998 975 1168 1044 Buothes-

24 1069 122 1138 bach
141 1077 176 1140 et
200 1091 316 1142 versus
339 1074 544 1160 Giselingen.
571 1073 699 1142 Ibidem
715 1077 861 1142 moratus
880 1072 940 1142 init
955 1075 990 1142 in
1008 1091 1168 1163 assump-

27 1170 130 1238 tione
158 1167 253 1262 [aug.
282 1169 356 1263 15].
383 1173 446 1242 Die
472 1174 710 1261 assumptionis
732 1171 933 1241 Ebirhardus
960 1172 1003 1241 de
1029 1173 1168 1242 Wirtin-

23 1267 137 1338 berch
155 1277 190 1338 et
207 1270 417 1340 Gotheiridus
437 1271 478 1340 de
496 1271 706 1358 Bobelingen
725 1273 863 1344 comites
882 1271 1065 1340 habuerunt
1083 1290 1168 1341 oon·

25 1366 159 1437 ssietum
185 1388 258 1438 oum
285 1371 413 1440 oivibus
439 1373 474 1440 in
496 1371 702 1456 Ezzelingen
728 1388 831 1459 propo
857 1370 1038 1440 Dirinkan.
1064 1371 1106 1440 Et
1122 1371 1168 1438 ibi

25 1468 126 1536 multi
155 1471 261 1540 oooisi
285 1474 317 1538 et
348 1472 434 1560 eapti
457 1469 598 1539 suerunt.
637 1469 726 1538 Intra
749 1476 903 1538 octavam
928 1471 1167 1558 assumptionis

28 1563 132 1656 [aug.
147 1566 213 1660 22]
233 1568 355 1638 asssiota
373 1577 450 1638 sunt
467 1570 546 1638 heo:
564 1567 856 1657 villassondortie,
875 1568 1066 1638 molendino
1081 1568 1168 1638 Her-

27 1665 216 1757 renberoh‚
241 1666 428 1758 idsteten,
453 1667 578 1736 Horwe
602 1686 706 1756 prope
730 1667 953 1758 Ezzelingen‚
976 1667 1167 1758 Bliningen,

26 1764 186 1834 Berohen
208 1784 312 1855 prope
338 1767 558 1858 Ezzelingen‚
591 1767 829 1855 Bernehusen‚
860 1766 1063 1856 Blatinhart‚
1089 1769 1167 1836 item

27 1869 178 1932 oastrum
194 1865 394 1953 Rorinstage
413 1866 526 1935 etalio
541 1868 665 1955 rapinis
680 1865 845 1934 inoendiis
856 1864 995 1933 oedibus
1009 1883 1167 1953 permar-

27 1962 187 2032 ohionem
214 1963 255 2032 de
282 1965 415 2055 Baden,
439 1968 594 2034 oomitem
611 1963 851 2054 Burohardnm‚
876 1964 1059 2032 Palatinum
1078 1964 1167 2032 Goz-

28 2079 164 2152 zonem,
182 2062 397 2132 Ebirhardum
415 2069 447 2133 et
465 2065 618 2134 eomitem
636 2062 678 2132 de
695 2063 884 2149 Vahingen.
908 2062 969 2130 Die
987 2063 1167 2132 Bartholo-

27 2161 94 2228 mei
125 2157 220 2250 [aug.
238 2159 302 2254 iu]
329 2163 443 2232 Wilha
469 2169 503 2232 et
525 2164 771 2250 Echtertingen.
802 2160 965 2232 Rudolius
992 2179 1050 2230 rex
1074 2162 1168 2230 venit

26 2265 109 2346 post
130 2259 287 2348 Dionysii
312 2258 393 2352 [oot.
413 2259 451 2354 9]
481 2262 703 2351 Ezzoiingen,
729 2269 762 2330 et
780 2264 871 2329 stetit
894 2260 939 2327 ibi
963 2278 1071 2348 usque
1088 2267 1168 2349 post

29 2354 185 2427 Omnium
204 2359 401 2430 Sanctorum
421 2357 515 2452 [nov.
536 2359 574 2454 t]
596 2379 670 2430 oum
687 2359 941 2448 arehiepiscopo
956 2358 1167 2449 Maguntino,

30 2455 206 2528 destructo
232 2465 341 2528 oestro
367 2461 554 2546 Bliuingen.
590 2461 632 2530 Et
648 2458 852 2528 Ebirhardus
871 2458 913 2527 de
931 2457 1167 2526 Wirteuberoh

29 2561 63 2623 et
81 2556 296 2627 Gothesridus
315 2557 357 2627 de
375 2559 583 2645 Bebelingen
602 2561 740 2628 oomttes
759 2563 869 2626 eastra
887 2575 1000 2626 eorum
1018 2557 1052 2624 in
1069 2557 1166 2625 Wal-

29 2653 139 2723 husen
156 2655 321 2726 Remeshe
340 2657 569 2745 Withelingen
588 2664 621 2726 et
634 2656 827 2726 Rosseoohe
844 2658 878 2724 in
896 2673 979 2744 paoe
998 2655 1070 2741 regi
1088 2673 1166 2743 pre-

30 2761 213 2824 sentarunt.
239 2756 334 2825 Feria
351 2763 447 2825 sexta
464 2763 543 2845 post
556 2748 693 2826 'Martini
718 2762 789 2824 erat
811 2755 989 2844 eapitulum
1007 2755 1041 2821 in
1057 2753 1166 2822 Enne-

30 2852 146 2939 lingen
173 2854 318 2942 quiade
347 2854 614 2944 Sindelphingen
640 2871 858 2945 eggressum,
886 2859 918 2922 et
945 2852 1031 2922 duos
1057 2870 1165 2922 annos

30 2951 142 3021 ablata
162 2955 193 3021 ei
210 2953 270 3022 suit
287 2953 425 3022 deeima.
921 2963 922 2966 ’

102 3051 357 3122 M.oe.lxxx.viii.
386 3051 427 3121 in
459 3051 513 3122 die
548 3051 704 3121 eathedre
739 3052 826 3121 Petri
852 3049 1016 3120 Rudolius
1052 3067 1166 3119 eomes

31 3148 174 3220 Soherer
190 3151 390 3221 Malmishan
416 3151 477 3220 tuit
493 3152 686 3221 vulneratus
712 3156 746 3219 et
770 3151 822 3219 sui
840 3169 860 3219 a
878 3151 1050 3218 Trutwino
1077 3149 1165 3218 dioto

31 3247 258 3319 Hemmelineh
279 3250 320 3319 de
348 3251 556 3340 Cuppingen.
589 3251 672 3318 item
697 3251 846 3338 proxima
875 3248 929 3318 die
953 3254 1032 3336 post
1055 3253 1166 3316 trans·

32 3465 131 3532 agros
150 3447 303 3517 homines
322 3447 484 3534 grandine
507 3453 540 3516 et
563 3465 650 3535 aqua
669 3446 832 3516 destruxit
838 3468 847 3534 ;
874 3446 1079 3530 Ezzelingen
1097 3445 1165 3512 Bu·

31 3547 159 3636 tispaoh
186 3551 220 3616 et
242 3547 354 3616 villam
377 3549 412 3615 in
437 3547 526 3615 Wile
556 3564 660 3635 prope
684 3545 915 3630 Holzirringen
941 3545 1074 3632 penitus
1100 3542 1166 3610 de-

31 3646 175 3714 vastavit
198 3645 372 3732 grandine.
409 3645 490 3714 item
513 3646 675 3714 maximus
698 3646 793 3713 timor
817 3643 876 3711 tuit
899 3641 1164 3730 Sindelphingen

32 3743 70 3810 ab
96 3745 161 3812 iilis
187 3743 229 3812 de
246 3744 457 3831 Bebelingen
483 3763 503 3813 a
528 3743 614 3812 sesto
643 3745 749 3813 saneti
777 3742 860 3811 Galli
886 3759 993 3829 usque
1013 3738 1165 3809 Omnium

33 3841 236 3912 Sanctorum.
274 3843 344 3912 Rex
370 3844 461 3911 venit
487 3848 566 3911 tune
583 3843 787 3929 Ezzelingen
805 3846 883 3929 post
902 3837 1054 3908 Omnium
1073 3839 1165 3908 San-

33 3947 171 4032 ctorum,
200 3948 233 4010 et
251 3948 329 4030 post
345 3943 477 4010 Martini
494 3941 572 4010 inde
590 3943 734 4010 reeessit
751 3939 997 4028 Hailprunnam.
1033 3937 1164 4006 Deinde

32 4040 87 4108 ivit
102 4059 223 4110 versus
243 4041 393 4130 Stophen
412 4045 556 4110 nastrum
572 4059 668 4110 suum
687 4045 719 4110 et
738 4038 954 4108 Gamundiam
972 4035 1014 4106 ad
1032 4038 1165 4126 nuptias

67 4185 93 4250 t)
111 4181 224 4264 lintach.
266 4185 298 4249 2)
317 4199 348 4263 so
367 4183 487 4238 Orosius.
512 4182 640 4251 Dagegen
658 4179 705 4236 bat
722 4178 911 4236 Gabeikover:
931 4177 1083 4247 Altinstage
1099 4176 1165 4232 irac-

32 4259 82 4305 tom
99 4251 149 4306 turi
165 4259 229 4306 ante
247 4266 301 4306 ass.
320 4249 456 4306 violenter
473 4266 522 4322 per
540 4257 590 4304 ete.
