2884 4834
415 261 541 308 aurnuns
564 260 800 310 wornrrrrusrs.
1093 235 1157 302 191

24 405 84 466 tem
107 400 197 564 ἱοςί.
214 397 264 564 lEt
289 401 460 468 constituit
477 403 527 468 eis
546 401 724 469 scultetum
741 400 905 470 iacobum
923 401 1057 470 militem
1082 401 1156 470 dic·
1180 413 1243 466 rear

26 505 89 564 tum
141 497 211 564 itwi
227 515 272 564 re.

93 609 199 681 Anno
223 613 392 682 m.ee.l.vii.
416 615 450 682 in
477 616 590 702 vigiba
615 617 722 687 sancti
749 613 945 684 Micbabeiis
972 611 1076 706 [sept.
1096 617 1160 710 28]

24 711 131 779 iactus
151 721 206 780 est
225 713 366 780 illustris
387 711 541 782 dominus
555 715 693 784 Emiobo
714 732 828 783 comes
844 714 886 783 de
900 715 1077 802 Lyuingcn
1097 716 1162 784 ad-

24 812 106 879 iutor
125 813 270 880 civitatis
285 812 542 882 Wormatieusis
560 821 674 884 contra
691 831 807 884 omnes
822 830 934 882 eorum
951 809 1183 884 iniuriatores'

24 909 148 979 aiesto
168 913 278 979 sancti
295 911 426 980 Martini
445 919 522 982 tuuc
539 915 695 982 instantis
714 913 756 982 ad
775 911 861 981 duos
879 931 999 983 annos.
1025 915 1065 982 Et
1083 921 1161 984 tuno

24 1007 133 1077 adbuc
155 1015 224 1077 tam
246 1011 319 1099 ipse
340 1027 454 1079 comes
474 1030 571 1100 qnam
591 1012 744 1082 dominus
763 1011 932 1102 Philippus
952 1011 996 1080 de
1012 1013 1160 1082 Falken-

24 1110 108 1175 stein
137 1109 329 1177 retinebant
350 1111 504 1179 undecim
529 1113 638 1202 cives,
666 1129 753 1200 quos
779 1109 913 1179 Seltzen
940 1120 1160 1201 ceperant,a

25 1206 145 1294 ouibus
162 1215 379 1277 extorserunt
400 1210 469 1278 cccl
483 1229 610 1279 mareas
627 1213 766 1298 argenti.
789 1209 850 1279 Pro
867 1209 1032 1279 adiutorio
1049 1218 1160 1279 autem

22 1307 166 1376 civitatis
184 1305 442 1376 Wormutieusis
459 1307 537 1378 duta
554 1316 632 1378 sunt
647 1309 783 1379 domino
799 1309 971 1378 Emicboui
991 1327 1011 1378 a
1029 1311 1159 1380 civibus

22 1411 170 1474 trecente
189 1425 300 1475 maroe
318 1407 545 1478 colonienses.

88 1519 197 1590 Anno
226 1525 407 1593 m.ee.l.viii.
433 1525 501 1592 xvii
526 1523 590 1593 kal.
619 1523 774 1594 februarii
794 1519 877 1614 [ian.
899 1521 962 1616 16]
984 1523 1160 1614 spirenses

25 1628 53 1688 et
69 1621 344 1691 Wormatienses
359 1625 504 1692 unanimi
522 1641 692 1694 consensu
709 1621 913 1692 confederati
931 1626 1056 1692 suntin
1073 1624 1161 1694 hunc

23 1719 174 1788 modum:
195 1719 285 1808 quod
308 1723 336 1790 si
356 1722 509 1792 dominus
532 1721 727 1813 Alphonsus
749 1721 971 1792 Ronranorum
988 1741 1046 1791 rex
1063 1725 1160 1792 eicc-

24 1823 70 1887 tus
91 1821 132 1887 in
150 1837 215 1888 suo
234 1823 408 1912 promisso,
428 1823 512 1890 sicut
531 1823 628 1890 etiam
645 1823 773 1910 iuravit,
792 1827 880 1891 stare
894 1823 1005 1912 vellet,
1019 1839 1160 1908 regnum

24 1916 248 1987 Romanorum
262 1920 325 1988 sibi
340 1919 543 1990 assumendo
558 1927 591 1989 et
606 1939 667 2010 pro
684 1921 807 1990 viribus
827 1919 1052 2011 defendendo,
1069 1922 1159 2008 quod

24 2005 118 2084 etr'am
141 2018 295 2087 civitates
317 2021 352 2088 in
378 2021 450 2088 eius
469 2021 605 2098 servitio
627 2026 820 2089 constantes
839 2028 1086 2108 permanerent3
1107 2023 1157 2088 sin

22 2121 132 2184 autem
156 2116 249 2204 quod
274 2125 384 2187 tamen
409 2137 577 2206 nunquam
594 2119 636 2187 ad
659 2119 803 2206 aliquem
823 2137 935 2206 regem
954 2117 1159 2188 declinarent

23 2215 79 2282 nisi
94 2218 251 2284 unanimi
269 2219 426 2308 consiliu,
442 2225 476 2286 et
490 2219 525 2286 in
549 2218 613 2286 boc
634 2219 731 2286 simul
752 2224 906 2287 constare
929 2213 961 2286 et
978 2220 1157 2308 persistere

23 2313 164 2382 idelitcr
177 2318 399 2404 promisemnt
414 2335 582 2404 nunquam
597 2335 634 2386 se
649 2319 790 2385 invicem
810 2319 842 2386 in
866 2319 928 2386 hao
944 2325 1037 2406 parte
1052 2336 1157 2408 sepa-

22 2413 156 2482 randos.
185 2411 256 2483 Heu
274 2423 383 2484 autem
398 2417 619 2504 promiserunt
635 2417 782 2504 magistri
796 2419 915 2486 civium
930 2415 1157 2484 Wormatien-

23 2530 72 2580 ses
94 2511 307 2582 Woliramus
330 2516 423 2583 miles
445 2521 478 2582 et
499 2513 705 2584 Wernherus
730 2523 816 2584 retro
837 2515 1005 2584 Monetam
1029 2517 1061 2582 in
1082 2535 1157 2583 ma-

24 2629 81 2680 nus
102 2611 233 2681 domini
252 2613 419 2703 Spirensis
435 2631 495 2704 pro
513 2619 585 2682 tota
602 2615 744 2682 civitate.

89 2727 197 2798 Anno
218 2730 400 2798 m.ee.l.viii.
419 2729 583 2800 dominica
595 2729 715 2800 Letare
735 2748 799 2818 que
817 2729 877 2798 iuit
893 2749 913 2798 v
930 2747 1037 2798 nonas
1059 2745 1155 2796 men-

26 2827 66 2896 sis
88 2827 203 2897 martii
230 2824 335 2918 [mdrz
355 2826 394 2921 3]
414 2827 456 2898 de
475 2827 677 2898 abundantia
703 2829 790 2898 uiris
815 2835 903 2898 tanta
930 2829 1022 2896 venit
1044 2827 1154 2896 abun-

25 2924 137 2994 dantia
170 2945 330 3016 aquarum
347 2935 380 2996 et
398 2937 463 2996 tam
487 2927 678 2998 vehementi
699 2935 844 2998 torrente
864 2929 1047 3018 prooessit,
1067 2927 1156 3016 quod

27 3027 131 3094 ruilus
165 3027 308 3094 civitatis
336 3026 594 3096 Wormatiensis
616 3045 720 3116 prope
752 3029 951 3096 cemiterium
975 3023 1156 3096 Judeorum

27 3123 54 3190 in
70 3126 220 3194 maxima
230 3127 412 3212 quantitate
430 3123 649 3216 rumpebatur,
660 3128 703 3194 ita
720 3126 811 3214 quod
829 3146 929 3216 super
947 3133 1048 3216 poutc
1063 3133 1156 3215 porte

27 3226 128 3292 saneti
148 3223 285 3292 Andree
304 3223 370 3294 duo
393 3225 556 3294 submersi
576 3225 703 3294 inerint.

92 3339 227 3408 Eodem
245 3359 334 3410 anuo
358 3342 391 3409 in
417 3340 472 3410 die
493 3340 612 3410 iacobi
640 3337 712 3432 [iul.
732 3338 796 3432 25]
818 3341 951 3410 intravit
970 3339 1154 3408 Richardus

28 3456 77 3508 rex
94 3440 204 3528 primo
225 3439 451 3510 Wormatiam.
477 3441 518 3510 ut
538 3439 744 3510 confirmavit
761 3439 890 3510 civibus
913 3439 1101 3508 christianis
1122 3447 1155 3506 et

26 3535 139 3607 iudeis
164 3539 275 3608 omnia
291 3540 464 3626 privilegia
485 3557 617 3629 eorum,
637 3544 671 3608 et
690 3537 783 3608 dedit
801 3540 851 3608 eis
874 3555 932 3606 rex
953 3537 1041 3606 mille
1063 3555 1153 3606 mar-

26 3652 74 3706 cus
96 3637 250 3724 argenti;
269 3636 367 3706 Judei
387 3655 469 3708 vero
494 3639 655 3728 episcopo
678 3641 711 3706 et
734 3637 863 3708 civibus
882 3636 1045 3706 ducentas
1064 3653 1154 3706 mar-

25 3750 74 3804 cas
93 3743 132 3804 ut
151 3754 213 3806 eos
231 3737 265 3804 r'n
284 3737 355 3806 iure
373 3753 436 3806 suo
459 3743 708 3808 conservarent.

89 3851 193 3922 Auno
213 3852 394 3922 m.ee.l.viii.
411 3853 456 3921 iiii
474 3853 539 3922 kal.
557 3854 691 3939 augusti
720 3848 793 3943 [iul.
813 3847 877 3942 29]
904 3849 992 3920 iacta
1018 3856 1071 3918 est
1094 3867 1152 3918 rc-

27 3953 211 4020 oouoiliutio
236 3952 321 4020 inter
346 3953 439 4020 cives
465 3951 731 4022 Wormationses
763 3955 797 4020 ot
820 3947 996 4019 chricum
1020 3949 1153 4018 militem

27 4047 61 4117 de
79 4049 350 4138 Rupreohtsberg
374 4049 541 4120 medianto
567 4051 729 4139 episcopo
748 4049 996 4118 Wormatiensi.
1032 4049 1072 4118 lit
1090 4049 1153 4117 bec

26 4146 188 4218 inimicitia
214 4156 287 4218 orta
311 4149 371 4218 fuit
393 4150 479 4218 inter
502 4165 564 4220 eos
589 4148 840 4238 propterquod
866 4149 958 4218 ciros
984 4145 1153 4234 fregerunt

28 4247 128 4316 eidem
156 4249 247 4316 militi
273 4247 446 4318 castelium
470 4247 560 4336 quod
587 4253 817 4317 constmxerat
834 4249 919 4318 intra
937 4246 1151 4316 Wcrmatium
