2890 4832
365 244 499 289 crusnam
522 245 588 290 rma
610 247 632 291 s.
655 241 841 292 euenturum.
964 307 968 314 .
1097 218 1166 287 327

58 384 226 456 Frldorious
243 401 317 450 oum
334 381 467 452 dnobus
485 381 640 452 iratribus
654 384 725 452 suis
742 383 918 452 wilhelmo
933 383 1167 466 etGodeirido,

57 494 86 554 ut
101 502 195 573 snpra
210 482 332 550 dimum
350 489 413 572 est,
431 483 737 550 exeommunioatus
754 500 793 551 ao
811 482 932 552 deinde
948 485 1167 574 proseriptus,

56 585 208 674 proieotus
226 600 246 648 a
263 580 348 649 iaoie
372 581 503 649 Domini
528 583 614 649 siout
637 581 719 650 Cain
737 583 794 669 qui
811 581 942 650 tratrem
960 601 1056 650 suum
1074 585 1167 652 oooi-

57 685 150 773 derat,
167 697 274 768 vagus
294 688 327 748 et
344 679 507 768 prologus
525 679 634 748 laetus
653 687 707 749 εει
724 699 826 770 super
843 687 977 771 terram,
1003 699 1167 770 nusquam

56 787 218 870 aceeptus,
247 797 410 867 nusquam
435 785 543 866 tutus,
561 781 607 847 ita
630 785 667 848 ut
684 779 795 848 dioere
819 781 929 868 possit
959 799 1032 849 oum
1064 780 1166 850 Cain:

55 882 153 950 Omntr
166 882 222 966 qui
233 880 392 946 inuenerit
405 896 456 945 me
469 879 589 946 eruut
601 897 661 946 me.
678 879 810 947 Interim
821 886 963 947 oestrum
982 881 1054 948 eius
1069 880 1166 949 Isen-

54 981 142 1070 burg,
168 977 258 1066 quod
281 977 543 1066 inexpugnabile
566 977 755 1068 ridebatur,
772 979 807 1046 in
824 979 982 1048 ultionem
999 980 1166 1068 pontilicis

54 1079 209 1148 obsidetur
232 1077 363 1146 deditur
389 1083 423 1144 et
446 1077 622 1145 solotenus
646 1075 833 1146 destruitur.
860 1077 1007 1166 Cumque
1031 1078 1166 1147 obsessi

53 1180 129 1247 multi
150 1183 268 1246 essent
292 1185 326 1244 ει
349 1177 416 1244 rite
444 1177 646 1244 neeessariis
665 1175 889 1267 abundarent,
907 1184 1020 1245 tantus
1039 1195 1101 1246 eos
1119 1179 1165 1245 ti-

54 1295 111 1347 mor
125 1277 262 1361 invasit,
286 1282 322 1343 ut
345 1281 488 1344 castrum
510 1275 567 1343 diu
584 1281 699 1343 tenere
718 1293 785 1344 non
804 1275 973 1344 auderent.
999 1275 1081 1344 lnde
1099 1295 1165 1345 aa·

55 1384 108 1446 tem
124 1394 205 1444 uxor
220 1374 377 1442 Fridericl
395 1391 470 1442 oum
486 1373 599 1442 liberis
618 1372 739 1442 adnoto
758 1381 825 1465 est,
844 1381 880 1443 ut
898 1378 928 1443 ei
946 1378 1061 1444 morito
1080 1394 1164 1444 oon·

54 1483 171 1563 grueret
188 1473 280 1562 quod
298 1473 339 1541 de
357 1472 447 1542 luda
463 1474 621 1543 traditore
640 1475 796 1562 seriptum
818 1479 886 1542 est:
912 1475 1009 1542 Floret
1020 1475 1080 1557 filli
1096 1477 1166 1542 elus

54 1573 175 1660 aptoni
196 1578 230 1640 ει
251 1592 340 1641 uuor
361 1575 433 1640 etur
446 1572 554 1640 oiduu.
581 1572 742 1640 Nutantes
758 1573 1007 1658 transferuntur
1019 1574 1081 1655 filii
1097 1575 1165 1642 eius

53 1675 279 1756 eluendum,
305 1672 482 1740 elideretur
496 1673 536 1740 de
549 1670 803 1740 habitationibus
818 1675 898 1740 suis.
924 1673 1096 1741 Scrutatur
1108 1673 1164 1757 fe-

52 1778 171 1841 neretur
188 1789 315 1840 omnem
335 1773 553 1840 substanttam
579 1771 658 1855 eim,
677 1774 711 1838 et
735 1771 893 1856 diriptmrt
914 1771 1014 1840 alieni
1033 1771 1166 1839 laborer

53 1874 115 1939 eur.
138 1873 212 1940 Non
230 1872 275 1938 sit
290 1870 340 1940 tttl
364 1871 496 1939 adulor
516 1887 576 1939 neo
594 1871 638 1936 eit
653 1873 709 1954 put
724 1871 920 1938 uererentur
934 1871 1069 1956 pupitttr
1085 1873 1162 1938 elur.

53 1971 91 2038 En
106 1972 255 2040 omnibus
273 1971 360 2038 enim
378 1971 476 2038 bonis
494 1972 565 2038 suis
583 1967 767 2038 Friderious
786 1989 860 2038 eum
876 1987 980 2038 uxore
998 1969 1110 2038 liberis
1128 1977 1162 2037 ει

51 2070 184 2138 tratribus
209 2071 397 2138 elindnatus
423 2076 485 2138 ost.
519 2068 747 2138 Theodorious
769 2087 849 2138 vero
879 2071 1060 2158 episeopus
1081 2068 1162 2136 llo-

52 2171 253 2238 rastedensis
273 2185 346 2236 oum
368 2168 466 2236 tratre
482 2168 687 2255 Engolborto
707 2169 742 2234 in
757 2167 1053 2254 osnaburgensem
1071 2169 1162 2255 epis-

53 2285 154 2357 oopum
171 2270 299 2358 eleeto,
318 2269 352 2336 in
374 2268 516 2338 oonsilio
538 2266 721 2338 Leodionsi
735 2267 909 2358 suspensi,
927 2267 1061 2336 Romam
1082 2285 1162 2354 pro-

53 2365 117 2435 leoti
133 2374 217 2436 sunt.
236 2366 408 2436 Proleotus
424 2374 477 2436 εει
491 2367 587 2437 etiam
604 2383 676 2436 oum
692 2367 741 2435 eis
754 2366 954 2456 Friderious,
972 2366 1087 2435 eadem
1102 2383 1162 2456 spe

52 2483 106 2552 qua
120 2475 151 2535 ει
167 2469 223 2535 illi.
257 2467 405 2554 Cumque
422 2463 624 2553 aliquamdiu
637 2470 672 2535 in
687 2467 778 2535 ouria
792 2468 997 2534 mansissent
1010 2467 1161 2554 episeopi

52 2581 104 2633 neo
121 2567 334 2656 prodicerent,
360 2583 401 2634 eo
422 2566 513 2653 qnod
532 2583 570 2634 se
596 2566 803 2635 sullioienter
817 2584 961 2654 purgare
982 2583 1050 2632 non
1074 2582 1161 2652 pos-

50 2671 125 2754 sent,
141 2667 409 2753 proouratoribus
430 2667 577 2733 eoeleste
607 2662 819 2735 Coloniensis
846 2665 1101 2733 remorantibus
1128 2669 1162 2731 ot

50 2760 135 2831 literis
158 2766 341 2853 prinoipem
360 2782 420 2832 eos
439 2763 693 2855 auersantibus,
719 2765 815 2833 ambo
839 2762 1101 2852 depositisunt,
1128 2768 1161 2830 et

51 2878 104 2928 non
120 2865 217 2932 multo
235 2869 314 2951 post
330 2870 397 2932 orm
413 2881 456 2931 ex
472 2865 605 2951 dolore,
623 2867 708 2952 tom,
728 2862 819 2952 quod
834 2863 1021 2931 eredibilius
1039 2867 1102 2950 εει,
1119 2879 1160 2930 ex

51 2957 143 3030 divina
159 2963 287 3032 ultione
313 2969 460 3031 mortuus
483 2969 536 3032 est
558 2963 807 3052 theoderinus,
842 2968 876 3031 et
898 2963 932 3029 in
958 2961 1031 3030 solo
1056 2977 1159 3049 pere-

51 3061 129 3142 gn'no
152 3063 314 3150 sepultus.
339 3061 462 3130 Mortui
487 3069 565 3132 sunt
589 3061 709 3132 ibidem
735 3062 790 3130 alii
816 3079 858 3128 err
884 3059 1056 3150 parricidis
1082 3066 1159 3126 tros.

51 3155 163 3228 llortua
182 3167 237 3228 est
264 3163 360 3230 etiam
386 3177 471 3229 uxor
494 3161 650 3231 Friderioi
673 3169 778 3231 morte
800 3161 991 3249 subitanea,
1017 3176 1158 3246 eumque

50 3256 160 3326 nseera
173 3262 247 3328 eius
262 3262 371 3330 eleota
393 3269 518 3350 essent,
529 3261 616 3330 adeo
633 3278 690 3330 oor
707 3263 780 3330 eius
800 3277 842 3328 err
860 3258 986 3347 dolore,
1004 3265 1041 3324 ut
1058 3260 1159 3345 aiunt,

51 3364 249 3450 ammoneret,
268 3366 304 3428 ut
322 3361 378 3428 vix
392 3358 468 3426 labe
486 3361 701 3448 quantitatem
718 3358 905 3428 excederet.
932 3358 1083 3425 blorturrs
1100 3355 1160 3422 luit

52 3461 113 3522 ante
127 3473 194 3524 eam
210 3465 305 3546 pater
321 3460 393 3526 eius
412 3456 481 3527 dux
498 3459 687 3527 Watramus
711 3477 784 3527 eum
799 3457 897 3525 tratre
916 3453 1073 3543 Gemma,
1099 3455 1157 3521 viri

54 3558 255 3636 potentes.lta
265 3559 365 3626 miser
377 3555 564 3626 Friderious
575 3556 961 3646 speubiquedestnutus‚
976 3553 1158 3622 onmRonre

52 3666 106 3718 non
119 3655 302 3744 impetraret
322 3657 579 3726 miseridordiam
601 3673 666 3744 qne
685 3657 731 3724 illi
745 3657 902 3745 placeret,
925 3654 980 3722 vel
997 3651 1157 3738 indignus

52 3750 274 3846 miserirordia,
292 3755 346 3824 vel
365 3755 455 3843 quod
470 3753 672 3844 probabilius
686 3761 740 3823 est
755 3753 797 3822 ad
816 3755 972 3822 maiorem
986 3751 1156 3838 indignio-

51 3863 163 3937 romque
176 3872 296 3941 penam
312 3853 471 3924 divinitus
487 3863 692 3943 reservatae,
712 3853 889 3940 digressos
906 3852 948 3920 ab
965 3851 1063 3940 Urbe,
1082 3850 1157 3920 dis·

53 3947 181 4020 simulata
194 3971 342 4041 persona
358 3959 516 4040 quantum
531 3953 663 4041 quidem
681 3955 806 4042 potuit,
826 3971 899 4020 oum
915 3950 1047 4020 duobus
1063 3950 1156 4018 Leo-

52 4039 122 4112 dium
140 4053 235 4119 venit.
261 4052 323 4121 Ubi
346 4071 365 4120 a
392 4051 536 4139 quodam
553 4054 608 4140 qui
626 4071 702 4120 eom
720 4050 821 4121 Rome
839 4051 968 4119 viderat
987 4051 1155 4136 cognitos,

52 4147 76 4206 ιι
94 4149 171 4230 quod
188 4151 261 4238 ipse
288 4169 400 4220 onmes
423 4151 609 4220 bridericus
631 4158 726 4218 esset
753 4149 920 4239 proditus,
948 4169 968 4216 a
993 4147 1155 4216 Balduino

52 4242 130 4310 nitito
153 4247 328 4318 Leodiensi
357 4249 581 4318 fraudulenter
608 4251 690 4318 satis
719 4257 836 4338 eaptus
867 4255 935 4336 cst,
963 4255 994 4315 et
1020 4246 1154 4314 donnino
