2878 4834
267 220 338 290 266
645 249 835 300 conversurus
855 251 1046 302 noeurrmus.

267 387 310 458 ad
327 387 539 460 eoneordiam
557 389 739 458 revuoavit.
764 385 953 478 Aulumque
978 397 1032 460 est
1051 389 1094 460 de
1112 392 1311 482 episeopatn
1329 393 1396 463 lla-

267 489 461 575 guntinensi
480 495 513 558 ut
527 489 681 558 dominus
699 488 905 558 Christianus
924 489 1248 579 archiepiscopatum
1258 493 1395 579 Magan-

267 589 433 656 tinensem
452 587 617 658 obtineret
633 587 771 676 paeiiiee
790 595 824 656 et
848 589 979 679 quiete,
1006 596 1040 658 et
1056 589 1212 662 domiuus
1230 591 1394 662 Conradus

267 686 562 773 saltzburgensem
576 687 1080 776 arehiepiscopatumaeeipiens
1097 689 1309 774 gubernaret.
1326 692 1396 760 Erat

268 788 354 854 enim
378 788 413 854 in
437 787 513 875 ipsa
539 786 682 855 eeclesia
708 803 728 854 a
750 803 858 875 puero
881 788 1054 856 enutritus.
1086 785 1292 868 Quieverunt
1318 791 1395 858 nula

265 903 326 974 per
351 891 482 974 tempus
508 885 690 976 modinum,
719 890 753 952 et
779 884 932 956 dominus
960 885 1167 958 Christianus
1191 888 1282 960 obiit.
1316 885 1395 960 Obiit

266 991 376 1053 autem
402 985 495 1052 iuxta
520 984 665 1054 Romam.
692 983 841 1054 Graviter
858 986 1044 1074 egrotanti,
1068 987 1198 1057 vioihus
1218 994 1288 1056 erat
1305 1006 1393 1056 sum·

266 1101 339 1152 mus
363 1083 533 1174 pontifex,
561 1085 618 1171 qui
642 1084 836 1172 episeopum
861 1089 898 1150 ut
914 1086 1115 1170 proximaret
1130 1088 1278 1174 paternis
1295 1087 1392 1156 literis

265 1183 464 1255 hortabatur.
503 1183 651 1271 Cumque
681 1201 769 1270 papa
794 1181 838 1250 ad
863 1183 1150 1272 arehiepiscopum
1178 1187 1392 1275 pervenisset,

266 1275 345 1352 sed¹
362 1283 505 1369 languor
528 1284 563 1350 in
589 1288 715 1352 tantum
740 1282 970 1372 prevaluerat,
994 1288 1030 1350 ut
1047 1285 1130 1370 patri
1148 1290 1267 1354 saneto
1284 1303 1392 1356 assur-

265 1400 346 1468 gere
370 1399 440 1450 non
461 1381 597 1452 valeret.
622 1381 724 1450 Foeta
746 1398 828 1468 ergo
855 1379 1073 1454 euniessione
1092 1399 1220 1454 summo
1238 1383 1391 1472 pontillui,

265 1479 308 1550 de
334 1498 433 1550 manu
458 1481 529 1550 eius
556 1481 888 1550 eommunieatinnem
912 1487 1062 1550 sanatam
1086 1483 1239 1572 aeoepit,
1268 1482 1392 1570 alioque

265 1580 408 1651 eeclesia
426 1586 643 1650 sacramenta.
667 1580 710 1650 llt
733 1579 888 1648 dominus
912 1597 1000 1668 papa
1017 1578 1106 1650 laeta
1125 1586 1159 1652 et
1177 1580 1267 1652 diota
1288 1581 1392 1652 indul-

264 1680 379 1766 genlia
402 1680 436 1748 in
458 1693 542 1767 paoe
569 1679 666 1768 abiit,
690 1684 724 1748 et
749 1677 903 1750 dominus
929 1677 1136 1748 Christianus
1162 1679 1228 1752 deo
1255 1682 1390 1750 animan

264 1777 429 1869 reddens,
453 1784 590 1848 mortem
613 1777 695 1848 obiit
721 1773 836 1868 [1183
855 1795 933 1862 aug,
956 1775 1033 1869 25].
1071 1774 1194 1850 Audita
1211 1785 1316 1848 morte
1334 1779 1391 1848 tlo-

264 1878 344 1946 mini
366 1877 561 1968 Christiani,
587 1879 766 1968 imperator
792 1877 905 1946 intime
930 1874 1053 1966 doluit,
1081 1882 1114 1948 et
1142 1879 1302 1948 universa
1325 1880 1390 1948 eius

265 1977 356 2046 ouria
373 1982 407 2046 et
423 1993 541 2046 omnes
556 1982 721 2064 quotquot
732 1975 967 2046 intellexerunt
980 1975 1138 2063 gravibus
1154 1978 1308 2066 suspiriis
1322 1983 1392 2048 suut

265 2075 393 2144 turbati.
419 2074 560 2146 Rursum
579 2077 678 2146 etiam
695 2076 817 2144 misera
834 2075 981 2146 eoelesia
1003 2073 1295 2167 Magantinensis,
1319 2077 1391 2165 plo·

265 2192 344 2242 rans
362 2175 523 2265 ploravit,
543 2173 633 2288 quod
651 2173 748 2246 dolor
766 2174 839 2244 eins
857 2181 1037 2242 renovatus
1055 2181 1117 2244 est.

184 2277 250 2336 118³
335 2273 415 2342 Post
432 2273 495 2344 heo
511 2275 680 2363 principes
698 2272 830 2362 quidam
848 2271 1015 2342 dominum
1025 2271 1390 2344 ConratlumSaltzbur-

184 2351 252 2471 ,2¹00
268 2388 410 2458 gensem
434 2373 736 2486 arehiepiscopum,
753 2373 959 2466 imperatoris
977 2378 1173 2462 reeuperatn
1188 2373 1315 2462 gratia,
1340 2390 1389 2442 re·

267 2470 429 2561 sormunt,
447 2473 494 2542 ita
510 2473 571 2540 ut
562 2489 636 2561 rpse
654 2474 830 2562 imperator
847 2471 990 2541 eundem
1008 2471 1389 2564 arehiepisoopnmCon-

263 2569 379 2640 radam
397 2569 439 2640 ad
457 2572 751 2658 lluguntinensem
770 2571 945 2646 seelestam
963 2569 1072 2640 redire
1089 2571 1288 2660 postularet,
1307 2568 1387 2657 quod

234 2719 237 2724 -
262 2669 336 2758 ipse
362 2670 516 2742 dominus
544 2669 718 2741 Comedus
743 2672 883 2740 maximo
907 2669 1076 2742 desiderio
1094 2670 1283 2742 annotatum.
1309 2671 1434 2759 Sus

263 2771 382 2858 uipitur
408 2787 489 2856 ergo
518 2769 671 2840 dominus
699 2768 874 2840 Conradus
908 2770 941 2838 in
972 2769 1116 2840 eoelesia
1141 2767 1384 2854 Magantinensi

262 2873 419 2956 tanquam
445 2868 568 2939 luisset
591 2869 735 2954 angelus
760 2867 825 2938 dei.
861 2867 900 2938 ln
929 2871 1112 2940 continenti
1141 2874 1252 2939 autem
1277 2873 1385 2956 postea

263 2985 399 3052 gravem
424 2968 572 3056 ponebat
597 2968 833 3036 exaetionem
823 2985 855 3034 ιιι
882 2965 1017 3037 elerum.
1041 2969 1082 3040 lli
1100 2969 1205 3038 mirati
1224 2971 1302 3036 sunt
1317 2965 1382 3034 uui-

263 3066 371 3154 versi,
391 3071 425 3134 et
442 3083 558 3136 omnes
578 3068 634 3154 qui
647 3067 832 3138 audiebant
849 3065 1024 3136 linebant:
1051 3066 1168 3154 Qualia
1189 3070 1241 3134 est
1255 3064 1314 3148 hio,
1337 3065 1382 3149 qui
1432 3109 1433 3118 ι

262 3163 470 3234 tributarium
491 3164 578 3248 fauit
598 3166 749 3235 etenum?
782 3164 850 3236 Sed
879 3164 1048 3236 oonvaluit
1073 3166 1136 3236 heo
1159 3182 1329 3256 pressura,
1352 3167 1380 3230 et

264 3264 341 3334 exin
359 3263 424 3332 hoo
442 3266 512 3332 suis
530 3263 691 3355 deineops
710 3264 965 3336 suceessorihus
983 3263 1202 3352 relinquebat

337 3361 475 3434 Modieo
493 3370 642 3452 tempore
659 3370 738 3453 post
753 3364 939 3476 imperator·
948 3363 1150 3453 Friderious,
1176 3362 1254 3434 dum
1272 3359 1379 3430 transi-

225 3551 228 3556 Ι
263 3467 356 3532 turus
384 3467 477 3532 esset
500 3464 637 3532 rivulum
665 3463 854 3552 parvulum,
884 3462 941 3552 qui
965 3461 1107 3550 podibus
1134 3467 1266 3550 poterat
1283 3467 1378 3530 trans-

262 3563 382 3652 meari,
413 3564 537 3650 impetu
562 3580 649 3649 aque
676 3563 773 3675 quasi
798 3561 993 3632 submersus
1021 3567 1082 3630 est.
1115 3560 1195 3648 lpse
1226 3545 1431 3628 dicebatur
1430 3595 1431 3600 a

262 3658 369 3730 inisse
393 3661 598 3748 aliquantum
624 3662 746 3774 gravis·
765 3660 947 3730 venerabili
973 3661 1045 3730 viro
1077 3659 1212 3732 donnino
1237 3656 1377 3728 Heinrioo
1430 3667 1431 3698 ι

263 3759 532 3848 arehiepisaopo,
557 3766 600 3830 et
616 3759 693 3830 ad
683 3761 788 3848 rpsius
807 3758 1201 3847 depositionem-oooulte
1219 3755 1376 3828 eonsilium

263 3857 482 3928 ministrasse.
519 3857 605 3928 Huie
629 3859 716 3930 ilius
747 3876 830 3930 suus
859 3857 1036 3930 Heinrious
1067 3863 1186 3928 sextus
1218 3853 1376 3938 snemssit,

264 3956 456 4043 quievitque
475 3963 560 4028 terra
577 3977 598 4026 a
615 3958 738 4046 preliis.

336 4055 404 4125 lam
429 4057 586 4143 sperabat
607 4057 753 4126 ecelesia
770 4055 1040 4144 Maguntiuensis
1058 4060 1137 4144 post
1155 4060 1206 4124 tot
1222 4052 1376 4124 emamu-

264 4157 314 4222 tes
332 4154 482 4222 miserias
502 4173 675 4242 pressuras
692 4157 838 4228 iacturas
862 4173 1019 4228 erumnas
1037 4154 1137 4228 uetus
1154 4159 1189 4224 et
1206 4153 1336 4226 vulnera
1350 4149 1376 4214 iu

297 4263 330 4328 l)
347 4260 397 4318 ιιι
413 4260 519 4318 onheim
534 4278 570 4318 au
587 4262 652 4318 viel.
1417 4259 1429 4800 J
