2886 4834
390 251 551 299 cunomcon
574 251 781 298 connumeras.
1110 225 1155 292 93

40 411 104 460 mm
117 390 438 459 muneraremur.
468 391 558 460 Unde
573 395 606 458 et
619 407 680 458 uos
698 387 758 458 bec
783 390 904 458 telooto
927 393 1078 460 nolumus
1100 411 1160 461 oo·
1180 403 1242 456 reor

42 493 176 558 lomene
188 493 374 576 resipuere.
409 489 478 558 Rex
498 489 548 558 bis
570 489 707 576 audito,
734 489 936 575 significavit
964 509 1050 580 pape
1072 492 1163 578 quod

41 591 152 659 domini
179 589 423 678 arehiepiscopi
449 607 549 678 supra
577 587 890 658 Rhenum=lluvium
921 608 981 677 per
1003 591 1162 659 telonium

41 692 169 757 iniustas
192 691 389 758 exaotiones
413 687 562 756 laoerent
596 694 627 755 et
652 694 754 756 totam
775 695 893 756 terram
919 690 1064 775 graviter
1084 707 1191 778 per--

42 789 208 856 turbarent.
239 788 427 876 Rpiseopos
454 805 541 875 papa
561 787 728 872 oorrigere
748 785 897 856 tardavit
932 788 1000 856 Sed
1024 807 1083 857 rex
1108 797 1163 857 ta-

40 906 103 955 nen
118 886 288 974 quomodo
305 905 365 956 eos
384 881 474 954 eum¹
493 887 564 954 suis
585 887 767 972 corrigeret
785 888 953 983 cogitavit,
972 887 1061 956 etde
1079 906 1163 956 oon-

40 988 104 1054 silio
119 1004 255 1054 suorum
273 1004 334 1053 eos
358 984 527 1054 diffidavit.
561 984 636 1053 Non
660 986 895 1074 postmultum
921 989 1079 1075 temporis
1104 1005 1164 1055 rex

41 1089 68 1152 in
79 1085 256 1171 lloguntia
270 1103 380 1153 eoram
399 1084 596 1171 quibusdam
614 1084 816 1173 prinoipibus
831 1103 932 1174 super
949 1084 1064 1155 tuturis
1079 1103 1163 1172 gro·-

42 1185 217 1252 mminibus
241 1185 467 1272 sollempniter
483 1183 670 1271 appellavit.

89 1282 232 1356 ‚Eodem
259 1287 406 1370 tempore
425 1283 480 1350 lrlii
500 1283 623 1350 sororis
641 1283 732 1368 regis
751 1287 784 1350 et
801 1281 896 1350 duois
914 1281 1071 1373 Ravana,
1095 1285 1163 1352 soi-

41 1384 107 1449 lieet
122 1380 289 1450 liudolfus
305 1373 572 1472 etLudevious‚²
588 1381 764 1468 litigabant
781 1382 867 1448 inter
884 1398 921 1448 se
939 1399 999 1469 pro
1017 1383 1164 1451 dononio

43 1487 69 1547 et
92 1482 205 1548 senior
230 1482 390 1548 iuniorem
415 1481 457 1549 de
480 1482 626 1569 paternis
644 1479 923 1568 possessionibus
943 1483 1071 1570 expulit
1087 1483 1163 1550 vio-

41 1582 144 1648 lenter.
172 1581 268 1647 Tune
284 1581 392 1648 iunior
409 1597 446 1648 se
465 1580 604 1646 eontulit
621 1578 664 1646 ad
682 1597 794 1665 regem
802 1577 1033 1670 Romanorum,
1053 1582 1166 1648 senior

42 1697 111 1746 uero
131 1677 361 1746 oonlederavit
379 1695 417 1747 se
435 1678 689 1766 archiepiscopo
699 1679 909 1764 moguntino.
928 1677 1045 1747 Junior
1061 1695 1164 1766 roga·

42 1781 81 1844 vit
103 1796 219 1864 regem
235 1776 457 1846 Romanomm
482 1783 518 1844 ut
545 1796 619 1845 eum
647 1777 830 1846 seeundum
847 1779 1011 1845 iustioium
1028 1797 1164 1867 promo-

42 1883 134 1944 veret.
169 1877 261 1944 Dixit
284 1879 314 1944 ei
338 1895 412 1945 rex:
439 1876 560 1962 Accipe
579 1880 652 1946 loos
672 1879 797 1943 amieos
822 1881 855 1942 et
876 1893 937 1963 eqo
959 1880 1086 1944 mittam
1108 1876 1164 1944 tibi

41 1976 75 2042 de
102 1977 182 2042 urea
212 1974 411 2059 bominibus,
442 1980 475 2041 et
503 1975 626 2059 fralmo
655 1974 810 2043 obsideas
839 1976 1012 2043 deitatem.
1052 1973 1163 2063 Atque

41 2075 119 2141 lrano
141 2075 233 2162 regis
257 2075 461 2143 voluntatem
485 2075 594 2142 iunior
609 2073 808 2162 adimplevit.
849 2073 996 2161 Cumque
1010 2073 1078 2143 dux
1093 2074 1164 2142 Lu-

41 2172 184 2241 dewious
214 2174 380 2242 civitatem
395 2225 491 2240 .....
531 2173 649 2242 diebus
680 2173 829 2262 pluribus
862 2173 1075 2262 obsedisset,
1100 2191 1164 2242 nee

41 2272 185 2340 dominus
202 2273 476 2361 arobiepisoopus
493 2271 633 2340 liberare
654 2289 726 2340 eam
745 2273 922 2362 potuisset,
943 2273 1034 2340 venit
1052 2272 1164 2340 domi-

41 2389 97 2438 nus
113 2390 170 2439 rex
187 2370 425 2460 Romanorum,
453 2373 618 2439 divitatem
642 2377 797 2460 potenter
813 2371 946 2440 obsedit
968 2377 1002 2439 et
1023 2372 1165 2440 obtinuit

41 2462 232 2539 violenlen³
255 2470 402 2557 Cumque
426 2470 493 2538 dux
516 2471 634 2538 multas
663 2471 864 2538 munitiones
896 2469 1100 2559 perdidisset
1132 2478 1164 2539 et

40 2569 172 2638 liberare
194 2588 267 2638 eam
289 2571 420 2638 minime
437 2570 616 2658 ualuisset,
638 2576 716 2636 tuno
733 2571 806 2655 regi
826 2587 879 2637 res
895 2577 927 2636 et
943 2587 1064 2657 eorpus
1083 2571 1164 2638 sim-

40 2668 160 2756 plioiler
175 2667 376 2737 conserebat.
408 2666 479 2736 Rex
497 2685 578 2736 vero
594 2671 679 2736 inter
696 2666 814 2736 iratres
836 2673 872 2736 ut
889 2669 1013 2755 plaouit
1028 2666 1164 2736 divide-

41 2767 100 2835 bat..
130 2768 287 2836 Existens
310 2774 419 2835 aulem
433 2769 466 2835 in
481 2767 658 2838 obsidione
681 2785 740 2835 rex
751 2785 805 2834 res
826 2765 949 2835 domini
977 2767 1164 2854 arehiepis-

43 2865 317 2954 oopiMoguntini
342 2872 497 2954 potenter
517 2867 654 2956 invasit,
680 2873 713 2934 et
732 2865 904 2934 dioebalur
928 2865 1048 2933 multus
1077 2865 1164 2934 eivi-

43 2971 118 3033 tales
138 2974 171 3032 et
190 2966 287 3034 villas
302 2967 336 3032 in
357 2967 499 3033 einerem
519 2964 705 3051 redegisse.

108 3065 189 3132 Post
212 3065 275 3132 heo
299 3065 447 3152 aoooptis
471 3065 599 3131 illorum
623 3063 742 3132 duoum
761 3063 898 3132 duorum
916 3063 1103 3132 hominibus
1122 3061 1165 3130 ad

43 3164 201 3230 civitatem
234 3182 298 3250 que
331 3163 448 3231 dieitur
474 3163 594 3248 Bingin
628 3181 702 3230 oum
733 3163 837 3230 lotitia
871 3181 908 3230 se
935 3163 1164 3231 transferebat.
1276 3221 1279 3230 .

43 3259 138 3340 Quam
156 3279 231 3329 oum
249 3262 482 3350 obsedissent,
501 3263 589 3329 misit
606 3263 636 3329 ei
654 3279 712 3329 rex
725 3261 861 3329 Froneie
880 3261 1024 3330 Gallioos
1043 3263 1164 3329 multos

43 3363 90 3446 qui
107 3362 274 3428 eivitatem
291 3363 426 3429 viriliter
442 3360 694 3448 impugnabant.
722 3361 847 3428 Tamen
864 3362 949 3428 inter
966 3375 1083 3428 omnes
1102 3376 1164 3426 na-

43 3461 141 3528 tiones
166 3461 212 3527 illi
237 3459 280 3528 do
306 3457 435 3528 Alsatia
458 3459 658 3527 laudabilius
682 3458 860 3527 iaciebant.
886 3459 963 3526 Erat
991 3460 1077 3526 enim
1102 3458 1164 3524 heo

42 3559 148 3625 oivitas
175 3561 301 3626 munita
325 3557 434 3626 valde.
461 3557 614 3626 Habebat
632 3560 719 3626 enim
737 3577 779 3626 ex
795 3577 862 3624 una
879 3563 972 3644 parte
994 3573 1113 3643 aquam
1130 3553 1164 3623 id

43 3663 86 3723 est
101 3656 252 3725 Rhenum
279 3675 338 3744 per
357 3675 455 3745 quern
473 3675 579 3725 naves
597 3675 718 3743 magne
738 3659 810 3724 sine
828 3656 976 3744 periculo
994 3647 1083 3722 n0n⁴
1101 3671 1165 3742 po-

42 3760 138 3824 terant
154 3757 366 3843 pertransire.
395 3754 550 3823 Habebat
573 3773 615 3823 ox
634 3757 736 3824 altera
750 3761 842 3843 parte
859 3771 978 3842 aquam
991 3745 1167 3840 magnam⁵

43 3871 97 3940 que
122 3855 195 3922 sine
220 3853 361 3922 navibus
388 3855 460 3922 sine
486 3855 633 3942 perioulo
661 3871 729 3922 non
753 3859 884 3942 poterat
901 3854 1101 3941 pertransiri.
1128 3853 1165 3920 ln

70 3981 97 4046 l)
115 3995 175 4062 pum
199 3979 270 4033 habe
293 3979 336 4061 iob
361 3978 576 4062 eingesebalteo
608 3981 639 4060 2)
664 3979 826 4034 ludewicus
855 3977 924 4032 habe
953 3977 997 4032 ielr
1028 3978 1088 4059 bier
1111 3977 1166 4033 und

44 4046 189 4126 demnacbst
214 4063 248 4100 an
273 4047 318 4102 dre
341 4047 419 4102 stelle
434 4047 494 4128 'des
518 4047 686 4116 rrrrrrebtrgen
712 4049 776 4103 Otto
803 4055 913 4115 gesetzt.
951 4049 982 4114 3)
1001 4047 1166 4128 Heidelberg

43 4113 677 4254 lrlrdzltttbttlltlillutibilis
699 4115 1166 4251 tii¹¹¹lelltl0l⁸ltltt'llr

42 4247 121 4316 Naba,
140 4251 222 4306 sollte
240 4267 271 4306 es
289 4201 354 4306 apg,
371 4249 444 4308 nieht
462 4267 569 4323 parvam
587 4200 717 4312 bebrant
780 4201 797 4255 p
1026 4224 1033 4239 ’
