2878 4834
285 215 356 284 220
629 211 800 290 arabonam
823 244 1080 290 wonrnrrrrnsra.

283 383 375 450 curia
393 387 589 450 convocato.
629 380 718 450 Sane
737 399 796 469 per
812 380 938 448 litteras
965 380 1090 450 domini
1108 383 1215 450 nostri
1239 383 1409 469 imperato-

283 482 327 548 ris
354 486 419 547 tam
444 479 597 549 dominus
615 488 733 548 noster
757 481 938 569 episcopus
964 499 1061 568 quam
1090 483 1182 548 cives
1211 481 1409 549 vocabantur

283 579 325 649 ad
349 581 470 647 curiam
494 579 654 648 Ravenna
681 579 936 663 celebraturum,
969 577 1012 648 ad
1039 597 1136 668 utram
1163 598 1236 648 cum
1262 577 1407 647 dominus

283 680 463 768 episcopus
481 679 583 747 vellet
601 679 762 747 accedere
781 677 1001 747 adiunxerunt
1017 680 1048 746 ei
1062 681 1154 747 cives
1173 680 1313 748 nuncios
1331 697 1407 747 suos

283 778 426 846 honeste
446 778 517 845 suis
538 779 715 867 expensis,
734 779 768 845 in
786 777 843 845 tali
862 777 1080 846 familiaritate
1099 785 1133 846 et
1152 777 1327 862 fidelitate,
1345 796 1408 864 qua

283 878 450 946 coniuncti
469 875 614 966 fuerant,
636 895 765 965 suoque
784 876 934 946 subsidio
955 877 1172 966 superaddito
1190 877 1283 945 iuxta
1300 893 1406 966 posse,

282 982 319 1044 ut
337 977 426 1044 curin
453 975 575 1044 domini
604 978 755 1065 episcopi
782 975 961 1045 decencius
989 982 1274 1065 augmentaretur,
1306 983 1336 1044 et
1362 979 1406 1043 sic

283 1075 447 1143 amicabili
471 1073 571 1144 modo
599 1075 641 1145 ad
660 1077 781 1144 curiam
799 1073 923 1145 domini
940 1077 1148 1164 imperatoris
1167 1083 1406 1165 processerunt.

281 1173 456 1262 Nicbiirpuc
473 1181 583 1263 preter
600 1175 722 1243 bonum
739 1177 804 1264 ipsi
829 1177 920 1243 cives
946 1181 1184 1264 speraverunt,
1213 1173 1320 1244 donec
1337 1177 1405 1262 qui-

282 1273 357 1342 dam
376 1275 517 1342 civitatis
536 1281 650 1343 nostre
668 1272 815 1343 fautores
835 1275 963 1343 civibus
981 1281 1216 1365 narraverunt,
1236 1273 1325 1362 quod
1344 1273 1403 1342 do-

283 1375 392 1441 minus
411 1374 592 1461 episcopus
611 1380 726 1441 contra
743 1374 837 1462 ipsos
857 1374 898 1443 ad
917 1376 1039 1442 curiam
1058 1375 1271 1443 accessisset.
1315 1373 1404 1454 Quod

284 1489 356 1540 curn
376 1472 511 1540 domino
537 1473 687 1562 episcopi
715 1474 807 1542 cives
835 1474 1024 1562 obicerent,
1052 1473 1204 1541 dominus
1230 1475 1402 1561 episcopos

282 1570 463 1640 mendaces
481 1573 624 1640 asseruit
642 1574 837 1640 recitatores
858 1573 978 1640 talium.
1005 1571 1103 1653 Quod
1121 1573 1240 1641 volens
1260 1589 1403 1660 conpro-

282 1669 362 1739 bare
381 1670 623 1739 commendavil
643 1673 733 1740 cives
752 1671 905 1740 omnibus
930 1670 1181 1740 familiaritatem
1199 1672 1329 1740 consilii
1347 1671 1405 1738 dc-

283 1771 360 1837 mini
377 1771 587 1858 imperatoris
606 1769 816 1860 habentibus,
835 1777 872 1839 ut
889 1773 1035 1857 negocia
1054 1773 1172 1839 civium
1192 1769 1234 1838 ad
1253 1771 1405 1838 bonesto-

283 1877 349 1937 tem
380 1869 522 1937 civitatis
545 1870 672 1938 vellent
695 1885 901 1958 promovere.
945 1869 1124 1958 Postquam
1156 1877 1265 1938 autem
1292 1869 1403 1937 domini

283 1969 435 2058 episcopi
453 1969 576 2037 auxilio
594 1970 736 2058 promoti
756 1968 903 2060 fuerant,
936 1975 970 2036 et
996 1987 1095 2037 manu
1121 1971 1253 2058 propria
1278 1968 1402 2036 domino

281 2069 473 2156 imperatori
488 2071 583 2158 ipsos
602 2067 887 2158 commendasset,
916 2073 948 2136 et
973 2067 1016 2136 de
1041 2069 1181 2146 licencia
1209 2067 1331 2136 domini
1348 2069 1403 2134 im-

280 2167 445 2256 peratoris
465 2173 499 2235 et
517 2185 579 2236 sua
597 2166 811 2258 recederent,
835 2167 1044 2257 privilegium
1068 2166 1235 2256 quoddam
1254 2174 1332 2256 aput
1349 2167 1404 2233 do·
1429 2227 1430 2232 ,

281 2268 403 2333 minum
429 2267 661 2356 imperatorem
680 2267 841 2358 obtinuit,
865 2285 925 2355 per
951 2267 1041 2354 quod
1067 2269 1178 2336 onmia
1204 2268 1275 2334 iura
1298 2273 1400 2334 nostre

282 2365 427 2434 civitatis
455 2367 591 2453 antiqua
616 2371 648 2433 et
665 2367 840 2454 privilegia
858 2365 900 2433 ab
924 2365 1178 2456 imperatoribus
1203 2365 1339 2452 regibus
1357 2384 1402 2432 ar-

281 2464 503 2554 chiepiscopis
522 2466 690 2554 episcopis
709 2468 859 2534 sanccita
875 2465 1000 2533 mittitur
1012 2465 1185 2534 infumare.
1203 2465 1325 2532 Verum
1342 2482 1402 2532 cnm

280 2563 343 2632 bec
361 2563 644 2633 intellexissemus
664 2563 797 2633 domino
816 2573 933 2634 nostro
952 2567 1023 2652 regi
1042 2563 1282 2654 conquerendo
1300 2566 1399 2650 signi·
1428 2565 1429 2572 ’

281 2663 469 2754 frcavimus,
497 2665 552 2752 qui
575 2664 694 2732 litteris
712 2666 783 2732 suis
802 2667 925 2753 apertis
944 2664 1041 2734 nobis
1066 2664 1224 2753 indulsit,
1251 2669 1288 2730 ut
1305 2665 1397 2752 ipsius

280 2765 478 2832 auctoritate
504 2765 537 2830 in
555 2765 626 2831 iure
650 2769 765 2832 nostro
784 2765 921 2852 antiquo
940 2761 1218 2852 subsisteremus,
1248 2765 1301 2830 cui
1325 2780 1398 2829 ron-

280 2864 459 2931 scnsimus.
510 2859 560 2930 0b
592 2861 656 2930 bec
682 2861 835 2930 dominus
863 2864 1043 2952 episcopus
1076 2863 1350 2951 proscriptionem
1373 2868 1397 2928 et
1427 2887 1428 2926 ;

280 2961 425 3029 bannum
453 2963 552 3030 nobis
578 2964 776 3050 procuravit.
808 2962 879 3030 Nos
906 2981 987 3031 vcro
1014 2969 1090 3030 ante
1114 2963 1396 3031 denunciacionen

280 3060 377 3127 nobis
407 3059 528 3128 factam
554 3061 597 3129 ad
621 3061 736 3130 sedern
759 3063 977 3150 apostolicam
1000 3053 1269 3151 provocavimus.
1310 3061 1397 3146 Igitur

280 3160 468 3246 quicunque
483 3162 715 3246 magistrorum
731 3161 828 3229 istius
843 3161 919 3229 facti
936 3179 1133 3249 processum
1148 3159 1395 3230 consideraverit

279 3263 314 3326 et
331 3265 474 3346 pensato
494 3261 638 3345 negocio
658 3277 791 3328 causam
811 3268 957 3329 nostram
973 3260 1088 3329 fovere
1101 3262 1256 3349 voluerit,
1275 3262 1309 3328 in
1326 3276 1393 3326 ccr-
1426 3287 1427 3298 ¹

278 3359 405 3446 petenti
423 3376 548 3426 summa
567 3360 726 3448 pecunie,
751 3361 843 3428 iuxta
861 3361 913 3428 sui
933 3358 1060 3428 laboris
1086 3362 1247 3448 meritum,
1266 3360 1326 3448 ipsi
1342 3375 1391 3446 pa-

278 3459 341 3525 rati
360 3459 483 3526 erimus
503 3451 741 3546 respondere.¹

295 3650 344 3728 st)
363 3647 427 3729 sebr
443 3647 499 3702 lein
516 3647 706 3730 gescbriebem
731 3649 780 3704 das
797 3649 862 3704 ietai
880 3647 1166 3730 zerbrocbeneuaiegel
1186 3663 1243 3730 war
1260 3649 1308 3702 das
1324 3645 1394 3702 ualt—

279 3716 527 3838 filiiflii,
542 3715 664 3840 'ttltlt
683 3717 784 3838 litt
798 3715 865 3840 iti„
885 3713 1393 3840 ‘lattnltlalb{titillet
1425 3707 1426 3789 l

279 3851 314 3905 ist
338 3869 400 3905 vom
424 3854 488 3918 mab
505 3801 561 3906 diop
575 3854 718 3933 Heinriobs
737 3855 822 3923 (Vll)
847 3801 912 3907 rga}
933 3858 1028 3924 3aug.
1049 3858 1129 3922 12323
1153 3847 1392 3924 vergadano
1424 3891 1425 3896 κ

280 3917 328 3973 des
346 3918 459 3974 letztern
477 3921 712 3978 befeblscbrerben
730 3939 794 3978 vom
812 3921 959 3992 folgenden
977 3929 1030 3990 lag.
