2890 4832
295 245 366 316 350
642 274 679 320 rx
701 273 869 322 acerrumo
891 277 1072 326 concurrusr.

214 425 278 482 1212
296 416 466 482 muliemm
484 430 582 482 eruce
601 430 639 482 se
660 414 834 500 signantes
853 417 994 485 cumeis
1012 417 1060 484 ire
1079 415 1269 505 disponunt.
1285 418 1394 501 Quibus

293 515 399 583 eciam
417 511 550 600 quidam
574 511 710 598 maligni
727 513 878 582 homines
906 515 1059 605 admixti,
1090 535 1131 584 ea
1149 535 1214 604 que
1233 521 1394 588 extulerant

292 621 326 681 et
351 612 545 680 addclibus
572 611 709 679 cottidie
733 613 945 700 accipiebant
970 615 1123 701 nequiter
1147 623 1181 683 et
1197 615 1311 686 iurtive
1327 620 1392 687 sula

291 712 480 799 trahentes,
499 710 629 778 occulte
648 719 871 779 recesserunt.
890 710 1033 792 Quorum
1051 731 1138 781 unus
1159 713 1295 784 Colonia
1318 735 1392 785 eom·
1428 763 1429 766 ,

291 811 478 900 prehensus
503 807 687 896 suspendio
714 813 814 878 vitam
838 810 949 879 finivit.
982 812 1077 879 llulti
1102 814 1208 880 eciam
1231 815 1376 883 illorum
1369 837 1393 883 ιιι
1428 849 1429 906 p

292 911 398 998 sylvis
422 914 456 976 et
473 907 611 976 desertis
629 907 712 975 locis
732 915 807 978 estu
825 908 910 976 lame
929 915 963 978 et
980 912 1032 980 siti
1049 914 1229 1000 perierunt,
1248 915 1302 982 alii
1318 916 1429 1008 alpes
1428 907 1429 958 t

290 1008 510 1096 transgressi,
529 1024 606 1074 mox
622 1012 660 1073 ut
675 1007 801 1074 ltaliam
819 1009 1025 1076 intrauerunt
1041 1028 1061 1076 a
1077 1011 1310 1097 Longobardis
1327 1011 1429 1102 spo-l

290 1108 360 1176 liati
378 1113 411 1176 et
429 1105 571 1194 repulsi,
590 1122 664 1172 cum
681 1106 864 1190 ignominia
881 1106 1056 1176 redierunt.

365 1205 460 1273 Circa
488 1203 577 1272 idem
607 1209 738 1291 tempus
771 1201 849 1272 Otto
882 1207 1059 1294 imperator
1092 1207 1307 1294 Thuringiam
1337 1227 1394 1277 cun

291 1306 437 1374 exercitu
456 1305 570 1391 intrat,
594 1308 627 1370 et
651 1302 693 1370 ad
716 1303 864 1371 iniuriam
890 1303 1079 1373 Herimanni
1104 1307 1282 1392 lantgravii
1314 1313 1395 1375 totam

291 1402 515 1473 terramillam
532 1402 612 1488 igne
631 1407 665 1469 et
681 1400 770 1470 ierro
787 1408 904 1471 vastat.
939 1403 1120 1474 Northusiu
1147 1406 1253 1473 eciam
1274 1407 1395 1494 nupcias

290 1502 488 1590 celebravit,
507 1499 634 1568 ducens
654 1499 751 1568 liliam
770 1500 908 1589 Philippi
932 1504 1022 1590 regis
1042 1522 1107 1592 que
1126 1504 1190 1571 sibi
1208 1503 1396 1593 desponsata
1425 1517 1429 1594 ι

289 1601 406 1670 luerat.
433 1599 506 1681 Que
525 1604 641 1686 quarta
658 1598 712 1668 die
732 1599 832 1667 rebus
852 1601 1177 1671 excessithumanis.
1427 1587 1428 1642 i

362 1700 471 1767 ltem
461 1715 537 1786 rpso
555 1715 643 1765 anno
661 1697 685 1764 F
687 1697 845 1766 rudericus
863 1718 921 1767 rex
938 1700 1066 1791 Sicilie,
1086 1701 1173 1770 lilius
1192 1701 1357 1769 Heinrici'
1349 1721 1428 1768 uu

289 1799 465 1889 peratoris,
485 1798 622 1864 llomam
640 1799 779 1865 veniens
798 1815 918 1886 apapa
935 1816 1009 1867 cum
1026 1799 1153 1869 honore
1171 1801 1358 1890 suscipitur,
1372 1807 1395 1867 et
1422 1789 1428 1877 l

290 1898 497 2013 quorundam
523 1896 705 1985 principum
723 1895 845 1964 auxilio
863 1897 989 1965 ltaliam
1014 1901 1179 1968 transiens
1205 1900 1239 1966 in
1255 1896 1395 1966 Aleman—
1422 1896 1428 1985 ζ

289 2000 375 2066 niam
395 2000 500 2085 uenit,
528 1995 583 2061 ubi
602 2013 621 2062 a
639 1997 767 2063 cunctis
785 1996 988 2083 principibus
1015 2005 1049 2065 et
1070 1998 1239 2066 nobilibus
1258 2000 1427 2085 superio-
1422 2028 1427 2051 ·

290 2115 361 2165 rum
378 2098 515 2186 partium
534 2094 620 2161 letus
640 2095 828 2181 suscipitur.
847 2092 924 2163 Otto
942 2114 1023 2165 vero
1035 2098 1213 2186 imperator
1228 2114 1301 2164 oum
1317 2114 1396 2164 euer-

290 2198 356 2264 eitu
380 2197 426 2263 illi
458 2211 631 2264 occurrere
658 2194 788 2281 statuit,
819 2192 880 2260 sed
913 2193 1031 2262 videns
1056 2195 1266 2262 infirmiorem
1288 2201 1395 2282 partem
1423 2192 1426 2201 '

293 2313 398 2384 suam,
409 2294 548 2362 dimisso
567 2293 713 2375 exercitu
731 2292 863 2359 occulte
877 2291 919 2359 ad
934 2292 1107 2362 inferiores
1124 2300 1237 2382 partes
1252 2311 1289 2362 se
1303 2301 1395 2360 trans-

290 2395 371 2461 tulit.
406 2393 482 2481 lpse
509 2395 619 2457 autem
642 2387 827 2458 Friderious
845 2391 1053 2475 Mogontiam
1076 2395 1237 2480 venicnS,
1266 2393 1300 2460 in
1324 2391 1394 2459 testo

290 2494 398 2562 sancti
415 2489 548 2560 Andrec
572 2489 717 2602 apostoli
745 2484 840 2578 [ιιιιιι.
860 2486 924 2579 30]
952 2490 1115 2559 celebrem
1141 2493 1264 2559 curiam
1289 2491 1425 2576 haldi,

289 2593 345 2660 ubi
362 2591 492 2682 plurimi
510 2589 676 2676 principes
700 2587 742 2655 ah
760 2605 802 2656 eo
820 2587 1043 2710 inhenelioiati
1062 2589 1256 2658 fidelitatis
1247 2606 1394 2657 ruramen-
1427 2647 1428 2654 ,

288 2695 355 2760 tum
373 2691 593 2780 prestiterunt.

364 2787 591 2857 Theodericus
610 2785 834 2853 Traieotensis
852 2786 1081 2874 episcopusin
1100 2784 1154 2854 die
1173 2785 1393 2854 sanctiNichc

289 2887 334 2959 lai
347 2889 446 2976 obiit,
464 2903 525 2975 pro
544 2901 611 2972 quo
630 2880 708 2951 Otto
727 2883 826 2952 irater
845 2886 973 2953 comitis
993 2883 1035 2952 de
1054 2885 1163 2952 Gelrin
1182 2884 1335 2952 succedit.
1426 2905 1427 2923 ι

363 2986 463 3055 Anno
482 2983 604 3052 domini
622 2983 791 3050 mccxlii.
817 2983 932 3051 Simon
950 2982 992 3050 de
1009 2983 1203 3051 Montelorti
1229 3001 1301 3050 cum
1318 2982 1391 3049 Chri-

291 3087 408 3152 stianis
427 3085 482 3171 qui
500 3085 531 3150 ei
548 3085 581 3149 in
600 3081 756 3148 auxilium
772 3087 949 3171 uenerant,
969 3082 1124 3150 Tolosam
1145 3083 1309 3150 civitatem
1325 3099 1391 3148 con·

290 3189 341 3252 tra
366 3185 519 3252 comitem
550 3180 656 3249 sancti
680 3179 790 3265 Egidii
816 3185 849 3246 et
874 3181 1048 3266 Begginos
1074 3179 1276 3268 proiectus,
1292 3180 1391 3247 belim
1424 3187 1425 3196 ¹

288 3284 437 3352 instituit.
463 3281 525 3348 Ubi
539 3279 782 3364 congressione
799 3277 887 3346 iacta
904 3296 964 3346 rex
980 3277 1164 3369 Arragona,
1180 3280 1236 3366 qui
1254 3277 1391 3364 Beggiuis

288 3385 322 3451 in
340 3383 495 3451 auxilium
513 3382 664 3467 venerat,
692 3375 870 3466 occiditur,
898 3385 931 3445 et
950 3376 1122 3446 Christiani
1140 3379 1310 3446 victoriam
1326 3391 1390 3443 cou-

289 3487 451 3551 secuntur.

361 3579 487 3649 Eodem
505 3594 593 3645 anno
610 3575 779 3662 Philippus
793 3592 853 3642 reu
866 3574 1002 3642 Francia
1021 3591 1092 3640 cum
1111 3575 1254 3642 maximo
1270 3571 1389 3641 exercitu

287 3678 499 3746 Flandriam
490 3695 522 3744 m
526 3677 623 3742 travit
648 3680 684 3742 ut
701 3673 901 3741 Ferrandum
920 3673 1084 3741 comitem
1090 3673 1273 3760 expelleret
1295 3678 1323 3738 et
1338 3675 1388 3735 ter·

288 3796 355 3843 ram
374 3795 436 3844 suo
454 3776 599 3844 dominio
617 3773 817 3857 subiugaret.
844 3770 912 3838 Sed
930 3789 997 3838 non
1013 3771 1198 3838 secundum
1211 3741 1423 3839 voluntatenl

290 3892 383 3942 suam
414 3877 534 3942 euenit.
573 3871 655 3938 Nam
682 3871 828 3983 plurimis
859 3887 993 3936 suorum
1025 3868 1148 3936 ibidem
1183 3870 1301 3938 occisis
1328 3880 1383 3932 cun

288 3990 409 4058 magno
429 3972 624 4040 detrimento
643 3977 676 4037 et
693 3969 874 4080 ignominia
892 3968 998 4034 uictus
1017 3967 1123 4036 rediit.
1421 4019 1422 4028 ,

362 4070 456 4138 Circa
486 4075 675 4137 autumnum
709 4069 812 4134 eciam
843 4065 910 4132 dux
938 4065 1114 4133 Brabantie
1144 4083 1218 4134 cum
1250 4064 1384 4177 episcopo

288 4169 497 4237 Laodicense
516 4168 675 4235 dimicans
695 4171 869 4252 superatur
875 4216 884 4253 ,
903 4164 960 4232 ubi
986 4182 1101 4233 omnes
1121 4164 1190 4233 lere
1209 4163 1259 4232 sui
1274 4166 1324 4230 aut
1338 4172 1383 4223 oc

289 4268 441 4335 ciduntur
459 4271 515 4332 aut
533 4266 714 4350 capiuntur.
