2878 4834
249 137 319 207 232
607 163 776 212 orrnormrn
796 163 1028 236 uoaurrmrsrr.

248 307 337 374 nitus
357 305 423 372 sint
440 305 590 374 remissa
616 302 830 386 Querimonie
848 321 943 393 vero,
962 303 991 370 si
1009 320 1075 390 quo
1089 303 1167 372 binc
1184 303 1261 374 inde
1274 324 1376 395 super

246 405 337 482 bona
356 405 409 471 vel
429 405 668 491 possessiones
686 403 845 474 dictarum
864 403 1003 490 partium
1027 419 1087 490 per
1111 402 1267 473 iudicium
1287 405 1375 474 lacte
1427 423 1428 468 r

248 505 333 593 sint,
359 502 508 570 similiter
533 505 599 571 sint
625 503 783 592 remisse,
811 509 845 571 ct
871 519 984 569 eorum
1007 501 1146 588 quilibet
1171 521 1214 572 ex
1237 510 1377 591 utraque
1427 523 1428 568 r

247 609 341 692 parte
369 601 459 669 bona
479 620 541 670 sna
566 603 599 670 irr
627 608 716 670 statu
740 618 806 688 quo
831 603 895 670 iam
926 605 1004 668 sunt
1027 599 1209 670 rehabebit.
1243 602 1284 671 Et
1300 604 1378 690 quia
1427 624 1428 667 r

247 700 386 791 predicti
404 699 529 789 Symon
546 706 580 769 ot
596 700 746 769 Jacobus
769 700 910 789 plurima
933 698 1076 788 dampna
1099 701 1300 770 sustinuisse
1323 700 1378 768 di·
1427 721 1428 736 ¹

248 806 375 890 cuntur,
393 817 453 888 pro
468 799 593 867 eisdem
604 799 755 889 dampnis
773 807 806 866 et
819 799 957 888 captivis
973 816 1087 868 eorum
1103 801 1264 888 recipient
1277 802 1376 887 quin-
1427 823 1428 854 r

248 905 369 986 gentas
401 916 529 966 marcas
561 899 803 967 coloniensium
828 897 1054 987 denariorum,
1082 917 1218 986 quarum
1247 906 1378 968 eentum

249 1005 281 1066 et
305 999 544 1084 quinquaginta
573 1015 702 1066 marcas
732 997 981 1085 quatuordocim
1006 995 1124 1065 diebus
1148 1005 1229 1086 post
1249 999 1376 1066 instans
1427 1007 1428 1055 ῑ

248 1096 369 1165 festum
394 1097 483 1164 boati
502 1097 655 1186 Martini,
675 1103 709 1164 et
729 1103 860 1165 centum
881 1100 914 1166 et
933 1097 1172 1183 qninquaginta
1195 1115 1326 1165 marcas
1347 1099 1379 1165 in

249 1196 335 1263 sesto
363 1195 538 1284 epiphanie
559 1195 683 1264 domini
708 1198 858 1284 proximo
882 1193 1119 1284 subsequenti,
1137 1193 1291 1264 ¹residuas
1314 1196 1377 1264 du-

249 1300 365 1362 centas
384 1312 511 1362 marcas
531 1297 569 1362 'in
588 1294 641 1363 die
663 1294 834 1362 beatorum
857 1294 1083 1384 apostolorum
1102 1294 1242 1383 Philippi
1265 1301 1299 1363 et
1321 1295 1378 1363 Ja-

249 1393 325 1461 cobi
348 1395 498 1482 proximo
516 1392 623 1462 tuturo
646 1395 805 1482 recipient
820 1394 945 1482 Symon
965 1399 998 1460 et
1023 1391 1171 1462 Jacobus
1190 1393 1378 1484 supradicti.

249 1491 290 1560 lit
307 1491 369 1560 heo
386 1493 530 1580 pecunia
547 1492 711 1561 dividetur
727 1493 790 1582 ita,
810 1493 901 1580 qaod
920 1491 1046 1580 Symorr
1064 1493 1234 1580 predictus
1253 1493 1379 1561 ducen-

250 1597 302 1658 tas
321 1609 449 1659 marcas
467 1591 618 1681 habebit,
637 1591 787 1660 lacobus
806 1609 885 1660 vero
904 1597 1071 1659 trecentas
1089 1590 1130 1660 dc
1147 1593 1294 1680 pecunia
1311 1611 1379 1660 mo-

250 1695 391 1778 morata,
411 1695 444 1758 et
461 1691 687 1777 assignabitur
704 1691 854 1778 prodicta
877 1691 1021 1779 pecunia
1039 1691 1223 1759 Wormatie
1242 1697 1277 1759 et
1295 1709 1377 1759 con-
1427 1747 1428 1770 ,

251 1787 390 1857 ducetur
423 1789 597 1858 Guntheim
626 1789 681 1864 vel
706 1787 922 1878 Oppenheim.
954 1788 995 1856 Et
1021 1789 1065 1858 ob
1091 1790 1156 1858 boc
1179 1790 1261 1858 boni
1287 1791 1378 1858 amici
1427 1848 1428 1878 ,

250 1895 348 1956 erunt
373 1894 406 1956 et
429 1887 553 1957 sacient
575 1907 649 1956 oum
667 1890 819 1958 omnibns
837 1891 951 1957 amicis
971 1889 1057 1978 suis,
1077 1906 1162 1976 quos
1181 1888 1377 1979 subdebile
1427 1879 1428 1970 ζ

249 1988 423 2055 iuramenti
441 1989 513 2056 sine
531 1989 718 2056 interventu
736 1990 878 2075 pecunie
894 1987 1018 2055 babere
1036 1993 1202 2077 poterunt,
1220 1988 1378 2056 vruedam
1427 1975 1428 1988 ¹

251 2082 394 2154 debitam
421 2093 454 2154 et
477 2093 683 2154 consuetam.
709 2087 851 2176 Insuper
874 2087 1014 2155 dicimus
1040 2093 1073 2154 et
1090 2086 1282 2156 arbitrando
1300 2106 1378 2176 pro-
1427 2085 1428 2090 ’

250 2187 450 2275 nuntiamus,
470 2185 561 2272 quod
579 2188 690 2254 omnia
706 2185 858 2273 predicta
875 2187 982 2254 iurent
998 2185 1040 2253 ab
1058 2191 1198 2274 utraque
1216 2191 1310 2276 parte
1325 2189 1376 2254 in·

249 2283 450 2352 violabiliter
482 2285 670 2352 observare.
697 2285 738 2352 Et
764 2287 953 2373 quicunque
986 2284 1050 2352 hoo
1076 2303 1211 2354 servare
1239 2287 1377 2354 noluerit
1427 2275 1428 2288 ’

250 2384 402 2470 periurus
430 2385 474 2450 sit
502 2391 534 2451 ot
559 2383 690 2452 inlamis
722 2386 756 2452 et
780 2385 1112 2452 excommunicationi
1144 2383 1270 2453 domini
1296 2403 1375 2473 pape
1427 2443 1428 2472 ,

253 2481 445 2571 subiaceat,
473 2488 507 2549 et
523 2489 636 2551 nostre
663 2501 702 2550 ae
727 2483 853 2572 imperii
871 2483 1122 2572 proscriptionis
1147 2484 1283 2552 vinculo
1311 2486 1375 2551 sive
1427 2483 1428 2554 ζ

252 2583 419 2650 sententia
445 2581 489 2648 sit
513 2584 737 2671 proscriptuS,
770 2590 802 2650 et
827 2584 975 2651 similiter
1000 2587 1154 2650 tenentes
1174 2589 1208 2652 et
1224 2581 1374 2652 foventes
1421 2604 1424 2616 ·

252 2679 391 2750 eosdem
410 2681 506 2752 simili
523 2699 610 2769 pena
628 2683 824 2772 plectantur.
843 2683 884 2750 Et
901 2681 1133 2752 nichilominus
1149 2687 1215 2750 tam
1231 2683 1374 2771 episcopi
1427 2679 1428 2772 ,

216 2826 219 2832 ·
251 2797 349 2866 quam
376 2779 431 2847 alii
456 2779 587 2852 nobiles
611 2780 747 2850 inferius
774 2781 924 2850 adnotati
952 2787 984 2849 et
1013 2783 1165 2849 civitates
1192 2780 1372 2869 subscripto
1427 2779 1428 2860 3

250 2877 430 2973 uiolatores
456 2877 543 2946 dicte
569 2881 662 2968 pacis
688 2896 756 2947 non
780 2879 904 2950 debent
927 2887 1039 2951 tenere
1065 2879 1178 2948 lovere
1198 2899 1309 2967 neque
1326 2883 1373 2947 iu·
1427 2865 1428 2884 ¹

249 2995 328 3044 vare
347 2978 470 3045 auxilio
489 2980 631 3046 oonsilio
649 2979 703 3046 vol
721 2975 836 3049 favore
846 3033 855 3068 ,
876 2979 936 3047 sed
956 2980 1051 3047 alteri
1069 2979 1153 3067 parti
1172 2987 1288 3048 contra
1308 2981 1372 3046 vio-

249 3075 373 3146 latores
392 3075 580 3149 buiusmodi
598 3076 721 3150 debent
740 3079 898 3147 assistere
917 3080 987 3146 suls
1006 3077 1130 3146 viribus
1148 3083 1305 3166 potenter
1316 3096 1372 3166 pa-

249 3173 328 3240 rr’ter
354 3179 386 3241 et
408 3181 570 3262 patenter.
596 3176 668 3244 Heo
692 3183 770 3244 sunt
793 3179 927 3250 uomina
944 3179 1073 3246 illorum
1092 3180 1148 3264 qui
1166 3177 1291 3246 debent
1308 3177 1371 3243 istis

251 3273 412 3342 assistere
432 3273 689 3343 observantibus
710 3275 916 3363 supradicta:
934 3277 1144 3348 venerabiles
1159 3274 1198 3342 H.
1214 3275 1371 3365 Spirensis

251 3377 285 3440 et
303 3425 309 3438 .
329 3425 335 3446 .
354 3371 619 3444 Wormarlensis
638 3376 806 3467 episcopi,
826 3375 957 3444 nobiles
977 3375 1052 3446 viri:
1070 3376 1106 3444 E.
1125 3375 1167 3445 de
1185 3375 1326 3460 Liningo
1343 3426 1370 3438 ..

251 3469 293 3538 de
318 3470 497 3560 Spanheim
517 3479 549 3540 et
567 3527 573 3540 .
593 3527 599 3545 .
620 3473 797 3542 Silvestres
825 3481 858 3542 et
884 3476 917 3543 C.
942 3475 1069 3542 lrsutus
1089 3478 1245 3563 comites,
1265 3474 1318 3540 lb.
1336 3471 1369 3538 de

249 3569 440 3645 Falkestein
468 3574 682 3660 numerarim,
702 3573 757 3640 Ph.
776 3573 818 3644 de
840 3571 1192 3664 HoenveIS,Wiricus
1212 3573 1254 3641 de
1272 3572 1368 3657 Dura,

251 3667 434 3738 Wernerus
459 3669 587 3762 dapifer
611 3677 643 3740 et
661 3671 715 3739 l‘h.
735 3671 851 3740 iratres
871 3673 912 3746 de
931 3672 1110 3762 Bolandia,
1131 3673 1242 3740 dilecti
1261 3671 1368 3738 fidelos

250 3769 366 3836 nostrl.
392 3769 433 3835 Et
457 3769 519 3836 beo
544 3775 622 3838 sunt
645 3773 777 3839 nomina
797 3773 979 3844 civitatum:
1006 3771 1180 3859 Maguntia
1198 3769 1369 3839 Wormatia

252 3864 348 3950 Spira
362 3873 395 3933 et
409 3863 625 3954 Oppenbeim.
640 3869 676 3942 ln
696 3888 834 3962 quorum
850 3873 993 3940 omnium
1008 3872 1232 3942 testimoninm
1250 3877 1284 3938 et
1301 3886 1368 3958 per-

250 3969 383 4050 petuam
403 3965 583 4035 drmitatem
595 3975 771 4056 presentes
790 3969 916 4037 litteras
931 3969 1051 4038 exinde
1071 3968 1245 4059 conscribi,
1265 3973 1368 4038 ettam

251 4066 368 4130 nostro
394 4063 504 4148 sigillo
530 4069 623 4152 regio
652 4087 747 4154 quam
767 4068 878 4154 sigillo
896 4067 1116 4156 predictorum
1136 4071 1366 4158 episooporum,

251 4159 444 4230 dilectorum
467 4164 647 4258 principum
671 4173 872 4258 nostrorum,
899 4167 1037 4264 lecimus
1056 4174 1090 4237 et
1107 4170 1265 4239 iussimus
1284 4163 1367 4252 sigll-
1403 4199 1408 4214 ·
