2884 4834
396 251 557 300 eorrnruus
578 252 615 298 or
636 251 807 300 unsurnexn.
1097 227 1165 295 129

30 391 193 480 venisset,
213 407 273 458 rex
290 391 323 456 in
343 391 480 479 optione
499 388 592 458 dedit
609 391 658 460 eis
677 391 751 458 tria:
778 392 831 459 vet
850 391 939 480 quod
959 411 978 460 a
998 393 1081 462 iaoie
1100 411 1162 463 soa
1183 407 1247 462 nee

1 523 2 536 κ
32 490 183 576 tugerent
204 496 238 558 et
257 507 294 558 se
320 493 353 556 in
372 490 531 558 eonoavis
557 489 776 578 municipibus
796 490 858 558 sibi
877 491 1044 562 derelictis
1062 511 1165 581 repo-

31 595 156 677 nerent,
178 589 237 657 vet
257 587 346 676 qood
365 587 534 657 oontiiotui
559 607 596 657 se
616 595 837 679 exponerent,
864 592 918 659 vel
937 591 1028 679 quod
1047 593 1165 661 saltem

1 699 2 746 ἒ
33 687 243 776 adoptatum
261 689 367 776 ipsius
386 689 477 774 regis
497 705 570 755 oum
589 705 630 756 eo
649 693 898 777 eompooerent.
926 688 1024 770 Quod
1043 697 1076 759 et
1093 691 1165 760 iao-

1 869 2 872 ,
32 797 86 854 torn
115 793 185 854 est.
222 787 453 855 Submiserunt
477 804 515 854 se
539 805 598 875 per
621 789 732 856 omnia
750 789 855 874 gratie
873 789 980 876 ipsius
998 792 1108 882 regis,
1132 798 1166 858 et

31 889 117 954 tretis
134 879 388 955 saerosanotis¹
408 889 556 954 iurarunt
573 888 687 954 venire
706 885 749 954 ad
768 888 932 956 eivitatem
944 887 1164 958 Basitiensem

1 989 2 1084 t
33 1004 125 1074 super
153 985 291 1054 fluvium
318 984 400 1054 Rani
424 986 468 1054 ad
494 993 611 1054 terram
635 987 722 1054 saeri
747 987 888 1076 imperii,
908 993 941 1054 et
958 988 1001 1055 ibi
1021 1005 1164 1076 eompo-

33 1103 101 1153 nere
121 1087 351 1174 promiserunt
364 1085 426 1153 sub
435 1085 618 1154 iuramento
628 1084 780 1174 predioto
795 1104 869 1154 enm
887 1103 968 1172 rege
983 1087 1163 1156 antedieto.

33 1181 96 1264 doe
125 1185 244 1252 omnia
269 1183 311 1251 ad
335 1182 480 1254 debitum
504 1183 665 1272 produeta
691 1182 823 1252 inerunt
846 1184 1009 1253 etieotum.
1043 1185 1164 1253 Comes

32 1289 136 1351 antem
162 1281 358 1370 Burgundio
383 1301 514 1354 omnem
539 1291 657 1352 terram
686 1284 767 1359 eius
786 1283 829 1350 ad
847 1302 964 1352 manus
982 1286 1088 1372 ipsius
1108 1304 1162 1352 re-

33 1384 195 1472 signavit,
224 1389 257 1450 et
284 1400 355 1450 eam
380 1384 544 1452 humiliter
569 1385 603 1450 in
629 1381 762 1449 feodum
790 1384 923 1470 recepit.
949 1383 1037 1451 Inter
1054 1390 1165 1452 eetera

33 1489 137 1552 notem
152 1499 215 1550 rex
228 1481 427 1574 antedictus,
448 1489 525 1550 ante
540 1500 637 1569 quam
652 1483 805 1548 tomitem
819 1482 1010 1567 Burgundio
1025 1483 1065 1552 ad
1081 1502 1165 1569 gra-

34 1584 104 1648 tiam
132 1599 231 1649 snam
255 1583 403 1669 reeipere
425 1583 528 1650 vellet
553 1588 589 1648 et
611 1597 693 1648 suos
713 1579 877 1669 sentence,
898 1581 1040 1650 nobilem
1059 1584 1164 1650 virum

35 1679 200 1748 dominum
219 1677 399 1748 Arooldum
419 1682 568 1766 militem,
587 1679 707 1746 dietum
727 1679 768 1747 de
788 1675 896 1768 Grille,
917 1698 990 1748 eum
1008 1683 1083 1770 ipso
1100 1700 1162 1750 oo-

35 1781 104 1847 nite
124 1779 320 1866 Burgundio
337 1780 536 1867 paoitioavit.
573 1779 676 1847 Cuius
704 1780 800 1846 etiam
820 1780 931 1846 militis
958 1789 1069 1848 eastra
1088 1800 1164 1848 mu-

35 1880 177 1948 nitiones
197 1885 231 1946 et
248 1879 345 1947 viltas
363 1883 437 1968 ipse
457 1897 569 1946 eomes
590 1878 718 1945 exussit
733 1883 766 1945 et
784 1877 991 1967 devastavit,
1010 1881 1053 1946 ita
1073 1879 1164 1966 quod
1206 1903 1224 1922 ⁸

35 1979 101 2065 ipse
121 1995 239 2046 eomes
257 1977 363 2048 eidem
379 1979 470 2046 militi
485 1980 545 2046 tria
559 1978 646 2044 mitia
664 1994 844 2045 marearum
863 1977 896 2043 in
914 1994 1165 2065 reeompensam

35 2077 165 2164 dampni
183 2095 244 2166 pro
262 2095 346 2164 paee
364 2077 495 2166 retudit,
517 2077 579 2144 sihi
597 2082 707 2144 eastra
725 2082 758 2142 et
774 2074 897 2163 oppida
912 2093 974 2142 soa
991 2077 1024 2143 in
1044 2083 1165 2144 statum

35 2177 204 2262 pristinum
223 2180 420 2246 restauravit
426 2200 435 2265 ;
452 2194 514 2266 pro
533 2193 599 2263 quo
618 2174 731 2242 tedere
750 2193 808 2242 rex
825 2175 1023 2244 Francorum
1040 2175 1164 2263 Philip-

35 2293 92 2362 pus
111 2274 167 2342 dei
184 2277 292 2362 gratia
311 2279 407 2345 annis
426 2275 602 2344 duodecim
621 2274 785 2342 laboravit
803 2291 866 2341 neo
884 2273 1043 2363 proieoit,
1071 2275 1162 2362 quod

35 2373 185 2442 dominus
203 2371 365 2444 Rudolius
383 2375 438 2443 dei
456 2377 562 2461 gratia
579 2372 799 2441 Romanorum
820 2391 876 2440 rex·
895 2373 1064 2461 prediatus
1078 2391 1163 2462 spa·-

36 2474 77 2540 tio
92 2471 218 2541 dierum
236 2479 312 2542 ooto
330 2475 515 2563 eomptevit.
577 2521 581 2528 -

104 2571 142 2639 lo
159 2572 373 2660 expeditione
388 2579 497 2641 autem
513 2569 680 2660 predicta,
699 2572 876 2658 ineipiente
900 2573 1046 2640 erastino
1067 2572 1164 2638 Mar-

1 2685 2 2748 }
37 2677 148 2754 garete
167 2677 201 2738 et
218 2670 358 2740 durante
378 2689 486 2759 osque
506 2671 548 2738 ad
571 2670 684 2738 seriam
705 2676 832 2738 sextam
856 2677 935 2756 post
951 2669 1061 2737 Adottr
1090 2665 1164 2758 [iuti

1 2799 2 2850 g
40 2769 80 2836 13
99 2809 142 2816 -
162 2775 247 2858 sept.
266 2768 319 2862 2],
347 2772 482 2840 earistia
503 2787 608 2837 rerum
633 2769 932 2852 inexoogitatarum
957 2787 1078 2854 magna
1104 2767 1164 2836 iuit

1 2871 2 2926 ἲ
39 2873 122 2958 orta,
140 2870 187 2936 ita
207 2867 365 2938 videlieet
384 2869 474 2957 qnod
494 2887 592 2936 unum
616 2885 714 2934 ovum
740 2869 864 2952 galline
886 2867 1086 2935 venderetur
1104 2886 1163 2955 pro

40 2983 153 3034 novem
176 2966 339 3059 denariis,
366 2968 484 3037 terrum
508 2969 584 3055 equi
607 2984 666 3054 pro
693 2965 802 3034 solido
824 2973 857 3033 et
878 2965 1080 3053 quandoque
1103 2985 1164 3054 pro

43 3066 182 3154 quinque
209 3067 344 3158 solidis,
373 3075 407 3135 et
426 3067 541 3136 olavus
567 3067 643 3152 equi
664 3083 724 3153 pro
748 3081 809 3132 sex
834 3064 998 3155 denariis,
1025 3065 1087 3141 bos
1103 3083 1164 3154 pro

45 3165 180 3252 quinque
196 3165 330 3254 solidis,
349 3185 416 3234 una
433 3172 599 3234 nummata
616 3165 712 3252 penis
730 3181 789 3250 pro
806 3164 908 3232 tribus
928 3165 1057 3251 magnis
1073 3170 1164 3232 turo-

45 3264 213 3354 nensibus,
233 3264 298 3332 due
318 3283 401 3334 oves
418 3283 477 3353 pro
494 3281 562 3332 uno
580 3281 656 3350 ovo,
676 3271 818 3350 quatuor
835 3265 926 3352 porei
942 3281 1001 3351 pro
1019 3281 1087 3330 nno
1105 3281 1165 3332 so-

45 3359 104 3428 lido
121 3369 153 3430 et
173 3363 281 3432 leotos
299 3382 358 3452 pro
373 3365 521 3452 quinque
538 3362 665 3450 solidis,
685 3380 747 3430 neo
761 3369 872 3430 tamen
888 3362 1008 3449 aliquis
1023 3363 1057 3427 in
1074 3368 1165 3427 tanta

47 3463 170 3544 penuria
189 3481 231 3529 ex
247 3470 340 3550 parte
357 3465 421 3531 ista
440 3463 567 3530 ratione
586 3459 680 3528 tarnis
699 3461 838 3549 interiit,
859 3459 919 3528 sed
939 3479 980 3528 ex
994 3465 1087 3547 parte
1103 3459 1165 3525 ad-

47 3575 133 3627 versa
153 3561 287 3650 infiniti,
306 3563 340 3628 in
359 3560 571 3650 expeditione
594 3566 702 3628 autem
721 3558 870 3647 prediota
896 3578 953 3626 rex
975 3556 1163 3626 antedictus

48 3651 205 3726 diemanie
226 3661 369 3728 militiam
386 3663 418 3728 in
435 3658 689 3747 quadringentis
713 3659 819 3726 minos
835 3656 1054 3744 quadraginta
1076 3656 1164 3723 miti-

49 3754 122 3826 tibus
138 3761 382 3848 augmentavit,
400 3758 434 3827 id
451 3765 504 3826 est
518 3775 579 3825 eos
597 3759 630 3824 in
649 3774 757 3824 novos
780 3757 899 3824 milites
918 3757 1114 3844 prooreavit.
1150 3807 1152 3814 ,

111 3855 208 3926 Anno
237 3856 361 3926 domini
394 3865 556 3945 utsupra
587 3855 727 3924 sabatho
758 3860 836 3944 post
865 3855 990 3924 Mathei
1020 3854 1164 3942 apostoli

50 3963 195 4037 regnante
233 3955 369 4025 domino
414 3954 556 4026 Rudolto
597 3953 747 4043 predicto
790 3959 875 4021 terre
912 3961 1021 4022 motus
1057 3952 1165 4020 iaetus

51 4058 93 4117 est
115 4073 255 4141 magnos
279 4057 312 4122 in
346 4056 479 4123 eivitate
509 4052 767 4140 Argentinensi,
802 4054 847 4120 na
874 4052 963 4140 quod
989 4053 1165 4140 columpne

50 4152 145 4240 templi
169 4171 227 4241 pre
259 4156 359 4221 nimio
387 4156 510 4241 impetu
541 4159 626 4220 terre
662 4150 852 4219 viderentur
888 4153 1028 4241 moveri,
1068 4157 1101 4216 et
1132 4151 1165 4215 in

74 4259 99 4322 t)
116 4262 230 4315 nimiietr
248 4263 382 4334 reliquiis.

72 4352 199 4401 eorumne
217 4360 330 4403 rourns
350 4363 373 4406 u.
952 4348 967 4400 9
