2886 4834
382 225 514 274 anstais
535 225 782 274 nnormnrnsrs.
1079 197 1147 266 107

24 369 49 434 in
63 363 164 452 ltalia,
182 367 219 431 ot
239 377 315 432 eun
332 359 446 452 aliquo
456 369 607 453 ternpore
621 365 801 433 mansisset
811 362 944 454 ibidem,
963 363 1051 432 titius
1065 381 1147 434 suus
1167 371 1233 428 taor

26 463 186 532 Heinrieus
213 479 277 530 rex
294 463 377 551 patri
399 479 463 531 sno
481 481 519 532 se
538 464 704 551 opposuit.
733 461 920 532 driderions
944 480 1099 532 reversus
1116 464 1151 530 in

26 561 249 631 Alemanniam
274 563 361 629 eirea
387 559 507 629 testum
533 561 699 630 iohannis
717 561 879 650 baptiste,
898 562 999 628 filiurn
1015 561 1151 630 Heinri-

24 680 82 730 enn
95 661 293 750 captivavit,
312 667 345 728 et
362 677 438 728 enm
455 662 489 728 in
504 657 1065 748 Apuliamtransmisitvinoulatunr.
1082 659 1150 728 lhi-

24 777 74 848 qne
91 759 124 826 in
143 760 344 847 captivitate
362 765 509 828 mortuus
530 767 582 828 est
600 765 631 828 et
650 760 811 848 sepultus

82 857 183 925 Anno
203 857 332 926 donini
350 861 563 926 nooxxxri.
582 859 758 946 inperator
775 864 810 926 ot
826 859 1006 948 episeopus
1016 853 1151 945 Argen-

25 958 149 1026 theosis
168 957 266 1026 oiroa
282 957 408 1024 initiurn
433 955 689 1044 quadragesime
706 957 844 1046 panitiae
862 964 1091 1026 oonvenerunt
1108 956 1151 1024 do

25 1055 125 1144 feodo,
154 1073 266 1144 snper
293 1073 359 1144 quo
384 1057 474 1144 prius
500 1055 604 1142 longo
630 1061 778 1145 tenpore
795 1057 881 1124 inter
899 1073 959 1124 eos
979 1057 1149 1124 eontentio

24 1153 211 1223 vertebatur.

83 1253 214 1320 Eodem
235 1259 386 1342 tempore
399 1251 488 1342 opud
501 1252 670 1322 Fotdense
683 1253 1150 1341 monasterinmJndeiqnos-

27 1349 87 1419 dan
108 1369 242 1440 pueros
270 1351 478 1420 Christianos
503 1353 538 1420 in
563 1351 708 1439 qnodanr
733 1353 943 1442 molendino,
969 1359 1007 1420 ut
1031 1370 1075 1420 ex
1099 1353 1149 1420 eis

26 1452 210 1536 sanguinent
233 1451 394 1520 elicerent
411 1449 453 1518 ad
470 1470 567 1520 suun
584 1450 779 1544 remedium,
797 1458 1019 1540 peremerunt.
1052 1450 1150 1519 Unde

28 1550 103 1616 eires
133 1549 299 1617 eiusdem·
320 1551 461 1618 civitatis
487 1551 609 1618 multos
635 1568 678 1618 ex
701 1549 817 1618 iudeis
843 1551 1046 1620 oeciderunt.
1082 1548 1150 1618 Sed

28 1665 86 1713 ean
102 1665 289 1734 puerorum
309 1667 449 1737 oorpora
466 1649 500 1717 in
519 1655 662 1718 castrum
680 1648 878 1736 Hagenowe
893 1649 1015 1737 delata,
1034 1655 1068 1716 et
1084 1648 1151 1716 ihi-

30 1745 89 1813 dem
104 1747 346 1816 venerahititer
364 1749 521 1816 tumulata
537 1747 695 1816 tuissent:
714 1750 894 1836 imperator
908 1748 1080 1817 tumultun
1094 1749 1150 1834 (pri

30 1851 92 1910 tune
107 1852 229 1913 eontra
248 1846 378 1914 Judeos
397 1853 489 1915 ortus
508 1853 561 1915 est
578 1847 673 1914 aliter
690 1847 809 1916 sedare
827 1865 895 1918 non
913 1847 1046 1936 valens,
1064 1845 1150 1914 rnul-

32 1949 71 2010 tos
91 1945 181 2013 viros
208 1951 369 2034 potentes
392 1963 536 2032 magnos
562 1952 596 2013 et
612 1947 763 2015 literatos
782 1964 824 2014 en
842 1945 985 2014 diversis
1002 1945 1149 2033 partibus

30 2059 228 2134 convocans,
256 2043 433 2130 diligenter
450 2064 470 2113 a
489 2043 695 2132 sapientibus
716 2046 904 2135 inquisivit,
929 2050 1038 2112 utrum
1063 2044 1151 2112 siout

31 2139 101 2207 tana
126 2144 317 2210 oonrrnnnis
340 2143 440 2211 hahet
457 2142 556 2211 Jndei
579 2143 798 2212 Christianum
816 2145 1015 2230 sanguinein
1033 2144 1066 2209 in
1083 2161 1150 2230 pa-

32 2254 154 2308 raseeve
172 2243 404 2310 necessarium
421 2241 599 2330 haherent;
618 2243 752 2310 tirmiter
767 2260 977 2331 proponens,
997 2243 1026 2310 si
1038 2241 1103 2310 hoe
1119 2241 1151 2308 ei

34 2336 156 2406 devera
182 2347 371 2430 constaret,
398 2342 575 2410 universos
600 2343 727 2430 inperii
754 2343 807 2410 sni
823 2341 953 2410 Judeos
971 2340 1042 2409 sore
1059 2341 1150 2428 peri-

33 2437 166 2505 nendos.
193 2438 320 2508 Vernnr
348 2441 425 2526 qnia
449 2439 529 2506 nihil
553 2441 632 2508 oerti
651 2457 752 2528 super
768 2441 833 2508 hoe
850 2441 992 2529 experiri
1008 2443 1150 2528 poterat,

34 2537 177 2604 severitas
188 2539 370 2627 inperialis
383 2540 557 2629 propositi,
576 2545 715 2627 aeaepta
728 2545 838 2608 tannen
857 2558 876 2607 a
894 2538 1011 2608 Judeis
1028 2555 1152 2624 magno

33 2636 172 2723 peronia,
192 2639 369 2724 aequievit.

10 2759 12 2788 >
94 2730 189 2803 Anno
215 2735 340 2804 donini
366 2737 592 2804 rneonxnrii.
622 2737 799 2824 imperator
829 2736 999 2825 protectus
1035 2735 1151 2802 estin

36 2825 186 2900 histriam
196 2889 206 2926 ,
225 2837 280 2904 oui
297 2835 530 2903 ministeriales
549 2835 644 2902 duois
654 2835 851 2905 demarchis
869 2835 1009 2905 Stirensi
1027 2851 1065 2901 se
1083 2839 1152 2900 tra-

39 2925 188 2999 diderunt:
221 2933 305 3002 Inde
337 2935 429 3001 venit
459 2932 502 3001 ad
527 2935 693 3002 civitatem
718 2933 881 3026 Wienne,
913 2951 979 3021 qne
1004 2933 1153 3001 similiter
1210 2961 1214 2968 ·

13 3111 20 3120 .
39 3025 125 3112 ipsius
143 3029 292 3101 dorninio
312 3051 349 3101 se
369 3031 518 3100 subterit.
536 3032 599 3101 Ubi
617 3037 714 3101 etiarn
727 3032 913 3102 Conradurn
926 3033 1027 3100 tilium
1045 3049 1151 3119 suunt,

42 3123 73 3191 de
93 3146 193 3198 uxore
220 3132 440 3200 transmarina
460 3132 624 3221 genitnnr,
644 3132 723 3218 eligi
741 3132 818 3200 iecit
834 3135 870 3201 in
886 3149 1011 3218 regem.
1046 3129 1151 3210 erern

41 3223 196 3310 elegerunt
222 3230 496 3319 arehiepiscopus
515 3230 735 3316 Mogontinus
755 3237 788 3300 et
805 3231 1024 3300 Treverensis
1042 3235 1076 3297 et
1092 3247 1152 3298 rex

43 3320 180 3395 Bohenio
198 3335 233 3396 et
251 3328 478 3418 duxBavarie,
490 3329 545 3414 qui
564 3337 598 3396 et
613 3329 782 3399 Palatinas
802 3347 915 3400 coines
933 3327 1048 3417 Rheni,
1067 3345 1150 3396 oon-

43 3425 243 3495 sentientihns
263 3429 383 3496 ceteris
403 3428 458 3514 qni
476 3425 631 3518 oderant,
649 3434 759 3496 tanen
776 3431 901 3518 paneis.
918 3427 960 3496 Et
976 3427 1091 3495 relicto
1106 3425 1151 3494 ihi

44 3522 167 3602 presidio
185 3527 338 3614 militurn,
358 3525 513 3594 rediitad
532 3531 643 3614 partes
661 3525 774 3596 Rheni.
1286 3523 1289 3528 ’

100 3617 192 3692 Anno
211 3625 335 3694 domini
358 3627 593 3693 noennxniii.
610 3625 786 3695 Heinrieus
805 3643 919 3695 eonres
936 3623 1149 3713 provinoialis

45 3711 150 3789 hisatio
174 3723 345 3792 decedens
371 3725 443 3792 sine
467 3723 607 3815 herede,
635 3723 735 3793 seoda
760 3725 899 3815 plurima
924 3741 989 3812 que
1015 3721 1152 3790 tenebat

46 3811 76 3878 ab
96 3817 223 3908 inperio
251 3830 285 3891 et
308 3825 505 3912 episcopatu
532 3828 566 3891 et
583 3824 624 3891 ah
644 3825 715 3894 aliis
734 3824 775 3893 od
794 3823 974 3893 dominium
992 3839 1052 3891 sue
1070 3839 1151 3910 pro-

47 3913 171 3995 prietatis
189 3928 267 3990 sunt
284 3929 458 4011 revocata,
478 3923 555 4009 quia
579 3921 679 3992 trater
697 3925 769 3992 eins
786 3925 820 3991 in
838 3924 923 4012 ipsis
942 3921 1052 3991 feodis
1070 3920 1151 3988 nihil

48 4010 109 4082 iuris
125 4017 282 4111 habehat,
309 4028 342 4089 et
367 4021 463 4089 uxori
490 4022 562 4090 eius
581 4021 661 4090 nihil
678 4023 767 4091 aliud
786 4023 944 4092 remansit
960 4021 1025 4089 nisi
1042 4037 1152 4109 panea

47 4113 140 4280 ,epple
164 4137 228 4208 que
255 4119 403 4190 eiusdonr
428 4125 530 4188 erant.
562 4117 635 4202 Quo
660 4120 770 4211 pauoo
790 4127 938 4211 tempore
956 4125 1035 4210 post
1052 4121 1151 4188 enixo

128 4233 195 4285 ron.
