2916 4834
351 319 354 324 .
427 277 554 324 nunnius
576 277 801 325 couurnruusue
1137 253 1180 320 13

33 415 105 482 lites
123 413 284 505 desisset,
299 420 333 482 et
351 416 400 483 eis
417 419 530 483 vestes
550 421 583 484 et
600 415 688 484 dona
703 417 839 504 plurime
858 403 1005 486 dedisse.
1032 417 1175 488 Dastru-
1197 417 1264 472 ¹2⁷⁸

34 519 115 580 etum
138 511 209 580 tuit
232 513 403 600 zeringen
428 515 559 582 noviter
578 512 784 604 edificatum,
809 523 842 583 et
861 517 957 583 turris
974 533 1078 605 prope
1100 518 1179 586 Bri-

35 628 168 700 saoum,
196 619 234 679 et
265 611 426 680 Colibero.
458 611 577 681 Comes
602 613 711 698 Dgino
737 613 779 682 de
821 613 956 682 Friburo
985 615 1113 684 nivibus
1136 615 1179 684 de

35 709 224 778 Odenburo
264 727 371 798 equos
404 712 522 797 viginti
555 729 659 799 prope
688 719 815 800 portam
850 713 991 780 eivitatis
1024 713 1177 800 abstulit5

35 811 122 876 nives
139 815 263 876 autem
279 815 523 898 persequentes
539 812 714 896 congressi
735 817 813 878 sunt
830 828 903 878 oum
918 829 970 901 eo,
982 817 1016 880 et
1031 819 1179 882 snutra-

36 926 95 993 que
126 914 235 995 parte
259 909 372 997 plures
397 909 534 976 vulnera
562 915 770 997 aeceperunt.
815 909 935 977 Comes
961 909 1179 980 Phirreturum

36 1007 117 1093 oepit
136 1007 304 1075 abbatem
318 1007 361 1076 de
382 1007 544 1076 Luxovio.
572 1008 759 1096 Episcopus
775 1005 1032 1094 Argentinensis
1049 1008 1178 1079 fossato

37 1104 145 1172 divisit
174 1124 305 1174 novum
331 1113 473 1174 oestrum
501 1106 543 1173 ab
568 1109 703 1194 antiquo
728 1109 760 1174 in
785 1107 863 1176 villa
884 1107 1104 1178 Rubeaoensi.
1139 1109 1177 1176 ln

37 1202 208 1271 Corinthia
221 1207 404 1295 provincia,
422 1223 486 1292 que
504 1207 568 1272 sita
586 1204 704 1273 dioitur
716 1204 804 1294 apud
817 1201 995 1295 Austrium,
1015 1212 1106 1275 tanta
1122 1205 1177 1275 sa-

37 1319 101 1369 nes
129 1304 260 1392 extitit,
282 1303 371 1391 quod
393 1304 544 1372 homines
561 1321 678 1373 earnes
707 1304 868 1372 humanus
898 1303 1113 1374 comederent
1145 1314 1179 1374 et

36 1399 115 1467 ieme
130 1401 273 1488 plurimi
286 1403 440 1490 perirent.
1080 1409 1083 1416 ⁴

1 1536 2 1565 1
104 1498 361 1568 Meelxnviiii.
403 1501 476 1569 Hoo
510 1519 599 1570 anno
625 1501 778 1570 dominus
811 1500 952 1571 Siiridus
987 1502 1096 1571 dietus
1132 1502 1174 1571 de

37 1597 298 1666 Gundoitzbeim
317 1601 409 1668 venit
427 1599 468 1667 de
492 1599 627 1668 domino
643 1599 787 1669 Rudolio
811 1618 892 1686 roge
917 1602 972 1688 qui
987 1608 1075 1670 tuno
1090 1607 1179 1670 tern-

38 1697 123 1782 poris
144 1698 263 1765 extitit
280 1698 315 1764 in
329 1697 491 1789 Wienna‚
515 1699 693 1786 retulitque
715 1697 758 1767 de
781 1715 823 1768 eo
837 1715 999 1788 prospera
1016 1718 1088 1768 oum
1105 1698 1178 1768 ior·-

39 1800 122 1864 tuna.
151 1795 332 1864 Seultetus
353 1796 407 1864 bio
432 1796 574 1866 Siiridus
600 1797 767 1866 editioavit
792 1803 932 1866 oastrum
957 1799 991 1865 in
1016 1797 1180 1867 Hohenao

39 1895 68 1959 in
89 1896 249 1962 crastino
265 1894 514 1984 purificet-ionis,
533 1912 614 1982 rege
628 1894 771 1964 Rudolio
791 1896 1001 1984 permittente
1008 1917 1017 1984 ;
1037 1901 1071 1964 et
1083 1898 1180 1966 tertia

38 1990 86 2058 die
107 1990 223 2060 iraota
241 1999 294 2060 est
311 1991 631 2062 columbariensium
649 1995 764 2063 melior
781 2011 1023 2082 oampanarum.
1050 1993 1178 2063 Eodem

39 2095 188 2178 tempore
205 2091 336 2179 papulis
356 2091 452 2160 litera
476 2093 621 2160 venitin
639 2091 899 2181 columbarium,
919 2094 952 2160 in
975 2111 1042 2180 qua
1064 2095 1177 2162 eonti-

38 2188 189 2279 nebatur‚
207 2189 299 2276 quod
314 2189 451 2258 deberet
467 2191 604 2279 perirdis
621 2189 738 2259 Judeis
756 2192 845 2279 prior
858 2191 1176 2279 provinoialisTeu-

40 2289 127 2354 tonie
156 2305 235 2356 oum
262 2287 412 2358 iratribus
436 2291 506 2356 suis
534 2289 730 2358 ostholioam
758 2289 855 2357 fidem
882 2289 1064 2378 predioare.
1096 2290 1178 2358 Post

39 2387 143 2453 saneti
166 2385 298 2454 Matbie
326 2387 408 2474 [feb.
435 2387 499 2474 2d]
527 2389 619 2456 venit
642 2386 826 2456 advooatus
849 2384 978 2456 Alsatie
1002 2388 1175 2462 Conradus

40 2483 249 2553 Wernberus
264 2483 305 2552 de
323 2503 403 2570 rege
422 2487 478 2572 qui
500 2493 580 2554 tune
597 2487 756 2573 temporis
772 2485 960 2554 morabatur
975 2487 1009 2554 in
1020 2486 1175 2554 Wienna.

40 2580 203 2651 Dominus
227 2581 270 2650 de
292 2581 518 2671 Rapoltzstein
548 2591 692 2653 oestrum
721 2583 883 2652 Hebenao
905 2591 937 2651 et
965 2584 1176 2652 Minnewiler

42 2683 196 2766 cognatis
215 2681 287 2748 suis
302 2681 437 2750 abstulit
453 2681 687 2771 fraudulenter,
703 2685 737 2750 et
750 2681 783 2748 in
803 2681 1043 2750 Columbariam
1060 2686 1176 2750 trans-

42 2776 173 2846 ferebat.
205 2778 368 2864 Magister
393 2779 590 2866 Rudegerus
617 2780 659 2848 de
682 2779 859 2848 Consboim
889 2781 1078 2868 prepositus
1105 2778 1175 2848 Co-

43 2875 291 2966 lumbariensis,
308 2879 357 2945 vir
371 2877 493 2946 divitiis
508 2885 542 2946 et
559 2880 698 2948 seientia
714 2877 834 2968 elanus
854 2878 936 2947 obiit
953 2879 1040 2946 eirea
1055 2879 1176 2946 testum

44 2977 143 3042 saneti
170 2975 327 3061 Gregorii
346 2995 443 3064 pape.
475 2976 667 3045 Lantsridus
693 2976 735 3044 ds
762 2975 968 3065 Landispero
992 2975 1179 3046 suffooutus

46 3070 100 3139 iuit
120 3075 153 3140 in
179 3080 349 3142 tormento
375 3071 558 3168 Argentine
582 3076 616 3142 in
641 3075 869 3144 anniversario
891 3075 1086 3163 patrissui,
1119 3075 1179 3161 qui

46 3167 99 3236 tuit
121 3173 154 3238 in
185 3171 383 3258 precedenti
411 3175 578 3242 tricesimo
611 3191 699 3240 anno
721 3175 755 3240 in
782 3174 898 3241 eudem
923 3174 1055 3240 civitate
1082 3178 1115 3239 et
1140 3173 1178 3239 in

47 3267 155 3336 eodem
173 3269 230 3336 die
249 3269 428 3338 hastiludio
447 3269 640 3338 interfectus
658 3289 678 3339 a
693 3273 811 3340 eomite
826 3271 1049 3356 Friburgeusi.
1074 3270 1175 3338 Filius

47 3369 126 3452 regis
136 3367 273 3436 Rudolsr
283 3369 387 3436 maior
398 3371 530 3437 venitin
542 3369 729 3438 Ensisbeim
745 3370 814 3437 miii
825 3369 888 3438 kal.
906 3370 987 3436 iunii
1005 3369 1087 3455 [mai
1100 3367 1174 3456 19],

49 3468 308 3551 convocavitque
326 3467 486 3536 souitetos
504 3469 658 3556 enitatis,
671 3474 704 3536 et
721 3467 918 3536 deliberavit
933 3484 1004 3534 oum
1020 3467 1070 3534 eis
1085 3481 1175 3551 quo-

50 3563 136 3631 modo
150 3566 239 3652 putri
266 3581 329 3632 suo
349 3565 468 3632 milites
487 3567 654 3634 mitterent
668 3565 703 3634 in
721 3566 819 3634 armis
834 3569 1042 3653 preparatus.
1079 3561 1174 3630 Con-

51 3659 136 3728 radus
169 3661 213 3729 de
246 3661 464 3730 Liobtenberu
502 3665 682 3752 episeopus
714 3661 971 3749 Argentinensis
1002 3660 1175 3728 castellum

52 3753 174 3826 iurieo¹
198 3777 260 3847 per
276 3761 394 3844 ignem.
408 3759 581 3852 destruxit,
598 3767 631 3830 et
653 3777 693 3829 ea
711 3779 775 3848 que
792 3762 826 3828 in
849 3777 891 3828 eo
914 3760 1035 3848 reperit
1048 3758 1175 3847 depor-

6 3927 9 3936 ,
53 3859 128 3923 tavit.
156 3857 322 3924 Dominus
337 3857 379 3925 de
396 3859 657 3948 Gemino-ponte
672 3859 844 3927 castellum
859 3859 1026 3946 proprium
1041 3858 1175 3926 nomine

54 3949 235 4040 topinbeim
251 3956 435 4042 perignem
458 3956 652 4026 devastavit.
679 3955 857 4024 Abbatissa
874 3955 917 4024 de
938 3961 1056 4024 saneta
1068 3955 1175 4024 Crueo

55 4049 122 4118 obiit
142 4059 263 4121 oetuvo
279 4053 353 4120 idus
370 4055 461 4122 iunii.
486 4055 588 4123 Filius
604 4053 733 4124 Rudoisr
759 4056 850 4140 regis
871 4055 1098 4122 Turioensium
1123 4059 1175 4122 est

54 4164 163 4230 peoora
184 4150 396 4239 depredatus.
434 4153 621 4242 Episoopus
646 4153 842 4222 Basilionsis
867 4154 956 4220 venit
978 4151 1020 4220 de
1039 4149 1176 4220 nustria

83 4266 110 4328 t)
127 4263 241 4320 Dorieon
260 4265 303 4320 bei
322 4266 457 4322 Oarisrub.
850 4273 852 4280 “
